3967 5967
219 487 279 540 5³ss
756 479 898 541 ΣΧΟΔΙΑ
920 481 985 541 ΕΙΣ
1005 482 1282 545 ΔΗΜΟΣΘΕΠΗΝ.

216 631 278 670 των.
314 612 411 683 διέσυρε
434 610 477 683 μίν
495 610 537 665 καί
556 610 581 665 δν
596 608 658 684 αύτῇ
675 611 783 685 τήθίσει
800 609 846 678 τὴν
866 610 998 681 ἀντίθεσιν,
1030 632 1043 665 ¹.
1082 615 1131 681 15,
1146 620 1191 680 νίς.
1212 617 1274 680 Τοῖς
1290 616 1381 690 ξίνοις]
1402 617 1449 672 Ιίαί
1468 618 1516 692 γάρ
1535 618 1564 674 οδ
1579 623 1655 693 μόνον
1673 623 1824 698 Μακεδόσιν,

217 694 292 748 ιίπδν
305 692 338 756 ῶς
351 692 395 745 οθκ
414 691 531 763 εύτριπῶς
545 690 598 762 ίχει
611 691 642 746 τά
663 692 796 764 πράγματα
815 690 951 765 Φιλίππῳ,
966 693 1000 755 ὣς
1043 693 1110 747 ἀλλά
1122 696 1164 749 καί
1177 695 1251 759 ξένοις
1263 698 1354 771 ἐχρῆτο
1365 699 1424 771 πρός
1434 697 1479 767 τὴν
1496 704 1632 773 στρατείαν.
1651 707 1682 761 Ρ.

215 773 313 843 ρήσειεν
334 771 364 825 όν
381 790 416 834 τις
430 769 463 842 μὴ
480 776 577 826 σκοπῶν
592 771 714 855 γάκριόῶς,
733 770 815 833 διδοίνς
838 770 882 844 μίν
904 771 931 826 ίκ
950 778 1000 826 τῶν
1081 777 1186 841 15,15.
1208 775 1282 830 ’λλλά
1302 777 1351 851 μὴν
1370 782 1413 834 τόν
1427 800 1457 852 γε
1471 782 1583 855 Παίονα]
1601 784 1683 848 Δείξας
1700 787 1775 842 οὗτοι,
1795 792 1825 846 τ’,

218 850 304 913 ἔξωθεν
324 850 459 922 φαντασίαν
479 848 579 921 ίσχυρδν
598 848 665 904 ιίναι
685 851 728 904 τδν
744 849 879 915 Φίλιππον,
900 849 943 902 ίνα
965 848 1000 922 μὴ
1044 852 1141 917 ἀσθενὲς
1154 855 1203 910 ἀπδ
1212 862 1261 910 τῶν
1277 854 1418 926 Ἑλλήνων,
1436 860 1550 931 βούλεται
1560 863 1602 915 καὶ
1612 861 1660 917 ἀπδ
1671 871 1720 919 τῶν
1733 868 1825 938 βαρύά.

216 930 342 991 παντελῶς
361 929 533 1000 ἀναισχυντεῖν
550 931 612 1005 δοκή
625 929 706 1001 λίγων
721 928 792 991 εδθίις
802 928 888 996 ἀσθενῆ
900 930 942 982 καί
959 949 1001 984 τα·
1044 950 1093 1000 ρων
1108 933 1137 986 τό
1151 935 1237 1005 όμοιον
1253 932 1411 1005 ἐργάσασθαι.
1449 937 1497 992 Καί
1514 939 1546 991 δι’
1559 938 1825 1010 αύεῆςδὲτῆςλςξςως

215 1008 309 1073 πτινδν,
320 1006 388 1078 άγων
402 1006 429 1060 δί
437 1007 523 1069 αύτούς
536 1008 589 1060 κατ’
601 1007 688 1078 όλίγον
703 1006 736 1070 είς
748 1007 870 1080 ίπίσκεψιν
879 1011 922 1074 τῆς
931 1008 1002 1061 δυνά·
1044 1010 1155 1078 ηύτίλισε
1169 1011 1214 1080 τήν
1233 1015 1352 1087 δύναμιν·
1375 1016 1404 1069 ού
1422 1017 1471 1089 γάρ
1485 1016 1540 1072 είπε
1562 1019 1746 1089 πληθυντικῶς,
1766 1024 1825 1078 ἀλλ’

216 1107 293 1161 μεως,
311 1087 354 1139 ἵνα
368 1086 433 1160 λάύῃ
445 1087 530 1158 καιρίαν
544 1091 588 1140 τοῦ
602 1087 694 1159 σαθρόν
711 1086 837 1149 ἀποδεῖξαι
856 1086 901 1154 τὴν
914 1088 999 1160 ῥώμην
1045 1090 1127 1154 ἑνικῶς
1141 1092 1236 1147 Παίονα
1254 1094 1296 1147 καί
1318 1093 1450 1168 ’ίλλνριόν
1469 1098 1572 1154 BTCV.

215 1173 260 1224 τοῦ
278 1168 434 1235 Μακεδόνος,
447 1169 565 1239 κίχρηται
582 1167 666 1240 πολλῇ
677 1168 717 1239 βίᾳ
736 1169 799 1222 κατὰ
814 1167 860 1235 τήν
876 1168 947 1222 λύσιν
957 1172 1001 1236 τῆς
1082 1172 1124 1235 15,
1140 1176 1185 1226 26.
1199 1171 1430 1243 Αύτονόμονςήδιον
1444 1175 1474 1227 ἀν
1486 1175 1528 1227 καί
1540 1174 1693 1250 ἐλευθέρους]
1705 1177 1756 1246 Τήν
1772 1180 1824 1236 zm-

215 1250 370 1312 ἀντιθέσεως.
405 1249 535 1319 Λιγόντων
553 1247 602 1321 γάρ
615 1255 664 1301 τῶν
683 1247 812 1316 Ἀθηναίων
831 1250 870 1303 ότι
889 1249 999 1320 πόλεμον
1045 1250 1133 1321 θυμίαν
1145 1251 1224 1307 αύτῶν
1239 1252 1359 1316 ἀπόδειξιν
1380 1254 1487 1326 αύτάρκη
1502 1258 1596 1328 νομίζει
1611 1262 1655 1311 τοῦ
1672 1260 1731 1330 πρὸς
1750 1261 1825 1316 αύτίνν

215 1326 259 1382 θῦῑ
273 1330 302 1381 ἂν
323 1325 436 1397 ίίίίῑίίῑ
453 1326 496 1379 τί*
513 1327 571 1397 πρὸ(
587 1326 643 1387 τοὺς
660 1325 816 1393 Ὀλυνθίους»
835 1325 857 1380 ίί
871 1325 904 1399 μθ
918 1326 1000 1390 καλῶς
1044 1330 1156 1395 mma
1168 1332 1246 1404 ἔχειν.
1286 1332 1356 1388 Ἰδὼν
1375 1335 1402 1389 δί
1416 1336 1475 1407 πρός
1487 1341 1565 1391 ταῦτα
1584 1339 1717 1410 φερόμενον
1732 1339 1825 1396 ἀντιπῖ·

215 1406 285 1480 affl
302 1407 368 1479 αὖθί)
385 1405 416 1460 τὰ
433 1407 565 1477 πίίίθθῐα
581 1405 644 1459 κατὰ
657 1403 701 1471 τὴν
716 1404 807 1478 ἀρχὴν.
828 1405 899 1468 αὖτίς
917 1406 1001 1477 βιαίως
1046 1429 1107 1463 mov
1120 1412 1159 1465 ότι
1169 1413 1261 1466 πολλοὶ
1271 1414 1313 1467 καί
1324 1414 1390 1485 παρὰ
1400 1416 1527 1482 συνήθειαν
1538 1417 1702 1482 δουλωθίντες
1712 1418 1825 1492 ἔστερξαν

215 1488 369 1560 ἀντιστρύίγας
386 1485 482 1553 ἔλυσεν,
501 1487 540 1540 ότι
552 1484 596 1540 ούκ
608 1487 637 1539 ἀν
656 1485 769 1558 ίξήνεγκε
780 1487 823 1540 τόν
836 1487 958 1558 πόλεμον,
979 1485 1001 1540 εί
1044 1489 1085 1541 καί
1098 1490 1190 1561 βίῦαιοι
1204 1496 1257 1555 τοῖς
1270 1498 1398 1564 κρατοῦσιν
1412 1493 1523 1566 ίμειναν,
1536 1495 1563 1549 ἐκ
1576 1501 1620 1551 τοῦ
1634 1498 1760 1553 Φιλίππου
1769 1503 1825 1572 πρό.

214 1570 393 1642 προσεδόκησεν
411 1566 477 1639 αύτῷ
494 1568 576 1638 μάχης
592 1566 634 1621 καί
647 1565 743 1637 ἀγῶνος
762 1566 872 1635 δεήσειν·
895 1567 939 1621 ούκ
952 1566 1001 1639 ἀρα
1045 1588 1091 1622 που
1103 1570 1132 1624 τό
1144 1570 1270 1644 ύρορμοῦν
1282 1572 1378 1627 ἔλυσεν.
1419 1573 1824 1653 ἽΈρῑσῒῆςΥᾶθνθθσῖίνύᾶιιίρ·

215 1651 296 1712 καλῶς
313 1648 380 1720 αύτῷ
392 1647 581 1700 κατεσκεύασται
599 1645 630 1699 τὰ
641 1647 782 1717 πράγματα.
820 1646 1000 1718 Παραδόξουδί
1044 1647 1085 1710 Τίς
1097 1650 1120 1701 δ’
1137 1652 1166 1703 ἀν
1183 1657 1232 1705 τῶν
1245 1651 1359 1719 ὑπηκόων
1372 1657 1484 1708 τοιοῦτον
1497 1654 1608 1726 άρχοντα
1620 1656 1750 1728 στίρξειινς
1766 1656 1825 1727 εἶτ’,

214 1732 287 1799 ούσης
298 1733 341 1797 τῆς
349 1728 441 1800 ρύσεως
454 1728 492 1780 ότι
504 1726 544 1780 ἐπί
551 1725 661 1797 πόλεμον
675 1729 793 1780 τοσοῦτον
806 1726 872 1790 ἐξιὼν
885 1726 913 1780 ού
926 1748 1000 1799 προσ·
1044 1727 1126 1795 ἐπειδὴ
1146 1731 1188 1784 καί
1206 1736 1278 1786 τοῦτο
1292 1732 1396 1800 ἄδηλον,
1412 1733 1433 1787 εί
1452 1740 1561 1797 τοιοῦτος
1573 1735 1588 1789 ό
1604 1736 1745 1803 Φίλιππος,
1761 1741 1827 1809 όρκω

215 1814 288 1868 ‘⁵⁶²⁰‘
308 1809 478 1883 θθθεσίθν
498 1806 542 1874 τί
558 1807 685 1878 ίθαιῑίί
707 1806 781 1875 αὖτύι
794 1806 818 1869 ἔξ
838 1807 999 1877 ἕθῡιεέπνί·
1044 1807 1073 1860 τὸ
1092 1807 1320 1883 ἀναισθητοῦντι
1344 1812 1510 1881 ἐπιστώσατο,
1531 1837 1542 1865 ·
1568 1809 1624 1880 καὶ.
1641 1816 1675 1888 με
1688 1818 1737 1883 ιι.
1757 1795 1827 1874 οοοέ.

215 1912 285 1949 σατο,
324 1889 467 1962 Προσεδόκα
480 1887 529 1960 γὰρ
543 1887 627 1958 ὲρόδου
642 1889 718 1959 μόνης
732 1886 798 1961 αύτῷ
812 1888 906 1956 δεήσειν
919 1890 1000 1962 ῶσπερ
1044 1888 1146 1943 ἄπιστον
1166 1888 1233 1954 ἴσως.
1254 1914 1265 1943 κ
1283 1891 1358 1960 Καίή
1374 1893 1502 1947 τελευταία
1518 1898 1561 1947 τοῦ
1580 1894 1727 1966 δνδοιαομοῦ
1750 1917 1825 1969 προσ.

215 1973 255 2029 ίπί
267 1979 316 2027 τῶι
329 1971 424 2025 ἄλλων.
439 1970 515 2024 HRS.
855 2026 857 2029 ,
1046 1966 1108 2035 θήκη
1130 1967 1172 2020 καί
1189 1975 1224 2042 τῷ
1241 1970 1324 2042 ῥήτορι
1343 1969 1389 2037 τὴν
1403 1971 1527 2043 ἐπιορκίαν
1548 1972 1687 2042 διορθοῦται
1709 1974 1750 2026 καὶ
1770 1977 1827 2039 τυὶνς

253 2054 301 2118 ¹5,
318 2055 343 2108 8.
362 2050 425 2104 θῧῐῑ
442 2047 491 2121 γὰρ
506 2049 539 2110 ὥς
558 2049 643 2117 δοκεῖ]
660 2047 707 2119 σύγ,
725 2046 802 2110 οὕτως
818 2046 884 2121 αύτῷ
898 2047 952 2120 ἔχει
968 2049 1000 2102 τά
1047 2044 1180 2110 ἀκούοντας
1198 2052 1302 2121 παράγει
1321 2049 1355 2123 μή
1375 2053 1470 2123 ταχέως
1483 2053 1586 2122 συνορᾶν
1603 2051 1750 2123 δυναμένους
1760 2055 1785 2108 τί
1797 2056 1827 2110 τὸ

214 2137 347 2209 πράγματα
358 2130 490 2202 εύτρεπῶς,
504 2128 649 2191 οδδὲῶςτις
658 2129 753 2200 νομίζει
762 2127 893 2182 κάλλιστα.
903 2130 984 2183 TCV.
1048 2123 1106 2189 ίσως
1121 2128 1235 2198 βούλεται
1255 2135 1290 2203 τῷ
1303 2129 1397 2203 ῥήτορι.
1434 2131 1478 2184 Διό
1494 2130 1536 2184 καί
1556 2131 1671 2193 δεδοικὼς
1690 2134 1827 2200 καθολικῶς

253 2217 299 2279 15,
318 2232 359 2269 ιο.
378 2211 415 2264 Τά
426 2211 554 2282 παρόντα]
569 2207 646 2280 ἥγονν
659 2208 689 2263 τά
703 2208 772 2280 ίντῇ
789 2207 912 2283 Ὀλύνθιρ.
922 2212 952 2265 P.
1044 2210 1176 2281 τῇγνώμγγ
1191 2206 1236 2275 τήν
1250 2211 1367 2281 πρότασιν
1387 2208 1527 2263 ίῦεῦαίωσε.
1542 2211 1592 2263 RS.

248 2296 297 2349 Τόν
309 2292 438 2363 πόλεμον]
452 2289 511 2361 πρδς
521 2288 576 2351 τοδς
589 2287 740 2351 Ὀλυνθίους.
756 2289 787 2343 Ρ.
1083 2288 1124 2353 15,
1148 2304 1192 2360 27.
1218 2287 1374 2361 Ἐλευθίρους
1399 2290 1414 2356 ἢ
1438 2288 1554 2360 δούλους]
1576 2288 1628 2343 ἐπεί
1649 2289 1690 2344 καί
1709 2292 1827 2365 πρότερον

252 2374 299 2440 15,
315 2389 357 2425 ιι.
378 2369 472 2440 λύτδν]
485 2369 528 2422 τδν
542 2368 663 2441 πόλεμον.
678 2371 710 2425 Ρ.
1044 2363 1227 2422 ἔόασιλεύοντο.
1248 2368 1280 2422 C.
1306 2368 1409 2430 Παίονες
1431 2367 1473 2420 καί
1493 2365 1611 2440 Ἰλλυριοί
1632 2368 1751 2444 Φιλίππῳ
1771 2373 1826 2427 κατ’

252 2456 299 2517 15,
316 2468 357 2506 ιο.
377 2448 415 2502 T&
430 2449 584 2520 πράγματα]
600 2447 631 2502 τά
651 2453 700 2503 τῶν
719 2447 856 2502 Ὀλυνθίων
877 2446 912 2502 ἐκ·
923 2450 1000 2521 μόνης
1044 2442 1155 2517 ἀνάγκην
1167 2445 1290 2514 ύπήκουον
1304 2447 1346 2502 καί
1358 2446 1416 2499 ἄλλ’
1431 2448 1493 2500 άττα
1506 2453 1555 2501 τῶν
1570 2447 1656 2502 ίθνῶν.
1669 2451 1699 2505 Ρ.

213 2535 258 2600 τῆς
271 2531 326 2592 θίας
337 2527 519 2599 ἀναιρήσεσθαι.
535 2530 565 2583 Ρ.
1082 2524 1124 2590 15,
1145 2529 1189 2582 αθ.
1209 2528 1262 2580 Τοῦ
1275 2527 1434 2595 κατακούειν]
1454 2528 1685 2599 Δτῖπροσίχειντῇ
1701 2528 1778 2592 λέξει·
1796 2531 1826 2585 οὗ

251 2611 300 2675 15,
318 2610 360 2665 13.
377 2606 446 2680 Κᾷτα
461 2608 611 2679 διέψευσται]
625 2607 667 2660 καί
684 2605 741 2662 εἶτα
754 2606 888 2679 διέψευσται
901 2611 944 2675 τῆς
959 2606 1000 2662 ίλ·
1043 2603 1092 2675 γάρ
1107 2603 1175 2660 είπεν
1197 2605 1290 2660 ἀκούειν
1303 2608 1390 2678 μόνον,
1406 2605 1472 2658 ἀλλά
1490 2607 1643 2674 κατακούειν,
1662 2608 1741 2663 όέστι
1761 2612 1825 2664 πάνυ

211 2691 281 2753 πίδος
291 2690 333 2743 καί
346 2692 389 2756 τῆς
399 2687 558 2759 προσδοκίας·
572 2684 625 2740 ίδοθ
637 2684 686 2759 γάρ
697 2684 847 2756 πολεμοῦσιν
859 2684 925 2757 αύτῷ
934 2687 1000 2759 παρὰ
1045 2683 1152 2751 ἀκούειν,
1174 2688 1238 2741 ῶστε
1259 2686 1301 2740 καί
1319 2687 1420 2749 δούλους
1438 2687 1591 2757 νομίζεσθαι.
1615 2688 1712 2743 13ch.
1739 2688 1769 2742 Ὀ
1797 2689 1825 2743 δί

212 2768 258 2839 τήν
270 2768 345 2822 αύτοῦ
359 2765 518 2838 προσδοκίαν.
530 2766 566 2818 V.
1044 2764 1177 2831 Φίλιππος,
1191 2766 1274 2837 φησίν,
1289 2765 1403 2839 ύόριστής
1414 2766 1456 2820 καί
1469 2766 1586 2837 ἐπαχθής.
1599 2769 1681 2822 TCV.

251 2850 300 2916 15,
316 2848 358 2903 15.
372 2844 437 2900 Εἶτα
447 2844 478 2899 τά
492 2850 541 2898 τῶν
555 2842 708 2915 Θετταλῶν]
723 2842 774 2897 Ούκ
786 2840 854 2897 εἶπεν
869 2843 893 2897 σί
908 2842 1000 2898 Θεττα-
1083 2848 1131 2911 15,
1144 2863 1189 2918 ορ.
1204 2846 1333 2920 Ἄπιστον]
1346 2845 1497 2902 αύτδνεείναι
1507 2852 1628 2901 τοιοῦτον.
1644 2851 1674 2904 P.

212 2928 270 2996 λοί,
294 2925 362 2980 ἀλλά
381 2924 412 2978 τό
425 2929 475 2978 τῶν
498 2921 630 2976 Θετταλῶν
648 2922 795 2994 πράγματα,
815 2921 859 2973 ἵνα
877 2920 939 2995 λίγη
954 2920 999 2991 τὴν
1085 2931 1127 2992 16,
1145 2943 1169 2981 1.
1184 2927 1220 2980 Τό
1232 2926 1281 2999 γάρ
1296 2922 1323 2980 εδ
1339 2929 1469 2999 πράττειν]
1486 2925 1600 2998 Γνωμικὴ
1619 2929 1730 2999 περίοδος
1747 2928 1762 2997 ή
1781 2930 1823 2983 καί

212 3006 326 3063 &mm
337 3005 380 3059 καί
391 3003 493 3076 δίλώσθ
506 3002 545 3056 5²¹
560 2999 598 3056 ἀεὶ
613 3004 717 3064 mmm*
729 3000 799 3073 ΰιίτίί·
809 3000 867 3056 cv·
1044 3006 1156 3069 θίιωλοςι
1172 3008 1224 3061 CP.
1244 3005 1361 3074 Ἐπειδὴ,
1380 3007 1463 3079 φησίν,
1478 3006 1503 3060 οί
1519 3006 1575 3077 παρ’
1590 3005 1657 3069 ἀξίαν
1672 3007 1827 3079 εὐωχοῦντες

247 3086 286 3141 T&
299 3092 348 3141 τῶν
361 3084 492 3140 Θετταλῶν
503 3086 512 3152 l
525 3083 638 3155 ταράττει
650 3080 734 3135 αύτόν.
745 3082 775 3135 P.
1044 3084 1072 3139 ού
1085 3085 1206 3157 ιδύνανται
1222 3085 1326 3158 ρυλάξαι
1347 3084 1392 3153 τήν
1414 3085 1527 3157 εδτυχίαν
1541 3087 1582 3138 διίι
1600 3087 1629 3141 τό
1652 3088 1760 3158 πονηρόν
1783 3092 1826 3155 τῆς

247 3167 378 3240 Πρόγματι
391 3162 447 3218 ἀντί
456 3164 587 3234 προσώπου
599 3160 732 3233 ίχρήσατο.
748 3161 801 3215 BC.
1043 3166 1163 3236 γνώμης,
1178 3166 1313 3218 δεδώκασιν
1331 3163 1443 3236 ἀφορμὴν
1458 3168 1501 3219 τοῦ
1513 3165 1594 3237 λέγειν
1616 3163 1703 3228 άλλοις
1717 3168 1756 3220 ότι
1768 3168 1826 3220 δυσ·

249 3248 297 3312 15,
318 3263 360 3317 ¹7·
381 3243 497 3317 Ιίσμιδῇ]
513 3241 558 3295 Διά
576 3241 663 3295 τούτου
683 3239 758 3295 πλόον
770 3238 859 3307 ηύξησι
874 3237 919 3306 τήν
943 3238 999 3294 ἀπι·
1043 3246 1187 3316 χερίστερόν
1206 3243 1258 3298 ἔστι
1281 3244 1310 3298 τδ
1329 3243 1431 3316 φυλάξαι
1451 3242 1512 3316 ήπερ
1533 3243 1679 3311 κτήσασθαν
1703 3245 1763 3317 ὅπερ
1781 3245 1826 3299 ούκ

212 3330 292 3384 στίαν.
308 3329 336 3383 S.
372 3326 408 3380 Τδ
423 3325 514 3397 κομιδῇ
526 3320 622 3388 αὔξησίς
633 3320 698 3375 ίστιν
716 3320 757 3375 ίπί
770 3320 906 3377 Φιλίππου.
921 3323 951 3376 Β.
1044 3321 1110 3377 ἔστιν
1125 3322 1223 3392 ἀληθίς.
1242 3326 1344 3380 BTCV.

249 3409 298 3475 15,
334 3411 376 3464 18.
406 3404 454 3458 Καί
482 3401 530 3475 γάρ
559 3399 696 3472 Παγασάς]
727 3396 759 3451 Ἦ
782 3399 877 3470 ίῦτῠρία
906 3399 997 3462 Οὕτως·
1081 3409 1123 3467 16,
1141 3405 1167 3458 3.
1187 3404 1222 3457 Τό
1236 3403 1355 3476 φυλάξαι]
1369 3402 1446 3474 ἤγουν
1460 3405 1563 3474 τηρῆσαι
1576 3402 1690 3465 ὡσαύτως
1704 3400 1772 3473 ἔχειν
1785 3400 1827 3457 καί

213 3486 324 3552 Ἀλεύας,
338 3483 460 3556 ἀπόγονός
472 3482 561 3542 ssew&
579 3476 743 3549 Ἢρθῐδὲθθιν
754 3476 890 3546 θὲτῑαλδς,
903 3476 1001 3550 δῶρόν·
1043 3481 1077 3555 μὴ
1093 3483 1242 3555 μιταόαλεῖν
1258 3483 1290 3546 είς
1304 3484 1402 3537 κακίαν.
1415 3486 1446 3538 Ρ.
1774 3511 1782 3525 ·

211 3588 271 3636 νησε
283 3566 431 3621 θετταλῶν·
446 3560 502 3616 εἶτα
513 3560 556 3613 καί
566 3560 590 3612 οἱ
603 3558 690 3612 τούτου
700 3558 795 3620 παῖδας.
833 3555 875 3623 Μὴ
886 3559 1000 3629 τίνοντες
1077 3564 1197 3638 Τάγαόδ]
1212 3564 1244 3618 τὰ
1258 3564 1393 3619 ἐπελθόντα
1403 3564 1462 3618 τινι.
1477 3565 1507 3618 P.

212 3643 307 3714 σύντήν
315 3642 478 3721 τυραννίδαοί
487 3638 609 3693 Θετταλοί
618 3637 660 3691 καί
671 3636 817 3708 ἀποροῦντες
827 3637 853 3689 τί
862 3637 997 3703 δείποιεῖν,
1080 3649 1128 3707 16⁸
1147 3648 1174 3709 4,
1195 3643 1333 3698 Δςῖτοῑςηο
1353 3638 1464 3714 ὑμᾶςγῶ
1484 3642 1568 3712 ἄνδρες
1583 3637 1724 3712 Ἀθηναῖοι]
1742 3639 1826 3715 nm.

212 3720 395 3803 μετετιίμψαντο
410 3724 469 3795 πρδς
482 3719 625 3793 συμμαχίαν
636 3719 678 3772 τδν
694 3716 830 3772 Φίλιππον.
842 3716 906 3771 Είτα
918 3716 997 3773 ἐλθὼν
1043 3722 1105 3789 δολή
1118 3722 1166 3778 άπδ
1179 3727 1224 3777 τοῦ
1240 3722 1304 3776 ἴσον.
1323 3723 1375 3777 CP.
1394 3722 1531 3793 Πληρώσας
1543 3717 1588 3786 τήν
1603 3718 1708 3781 ἐξέτασιν
1722 3724 1766 3773 τοῦ
1783 3720 1825 3773 δυ.

211 3809 304 3871 ίκεῖνος
322 3805 419 3869 {filma
441 3803 497 3864 10⁸0<
519 3799 648 3860 Ἀλευάδαι
670 3797 697 3852 3²
718 3801 761 3866 ιῆς
782 3798 937 3869 τυραννίδος·
957 3802 1000 3854 καί
1043 3807 1117 3856 νατοῦ
1138 3802 1181 3856 καί
1198 3803 1288 3874 σαθρόν
1308 3802 1464 3873 πανταχόθεν
1485 3798 1611 3862 ἀποδείξας
1632 3799 1675 3852 τὀν
1699 3798 1825 3853 Φίλιππον

210 3889 268 3961 ύπίρ
281 3887 369 3942 τούτου
382 3885 455 3957 χάριν
468 3880 534 3953 αύτῷ
548 3877 729 3952 ὁμολογοῦντες
743 3877 768 3930 οί
784 3877 905 3932 Θετταλοί
922 3879 998 3931 δεδώ-
1043 3883 1076 3947 εἰς
1088 3881 1228 3956 προτροπὴν
1247 3883 1364 3956 μςςῆλος,
1406 3881 1497 3935 ’101602
1521 3880 1547 3933 δὲ
1564 3880 1602 3933 ὃς.
1621 3880 1751 3949 διεοήςοχς
1768 3898 1827 3949 apo·

210 3990 281 4025 κασιν
294 3968 359 4040 αύτῷ
368 3964 484 4036 νέμεσθαι
495 3958 614 4034 Παγασάς
631 3958 674 4012 καί
686 3959 717 4012 τά
732 3958 850 4031 χρήματα
861 3957 891 4011 τά
908 3957 934 4012 lx
948 3964 997 4011 τῶν
1042 3963 1119 4036 τροπή
1132 3964 1270 4036 συμῦουλής
1283 3963 1309 4017 ίν
1322 3963 1403 4033 τούτῳ
1414 3962 1452 4014 ότι
1467 3958 1493 4012 ίν
1506 3957 1549 4030 μὲν
1562 3960 1595 4030 τῇ
1607 3957 1734 4030 συμῦουλῇ
1747 3958 1788 4011 καί
1796 3958 1826 4013 τό

209 4049 315 4123 λιμένων
328 4046 370 4101 καί
383 4047 426 4112 τίς
439 4042 538 4114 ἇῖῡρᾶό·
570 4038 678 4093 'Ammon
696 4039 722 4092 δὲ
734 4037 855 4091 emm
866 4035 997 4109 ἔθθμίῦθη·
1042 4044 1146 4115 ἀγαθόν,
1159 4043 1217 4115 ύπὲρ
1231 4039 1260 4096 ού
1271 4041 1481 4114 ανμύουλεύομεν,
1497 4037 1677 4110 ἀμφισδήτησιν
1691 4036 1744 4107 ίχει
1757 4038 1799 4090 καί
1812 4036 1826 4091 ό

210 4149 266 4195 σαν,
279 4130 295 4196 ἢ
309 4127 350 4181 διά
359 4127 388 4179 τί)
400 4124 442 4178 τόν
458 4121 570 4184 Ἰάσονα,
580 4119 706 4173 Θετταλόν
720 4119 795 4182 ύντα,
809 4118 911 4172 άπιστον
924 4116 999 4188 όρθῆ·
1041 4125 1145 4195 τρόπος,
1163 4125 1194 4176 δι’
1207 4119 1236 4176 ού
1249 4125 1279 4176 ἀν
1291 4120 1479 4193 περιγενοίμεθα
1491 4124 1540 4172 τῶν
1552 4118 1693 4189 λθθσίμωι.
1713 4115 1826 4188 ἀντίρριγ.

210 4229 251 4262 ναι
262 4207 317 4279 περί
333 4202 378 4271 τὴν
393 4203 515 4270 Μήδειαν,
533 4199 600 4267 ήότι
618 4196 644 4252 ἐν
658 4203 695 4271 τῷ
708 4196 933 4268 Πελοποννησιακῷ
951 4215 997 4250 πο·
1042 4220 1080 4255 σιν
1095 4202 1250 4271 ἐπιδέχεται·
1266 4198 1291 4253 ἐν
1305 4200 1331 4253 δὲ
1348 4202 1380 4271 τῇ
1397 4201 1523 4269 προτροπή
1535 4196 1576 4249 καί
1586 4195 1615 4249 τό
1629 4195 1722 4266 ἀγαθόν
1735 4197 1826 4266 πρόδη.

208 4286 279 4362 λίμιμ
290 4285 315 4341 ἐν
330 4284 392 4355 αὐτῇ
404 4286 435 4355 τῇ
449 4279 580 4353 παρατάξει
599 4276 647 4332 ἀπδ
666 4276 798 4344 Ἀθηναίων
807 4277 866 4347 πρός
881 4276 998 4328 Αακεδαι-
1040 4271 1086 4325 λον
1100 4273 1142 4326 καί
1154 4272 1168 4325 ό
1179 4273 1275 4343 τρόπος.
1313 4269 1400 4332 Ούδεὶς
1418 4268 1466 4339 γάρ
1483 4269 1623 4338 προτρέπον
1638 4266 1770 4320 ἐπιτίθεται
1785 4268 1825 4320 καί

211 4369 309 4441 μονίους
330 4364 506 4437 μετετάξαντο,
525 4362 558 4423 ῶς
575 4378 647 4430 φησιν
664 4356 836 4422 όΘουκυδίδης
856 4357 994 4425 (1‚107).
1040 4352 1084 4404 τόν
1096 4352 1196 4421 τρόπον,
1217 4350 1249 4402 δι’
1268 4345 1297 4402 ού
1317 4352 1436 4420 κρατῆσαι
1455 4347 1569 4399 δυνατόν.
1610 4342 1824 4398 Ἐπικοινωνείδί

213 4446 245 4501 Ἥ
259 4447 285 4501 δί
303 4445 437 4517 Μαγνησία
456 4442 527 4514 χώρα
541 4459 577 4501 τις
593 4432 624 4503 ἦν
642 4435 747 4504 πλησίον
763 4434 910 4499 Θετταλίας,
932 4433 997 4487 ύπεί-
1041 4434 1092 4495 τοῖς
1105 4429 1180 4484 εἴδεσι
1196 4431 1291 4493 τούτοις
1303 4429 1346 4482 καί
1364 4428 1380 4496 ἡ
1396 4428 1543 4498 παραίνεσις.
1581 4423 1712 4496 Συμδουλή
1727 4425 1775 4494 γάρ
1790 4443 1825 4486 τις

209 4546 285 4582 νουσα
299 4525 388 4588 αύτοῖς·
401 4524 453 4577 ἔστι
464 4521 491 4574 δὲ
502 4519 543 4573 καί
556 4517 627 4580 πόλις
640 4515 771 4587 όμώνυμος
786 4513 856 4586 αύτῇ.
895 4514 997 4584 Χαριζό·
1041 4510 1204 4576 εἶναιδοκεῖ,
1219 4510 1327 4580 παρόσον
1341 4508 1426 4579 ἐκείνῳ
1439 4507 1544 4577 διαρίρει
1564 4508 1608 4571 τής
1620 4506 1767 4575 προτροπῆς,
1783 4503 1823 4555 δτι

210 4626 282 4681 μινυς
306 4599 351 4659 σύν
374 4604 426 4665 τοῖς
451 4598 586 4661 Θετταλοῖς
608 4596 622 4650 ό
652 4595 775 4657 Φίλιππος
800 4596 890 4663 ταύτην
914 4594 998 4656 αύτοῖς
1041 4589 1066 4644 ίν
1081 4590 1218 4661 παραινέσει
1231 4591 1312 4658 ῶσπερ
1325 4587 1350 4641 ἐν
1368 4590 1400 4659 τῇ
1412 4584 1539 4655 συμῦουλῇ
1551 4583 1593 4637 καί
1605 4583 1648 4636 τόν
1662 4583 1751 4653 τρόπον
1762 4580 1824 4634 ίκτι·

208 4684 411 4741 κατεδουλώσατο
422 4681 562 4735 ἀποστᾶσαν
575 4675 670 4730 αύτῶν·
688 4673 750 4746 μιτίι
759 4673 785 4727 δὲ
796 4678 872 4728 ταῦτα
883 4672 996 4745 ρρούριον
1041 4671 1131 4742 θίμεθα
1140 4670 1172 4720 δι’
1183 4662 1213 4721 ού
1227 4668 1415 4738 κατορθώσομεν
1429 4665 1458 4717 τό
1467 4663 1637 4734 προκείμενον.
1660 4659 1731 4728 Πλὴν
1744 4661 1825 4715 ίιιεῖνο

209 4765 367 4838 ώκοδόμησεν
378 4762 403 4816 ίν
418 4760 479 4826 αύτῆ
492 4761 523 4823 τῆ
532 4756 604 4811 πόλει
618 4760 670 4808 τῶν
691 4752 844 4824 Μαγνήτων,
856 4751 900 4805 ἵνα
912 4749 944 4822 μὴ
955 4751 997 4803 καί
1040 4749 1155 4820 προσήκει
1166 4748 1306 4813 γινώσκειν,
1318 4747 1356 4799 δτι
1366 4744 1521 4800 δπιπλίκεται
1530 4745 1582 4805 τοῖς
1596 4740 1672 4796 είδεσι
1689 4743 1783 4804 τούτοις
1793 4741 1825 4796 τά

209 4828 322 4920 δεύτερον
352 4812 492 4899 ἀποστῶσί·
509 4812 545 4892 Ιτό
565 4832 594 4889 δὲ
620 4833 709 4902 ἀληθὲς
733 4832 787 4886 κατ’
808 4833 887 4886 αύτῶν
905 4832 997 4885 Θεττα-
1040 4825 1169 4895 ἀλλήλων,
1184 4825 1225 4878 καί
1237 4821 1429 4896 συμύουλευτικίι
1448 4822 1473 4876 ἔν
1487 4826 1613 4893 προτροπῇ
1630 4820 1671 4873 καί
1684 4820 1825 4873 τούναντίον

209 4925 272 4980 λῶν.
302 4924 333 4978 Οί
344 4922 371 4976 δὲ
380 4922 481 4993 γνόντες
489 4920 562 4973 τοῦτο
572 4914 631 4969 αύτδ
645 4913 769 4968 ἐκώλυσαν
782 4911 855 4966 αθτόν
868 4911 994 4982 τειχίζειν.
1040 4904 1065 4958 ἐν
1078 4904 1205 4976 συμῦουλῇ
1221 4903 1393 4974 προτρεπτικά.
1406 4902 1441 4955 Τό
1453 4903 1475 4954 δ’
1492 4900 1551 4954 αύτό
1567 4902 1609 4954 καί
1624 4900 1719 4962 ἐντοῖς
1738 4918 1824 4969 παραι-

211 5003 383 5059 BHRSTCV.
1040 4987 1142 5040 νέσεσιν.
1182 4982 1227 5036 Ἐκ
1240 4982 1267 5036 δὲ
1278 4986 1322 5036 τοῦ
1333 4981 1512 5044 πλεονάζοντος
1524 4980 1549 5035 ἓν
1563 4983 1595 5052 τῇ
1608 4979 1719 5034 ύποθίσει
1732 4975 1781 5050 χρὴ
1796 4977 1825 5031 τό

250 5082 293 5149 15,
305 5099 349 5137 20.
366 5079 462 5150 Τινῶν]
478 5076 521 5131 υύκ
536 5072 590 5130 είπί
601 5091 675 5139 τινος,
689 5069 756 5124 ἀλλά
767 5088 851 5137 τινων,
862 5075 897 5142 τῷ
906 5068 995 5136 πλήθει
1040 5060 1106 5127 εἶδος
1118 5068 1160 5116 τοῦ
1180 5062 1258 5133 λόγου
1275 5061 1411 5133 γνωρίζειν,
1425 5059 1594 5113 BHRSTCV.

212 5168 260 5218 τῶν
276 5161 404 5234 μαρτύριον
418 5158 500 5229 [τόν]
511 5156 591 5226 λόγον
604 5150 772 5221 πιστούμενος.
783 5152 814 5204 Β.
1078 5148 1126 5210 16,
1144 5142 1169 5195 5.
1188 5141 1355 5211 Συνάρασθαι]
1367 5138 1437 5190 Ἔδει
1457 5138 1500 5208 μὲν
1514 5136 1591 5190 εἰπεῖν
1605 5136 1753 5206 συνάρασθαι
1773 5137 1825 5197 τοῦς

250 5243 292 5307 15,
310 5256 354 5297 22.
381 5237 437 5293 ‘Aah
451 5237 559 5308 τούτων]
575 5232 652 5306 ήγονν
669 5229 777 5289 ἀπδαῖιν
792 5227 816 5292 ἐξ
829 5227 908 5283 αύτῦνν
922 5246 996 5299 προσ-
1041 5225 1192 5295 πράγμασιν,
1203 5220 1261 5272 ἀλλ’
1278 5219 1389 5281 Ἀττικιῖις
1402 5214 1481 5271 εἶπεν.
1501 5216 1532 5269 Ἦ
1546 5216 1572 5270 δί
1589 5217 1632 5268 σύν
1653 5216 1777 5285 πρόθεσις,
1792 5213 1824 5276 ὡς

213 5323 289 5378 όδιον.
302 5321 334 5376 Ρ.
1042 5302 1064 5356 εί
1081 5301 1153 5373 ἔλεγε
1167 5300 1210 5353 σθν
1224 5302 1256 5371 τῇ
1277 5299 1340 5370 τύχη
1361 5295 1524 5368 ἀγωνίζεσθαι
1541 5292 1578 5365 ἐρ’
1600 5295 1616 5346 ά
1636 5293 1685 5347 δεῖ.
1705 5291 1813 5353 ΒΒῚἘΠ

1539 5452 1558 5481 6
