3967 5967
773 434 837 495 XX.
862 433 967 494 ΠΡΟΣ
987 436 1196 495 ΛΕίίΤίΝέίΝ.
1726 449 1778 500 651

180 555 251 613 εἴωθε
266 548 482 630 τά“σχ4ματατῆς
495 558 596 624 ἐννοίας.
638 560 805 634 ’ἀναγινώσκει
821 564 847 618 δέ
863 563 957 627 ἐξύπο-
1003 567 1089 636 μόνον.
1130 564 1158 619 Ὁ
1171 569 1245 639 νύμος
1262 566 1302 631 δέ,
1321 568 1349 619 θν
1363 565 1497 638 εἰσέφερεν,
1511 565 1566 639 εἶχε
1584 568 1626 631 τάς
1639 567 1785 639 δωρεάςτάς

180 637 304 709 μν4ματος
318 638 360 701 τάς
374 639 479 709 Χαύρίου
490 640 592 711 πράξεις.
607 642 675 696 ch
680 684 687 697 .
1001 644 1106 706 παλαιάς
1117 646 1212 715 κυρίας,
1223 646 1263 697 καί
1274 644 1295 697 εί
1306 644 1398 707 ἀνάξιοί
1408 664 1470 707 τινες
1478 641 1539 713 ἦσαν
1552 647 1577 701 ἐν
1588 654 1623 719 τῷ
1633 649 1782 708 δικάζεσθαι.

214 720 281 781 48ο,
297 733 341 785 27.
359 719 436 771 Δοκεῖ
446 719 507 771 τισίν
521 719 600 791 ύμιῖιν,
615 715 732 792 ιδάνδρες
752 719 892 794 Ἀθηναῖοι]
908 722 956 790 Ση-
1000 725 1082 780 TCV.

179 795 281 863 μείωσαι
295 796 323 848 τδ
335 801 421 869 σχῆμα
434 802 506 851 τοῦτο
518 798 563 863 τδ,
578 800 650 852 δοκεῖ
659 800 718 870 ύμῖν
732 795 801 863 οὗτος
813 802 876 865 ἀξιος
893 799 957 856 εἶναι
1036 806 1098 870 484,
1114 804 1141 858 3.
1153 803 1261 875 Τούτου]
1275 807 1319 856 τοῦ
1329 801 1447 875 ἡμετέρου
1458 808 1544 875 νόμου.
1558 809 1587 859 Ρ.

178 873 372 946 ἀποστερηθῆναι
385 874 429 943 τὴν
444 876 564 931 ἀτέλειαν.
578 880 605 932 S.
620 897 674 933 rec.
711 881 753 953 Τῷ
768 882 821 935 κατ’
839 882 955 952 ἐρώτησιν
1036 884 1098 946 484,
1112 899 1153 945 11,
1170 881 1303 953 Τράρεοθαι
1322 882 1365 954 μίν
1379 883 1408 934 ἀν
1424 886 1474 951 τις]
1492 882 1572 954 Γραρὴ
1586 885 1685 956 λέγεται
1696 884 1785 953 κυρίως

178 956 299 1024 προῆχθαι
317 954 359 1009 τδν
374 955 481 1027 ἔλεγχον
497 966 539 1025 τἠς
556 956 656 1020 ἀτοπίας
669 957 789 1031 ἐμφαίνει.
829 959 916 1028 Ἧθικὴ
930 962 956 1015 δέ
1000 957 1090 1026 ίνκατά
1103 965 1151 1013 τῶν
1173 962 1255 1031 νόμων
1270 963 1415 1032 κατηγορία.
1461 964 1573 1015 Διδάσκει
1593 963 1619 1017 δέ
1641 963 1681 1015 διά
1697 964 1784 1029 ταύτης

176 1032 298 1089 κάνταῦθα
314 1034 330 1102 ἧ
347 1034 440 1091 ἔννοια.
476 1038 525 1090 Δύο
538 1037 564 1092 δέ
577 1038 618 1090 διά
639 1043 682 1106 τῆς
699 1040 772 1107 αύτῆς
784 1039 877 1104 ἐννοίας
887 1043 957 1113 παρέ-
1000 1042 1043 1105 τῆς
1054 1040 1162 1101 διανοίας
1174 1042 1212 1092 ὅτι
1223 1037 1272 1110 χρὴ
1285 1041 1401 1112 πρότερον
1417 1042 1537 1095 δεικνύναι
1549 1043 1605 1107 τούς
1615 1043 1734 1104 παλαιούς
1747 1045 1786 1095 νύ-

176 1132 263 1181 στησε·
280 1121 376 1185 πρῶτον
387 1114 429 1187 μέν
443 1115 488 1184 τὴν
502 1116 607 1184 εύνοιαν,
622 1120 732 1190 δεύτερον
747 1120 827 1187 δέτὴν
843 1122 897 1193 περί
912 1126 955 1175 τοῦ
1001 1137 1060 1188 μους
1074 1117 1118 1171 ούκ
1136 1117 1239 1188 ἔχοντας
1259 1118 1320 1170 κατά
1332 1137 1355 1170 τι
1373 1117 1468 1184 καλῶς,
1481 1117 1537 1171 εἶτα
1556 1118 1715 1191 ἀντεισφέρειν
1731 1120 1783 1172 ἕτε·

81 1254 85 1263 .
175 1194 418 1266 παιδὸςάπολογίιν.
459 1195 559 1264 Ἐπειδὴ
571 1198 598 1252 δέ
609 1197 750 1254 ὰιτύιιπιιν
762 1202 800 1254 ὅτι
811 1199 896 1255 ἐαυτὸν
911 1208 956 1254 ατ»
1000 1215 1053 1266 ρον.
1090 1197 1191 1258 Τούτοις
1203 1195 1370 1262 ἀκολουθήσει
1387 1196 1449 1268 μετὰ
1466 1195 1511 1264 τὴν
1527 1199 1677 1269 κατηγορίαν
1690 1202 1733 1250 τοῦ
1747 1201 1786 1252 νύ

173 1293 246 1406 818
246 1273 518 1411 ίάέέέεέὲρύθ
528 1273 682 1413 8..ἰῖόὶἱὶ
697 1274 726 1346 '¹'
744 1283 830 1413 ύῶζῖέ
845 1280 953 1413 ⁵³⁴8?
1000 1273 1785 1418 έίίιωίτέὶθέέέιτίέέῖἀίύἾῖιέῖζί..343τέἱέ

713 1378 725 1413 ν
758 1378 790 1415 πο
836 1379 902 1413 νεται
943 1390 955 1401 -
1252 1379 1272 1410 ω
1603 1398 1611 1423 ,
1719 1380 1731 1410 ν

173 1451 241 1505 γων’
257 1432 330 1499 ἡνίκα
343 1433 386 1505 μίν
400 1434 443 1502 τὴν
460 1375 503 1489 τδύ
516 1439 603 1499 σώζειν
616 1378 778 1509 ἀξέαντέίχεν,
798 1380 869 1501 αύτδς
882 1458 955 1510 στρα·
1000 1438 1159 1508 νομοθετεῖν,
1170 1438 1208 1491 θτι
1222 1437 1248 1491 ἐν
1262 1440 1315 1500 τοῖς
1325 1378 1450 1500 δικαμύταῖς
1461 1377 1603 1509 amoma
1618 1439 1673 1502 δεῖ,
1688 1439 1727 1491 θτι
1737 1438 1784 1509 πρὸ

173 1512 248 1583 ’τηγδς
261 1511 352 1584 ἀφελὴς
363 1509 393 1581 ἦν
405 1517 459 1577 τοῖς
472 1518 711 1588 συστρατευομένοις·
727 1516 800 1586 ἡνίκα
813 1516 839 1572 δέ
851 1516 956 1582 ἐδει,ώς
999 1521 1047 1568 τῶν
1057 1514 1191 1586 ἐπωνύμων
1202 1514 1336 1581 ἐκτιθέναι,
1351 1515 1394 1568 τδν
1406 1515 1433 1569 δέ
1445 1515 1479 1587 μὴ
1490 1520 1567 1569 ταῦτα
1580 1519 1697 1570 ποιοῦντα
1714 1516 1784 1570 ύπεύ·

173 1593 321 1661 στρατιώτης
332 1594 529 1666 παραταξάμενος
540 1593 668 1663 ίθελοντης
679 1596 763 1651 έπεσιν
781 1597 892 1669 ύπὲρτῆς
908 1618 954 1652 ποι·
1000 1594 1071 1647 θυνον
1091 1594 1156 1647 εἶναι
1169 1597 1262 1665 γραφῇ,
1301 1593 1328 1647 Ἃ
1346 1594 1389 1665 μίν
1410 1588 1455 1647 ούν
1477 1596 1519 1647 δεῖ
1529 1598 1608 1648 ποιεῖν
1626 1595 1668 1647 τδν
1684 1596 1785 1665 νομοθε·

172 1668 259 1737 τρίδος.
276 1672 355 1725 TCV.
999 1678 1088 1728 τοῦντα
1104 1673 1201 1744 εἴρηκε,
1214 1673 1254 1726 διά
1267 1674 1353 1727 τούτου
1368 1673 1589 1745 ἐπισημαινόμενος
1601 1677 1640 1728 θτι
1648 1674 1677 1727 ὀύ
1689 1676 1731 1728 δεῖ
1741 1695 1783 1728 κυ-

207 1753 270 1815 481,
283 1751 309 1804 3.
322 1749 391 1821 Ἐγὼ
401 1750 444 1822 μέν
455 1751 510 1825 ούκ]
523 1752 672 1825 Σημείωσαι·
685 1752 762 1808 ἀκτοῦ
771 1753 891 1808 ἐναντίου.
899 1756 950 1806 ΒΡ.
999 1754 1106 1823 ρωθῆναι
1117 1751 1191 1805 αύτοῦ
1208 1750 1252 1805 τδν
1266 1754 1358 1824 νόμον,
1370 1754 1417 1815 ἔως
1430 1754 1460 1805 ἀν
1470 1753 1501 1806 τά
1512 1758 1561 1806 τῶν
1576 1754 1658 1823 νόμων
1672 1755 1781 1820 γίνηται·

207 1832 276 1895 481,
298 1847 337 1900 17,
351 1831 396 1883 Διά
409 1833 517 1904 ταύτην]
528 1831 606 1905 ἤγουν
617 1830 662 1899 τὴν
676 1830 790 1899 τελευτὴν
802 1831 875 1887 αύτοῦ
886 1852 956 1904 γενο·
998 1831 1102 1885 ἀδέδεῖ
1110 1832 1213 1902 πάσχειν
1228 1831 1271 1885 τδν
1291 1831 1473 1903 παραθαίνοντα
1489 1829 1518 1884 ού
1534 1832 1683 1901 προσέθηκε,
1701 1830 1741 1883 διά
1754 1831 1783 1884 τ“ο

174 1909 258 1978 μένην.
272 1911 303 1965 Ρ.
999 1909 1177 1979 μὴύπεύθυνον
1196 1908 1261 1963 εἶναι
1274 1910 1451 1982 τῇκατηγορέρ
1461 1911 1591 1977 Λεπτίνην.
1629 1909 1699 1963 Μετά
1710 1914 1784 1963 τοῦτο

207 1991 273 2053 431.
288 2005 333 2045 τι).
352 1987 405 2061 Ἐφ’
422 1990 480 2062 οδε]
495 1991 637 2062 Σημείωσαι
651 1993 690 2047 ύτι
705 1991 757 2047 ἐσθ’
771 1993 812 2047 θτι
827 1991 868 2045 καί
885 1992 901 2059 ἡ
916 1991 954 2046 ἐπί
997 1988 1079 2055 τίθησι
1092 1990 1134 2043 τδν
1149 1990 1226 2060 νόμον
1237 1993 1281 2042 τοῦ
1294 1990 1429 2055 Λεπτίνου,
1441 1987 1659 2061 ἐπιοημαινθμενος
1668 1986 1704 2041 ὧν
1719 1988 1784 2061 λαμ·

171 2066 282 2135 πρόθεσις
295 2065 350 2121 ἀντί
363 2074 406 2123 τοῦ
419 2069 656 2141 κατάλαμύάνιται,
671 2073 727 2125 τότε
738 2070 765 2124 δέ
778 2070 819 2123 καί
831 2068 863 2132 είς
875 2070 953 2124 αίτια-
998 2066 1105 2119 θάνεται.
1153 2065 1218 2120 Εἶτα
1229 2066 1391 2137 ἀναγινώσκει
1404 2065 1466 2119 κατά
1481 2066 1511 2118 τδ
1527 2066 1628 2137 συνεχὲς
1641 2065 1683 2119 καί
1700 2067 1782 2138 έτερον

171 2141 239 2209 τικὴν
249 2143 407 2201 ἀποδίδοται·
421 2150 449 2203 τδ
460 2147 551 2220 γάρέρ’
561 2150 601 2212 οθς
609 2148 712 2205 ἐνταῦθα
724 2148 779 2202 ἀντί
789 2152 833 2205 τοῦ
842 2149 896 2203 καθ’
905 2147 951 2205 ὧν.
998 2147 1074 2218 νέμον
1089 2146 1212 2217 ἀρχαῖον,
1227 2145 1252 2200 ἐν
1268 2142 1290 2218 ᾧ
1303 2148 1382 2199 κεῖται
1394 2145 1437 2208 τάς
1451 2146 1542 2217 δωρεάς
1553 2148 1581 2209 ἀς
1591 2146 1605 2199 δ
1618 2148 1695 2218 δῆμος
1706 2146 1783 2202 ἔδωκε

169 2223 199 2276 S.
210 2240 263 2278 τσο.
997 2227 1077 2296 κυρίας
1092 2223 1173 2289 εἶναι,
1188 2221 1255 2298 ᾧπερ
1265 2224 1374 2288 ἐναντίος
1386 2224 1451 2279 ἐστίν
1467 2225 1534 2278 ύτοῦ
1552 2226 1670 2280 Λεπτίνου
1688 2229 1780 2297 νύμος·

205 2305 271 2367 481,
288 2320 331 2357 21.
346 2304 459 2378 Ἦλθεν]
473 2306 614 2378 θ’ίίαύρίας.
628 2309 659 2364 P.
997 2305 1053 2361 εἶτα
1071 2308 1113 2361 καί
1130 2308 1213 2379 ἕτερον
1227 2306 1270 2360 τδν
1282 2306 1415 2361 κολούοντα
1428 2306 1559 2360 ύπεύθυνον
1570 2304 1635 2359 εἶναι
1645 2311 1726 2379 γραφῇ
1737 2308 1782 2360 τδν

204 2385 271 2446 482,
287 2402 313 2454 7.
331 2384 435 2457 Τούτῳ]
450 2385 526 2459 ἤγουν
538 2390 570 2457 τῇ
581 2386 710 2458 ἀσφαλείᾳ.
725 2389 755 2441 Ρ.
997 2384 1107 2438 ἐναντίον
1121 2384 1261 2455 εἰσφέροντα
1279 2386 1332 2447 τοῖς
1352 2384 1488 2456 ύπάρχουσι
1508 2385 1599 2456 νόμοις·
1622 2385 1666 2438 ἵνα
1682 2384 1723 2437 διὰ
1738 2385 1782 2457 μέν

204 2465 272 2526 482,
293 2468 335 2517 16.
351 2465 387 2518 Ού
405 2466 518 2537 σκέψεσθε
524 2507 532 2531 ,
549 2462 572 2521 ὦ
590 2466 674 2538 ἀνδρες
691 2465 831 2538 Ἀθηναῖοι]
851 2467 894 2537 Τῷ
908 2467 950 2537 μέν
995 2466 1082 2518 τούτου
1099 2467 1142 2519 τδν
1158 2464 1250 2518 οἰκεῖον
1267 2463 1409 2527 ἀκολούθως
1422 2464 1514 2536 ἔχοντα
1535 2464 1600 2536 δεύῃ
1618 2463 1660 2516 καί
1683 2464 1721 2516 θτι
1739 2464 1784 2518 ούκ

168 2539 250 2594 δοκεῖν
263 2542 363 2613 ύνύμος
377 2541 440 2598 ἐστίν
453 2544 468 2596 δ
479 2546 629 2614 κρινόμενος,
643 2549 675 2616 τῇ
686 2545 712 2598 δέ
724 2545 828 2616 ἀληθείᾳ
840 2544 854 2597 θ
865 2546 952 2616 τρόπος
996 2544 1104 2607 ἐναντίος
1115 2544 1182 2607 ἐστὶ,
1196 2546 1323 2614 κατηγορῇ
1334 2543 1360 2596 δὲ
1370 2548 1414 2597 τοῦ
1430 2545 1547 2598 Λεπτίνου
1565 2544 1600 2605 ὡς
1615 2542 1783 2613 παραθεύηκύ·

168 2623 211 2684 τῆς
223 2620 317 2682 πόλεως
336 2622 498 2692 βασανίζεται.
537 2624 626 2695 Σκύψαι
643 2622 743 2695 γάρ,ώ
765 2626 891 2695 βέλτιστε,
911 2626 952 2679 καί
999 2642 1048 2685 τος.
1062 2625 1144 2677 TCV.

167 2704 261 2765 φρονῶν
281 2697 435 2768 ἀνθρωπίνας
455 2699 593 2773 ἀπθύλεψον
606 2701 676 2763 είςτδ
688 2702 794 2772 μέλλον·
815 2703 845 2754 ἀν
860 2701 951 2774 ἐμπέσῃ
1031 2705 1095 2769 484,
1111 2707 1152 2767 14.
1170 2702 1205 2755 Ού
1218 2701 1267 2773 γάρ
1276 2702 1340 2773 ᾤετο
1355 2699 1432 2753 δεῖνύ
1448 2700 1552 2770 Σόλων]
1562 2697 1613 2765 Τὴν
1625 2702 1728 2777 γνώμην
1740 2707 1783 2755 τοῦ

167 2793 202 2837 τις
213 2777 300 2845 χρεία,
315 2781 362 2831 ποῦ
376 2777 418 2831 τδν
431 2779 556 2850 εύεργέτην
567 2779 693 2851 ἀ]ύμεθας
707 2782 789 2835 TCV.
995 2783 1128 2852 νομοθέτου
1139 2782 1206 2852 φησί.
1225 2780 1374 2851 θεσμοθέται
1383 2778 1410 2832 δὲ
1419 2776 1560 2847 ἐκλέγονται
1568 2777 1593 2839 θξ
1605 2782 1649 2831 τοῦ
1659 2777 1779 2845 ἐνιαυτοῦ,

200 2859 263 2918 482,
277 2872 321 2911 21.
337 2855 401 2928 Ὅρα
412 2857 442 2924 δὴ
454 2858 495 2912 καί
505 2860 609 2931 σκέπει]
623 2859 776 2930 ύποκρίνεται
787 2857 821 2929 μὴ
834 2859 950 2930 εύρίοκειν
994 2861 1020 2912 οἳ
1030 2865 1078 2913 τῶν
1090 2859 1159 2913 ἐννέα
1179 2859 1307 2930 ἀρχόντων
1327 2857 1389 2922 εἰσί,
1404 2858 1436 2909 δι’
1454 2853 1489 2911 ὧν
1506 2855 1537 2910 τά
1552 2857 1635 2910 πυλλά
1653 2857 1783 2911 διοικεῖται

168 2933 209 2985 τὸν
223 2937 382 3005 γραμματέα,
399 2936 443 2989 ἵνα
459 2936 517 3009 δέξῃ
531 2936 730 3008 αύτοοχεδιάζειν
749 2938 844 3008 ἀλέγει
862 2939 903 2990 καί
916 2936 949 3009 μὴ
994 2939 1134 3010 πράγματα.
1148 2939 1285 3009 Νομοθέται
1301 2936 1327 2990 δέ
1342 2937 1366 2990 οί
1376 2935 1516 3006 αἱρούμενοι
1528 2936 1653 3000 δικασταί,
1663 2935 1706 2988 τὸν
1721 2936 1785 2989 εἰσα-

166 3012 286 3083 ἐοκίρθαι.
296 3017 377 3069 TCV.
994 3019 1101 3089 γέμενον
1117 3022 1193 3089 νόμον
1212 3018 1228 3084 ἢ
1244 3016 1369 3083 λύοντεςῆ
1383 3019 1518 3086 κυροῦντες,
1537 3014 1567 3067 Οί
1582 3014 1725 3085 θεσμοθέται
1739 3008 1782 3067 ούν

201 3092 267 3157 483,
282 3094 308 3147 3.
319 3094 366 3157 Ούς
377 3099 420 3149 νῦν
430 3092 499 3149 ούτοι
509 3096 676 3168 μεμρύμινοι]
687 3096 796 3150 τουτέστι
806 3096 863 3159 τούς
872 3094 950 3159 ἀξίους
994 3099 1037 3153 τδν
1052 3097 1162 3153 ἐνιαυτδν
1175 3093 1263 3168 ἦρχον·
1275 3096 1387 3167 δεύτερον
1401 3094 1427 3148 δέ
1442 3092 1616 3164 ἐδοκιμάζοντσ
1627 3092 1668 3146 διά
1679 3093 1708 3147 τύ
1719 3091 1782 3147 ἐκεῖ·

164 3176 207 3239 τῆς
219 3174 318 3243 δωρεᾶς·
331 3176 411 3229 TCV·
995 3179 1035 3232 θεν
1053 3178 1139 3241 είςτδν
1161 3178 1253 3248 ’Λρειον
1268 3176 1349 3246 πάγον
1367 3174 1528 3246 ἀνέρχεσθαι,
1548 3173 1569 3226 εἰ
1590 3173 1626 3245 με]
1638 3193 1674 3235 τις
1693 3172 1783 3243 μεταξύ

200 3252 268 3316 483,
283 3258 311 3306 6.
323 3253 425 3326 Ἔγωγε
438 3253 565 3327 ἡγοῦμαι]
576 3255 609 3316 ώς
618 3254 666 3326 γάρ
677 3254 879 3326 ὁμολογούμενον
890 3252 949 3308 αύτδ
994 3258 1145 3326 διεθέδλητο·
1162 3260 1208 3320 ἕως
1220 3257 1247 3311 δέ
1259 3257 1364 3310 θανάτου
1377 3254 1464 3326 έμενον
1480 3252 1668 3325 ’Λρειοπαγῖταα
1681 3254 1761 3309 TCV.

164 3330 205 3383 καί
216 3329 351 3402 δέηρέζιτε.
364 3335 445 3389 TCV.
745 3388 751 3403 ,
1029 3341 1091 3401 484.
1108 3341 1149 3392 18.
1165 3337 1227 3399 Τοὶις
1244 3336 1271 3391 δέ
1290 3337 1379 3407 νόμους
1391 3333 1492 3396 αύτούς,
1512 3334 1565 3387 καθ’
1577 3335 1620 3397 οθς
1633 3335 1674 3388 καί
1687 3335 1783 3397 τούτοις

198 3409 254 3464 Εἶθ’
268 3410 305 3474 οἷς
318 3414 349 3465 δι’
364 3413 457 3467 ἐκεῖνον
471 3415 501 3467 ἀν
511 3414 583 3484 τύτε]
598 3412 682 3467 Θέλων
698 3413 774 3475 δείξαι
785 3414 859 3468 τοῦτό
875 3432 947 3485 φησιν
994 3417 1095 3489 ἀρχειν]
1112 3417 1231 3481 Ἄτοπον,
1243 3415 1320 3487 ρησί,
1332 3415 1388 3477 τούς
1402 3414 1534 3484 νομοθέτας
1545 3413 1664 3477 πολλάκις
1677 3415 1778 3485 βασανί·

167 3489 221 3553 ύτι,
239 3489 261 3543 εέ
274 3490 316 3543 διά
327 3492 383 3554 τούς
397 3492 475 3555 ἀξίους
488 3494 531 3547 καί
542 3494 598 3555 τούς
610 3493 643 3565 μὴ
658 3495 729 3556 ὄντας
744 3492 888 3563 ἐτιμήσατε,
908 3494 948 3547 διὰ
993 3498 1078 3559 ζισθαι
1099 3496 1141 3550 καί
1159 3496 1349 3567 δοκιμάζεσθαι,
1373 3493 1429 3555 τούς
1449 3492 1476 3547 δέ
1495 3494 1599 3564 νόμους,
1612 3494 1667 3547 καθ’
1683 3493 1723 3556 ούς
1736 3493 1782 3549 τίσι

162 3569 218 3630 τούς
228 3568 339 3634 ἀναξίους
349 3576 393 3625 νῦν
405 3574 461 3634 τούς
476 3571 554 3635 ἀξίους
565 3572 726 3644 ἀφαιρησιτες
738 3574 820 3628 TCV.
992 3575 1034 3629 καί
1047 3571 1117 3628 οὗτοι
1130 3575 1248 3645 ἄρχοντες
1261 3573 1303 3626 καί
1311 3574 1413 3638 πάντες,
1428 3572 1461 3635 ὣς
1479 3571 1552 3644 ἔτυχε
1565 3574 1683 3629 τίθεσθαι.
1697 3575 1779 3631 TCV.

198 3649 260 3712 483,
278 3652 319 3703 15.
331 3652 378 3714 Οδς
390 3652 433 3722 μέν
445 3653 528 3706 τοίνυν
538 3652 665 3720 ἀδικέμετε
675 3654 685 3723 ]
696 3651 833 3723 ίίληρώσας
843 3652 949 3723 τδνπερί
1027 3657 1090 3718 484,
1105 3671 1149 3708 20.
1168 3652 1226 3708 Ἐπί
1238 3658 1323 3724 καιροῦ
1341 3654 1468 3725 τεθέντας]
1486 3653 1550 3725 ίίρδς
1565 3653 1614 3725 γάρ
1634 3654 1679 3721 τὴν
1693 3657 1779 3727 χρείαν

163 3733 211 3780 τῶν
225 3729 358 3802 τύεργετῦιν
373 3734 503 3804 σύμπαντα
520 3732 599 3804 λόγον
619 3738 668 3786 τῶν
685 3731 808 3803 έπιλύγων
831 3733 944 3787 ἀπιεται·
992 3732 1113 3804 είοέρερον
1128 3734 1152 3787 οί
1170 3735 1358 3806 πολιτευόμενοι
1372 3737 1474 3806 νόμους,
1493 3735 1509 3802 ἢ
1526 3733 1552 3788 ἀν
1566 3734 1663 3802 ἀξύτητι
1677 3741 1778 3808 καιροῦ,

162 3806 286 3880 διαλόγων
299 3811 326 3865 δέ
339 3811 422 3880 οάτῆς
434 3813 569 3876 ύποθέσεως
580 3810 752 3880 πάσης,ἀλλά
764 3811 840 3866 αύτοῦ
852 3817 896 3867 τοῦ
908 3814 950 3884 μέ·
990 3814 1054 3866 ὥστε
1067 3813 1164 3868 λαθεῖν.
1205 3812 1260 3869 ‘Aah
1273 3813 1403 3877 ἐλάττονος
1412 3815 1441 3869 τδ
1453 3814 1613 3886 ἐπιχείρημα.
1631 3816 1711 3871 TCV.

161 3907 223 3957 ρους.
240 3892 323 3945 TCV.
1027 3895 1090 3959 484,
1110 3894 1155 3947 α5.
1169 3891 1212 3956 Ὧς
1227 3892 1278 3964 ἐγώ
1288 3894 1458 3965 πυνθάνομαι]
1475 3892 1526 3960 Τὴν
1538 3891 1617 3965 ἀρχὴν
1631 3893 1713 3964 λέγει,
1726 3894 1780 3947 καθ’

196 3969 262 4035 483,
280 3987 323 4040 17.
336 3970 488 4026 Σποπτῖτιδί
497 3970 700 4041 καίλογίοασθε]
717 3969 848 4039 Ἐπίλογος
859 3970 947 4025 τούτου
990 3972 1019 4023 θν
1032 3973 1122 4042 τρόπον
1137 3973 1180 4025 δεῖ
1192 3975 1352 4044 νομοθετεῖν,
1367 3972 1423 4027 εἶτα
1437 3976 1466 4026 δν
1479 3974 1570 4043 τρόπον
1589 3979 1638 4025 τῶν
1651 3973 1780 4027 πολιτευο-

160 4055 204 4102 τοῦ
217 4053 310 4123 μέρους.
327 4056 357 4107 Β.
992 4052 1071 4122 μένων
1083 4052 1145 4115 τινές
1154 4052 1259 4126 ᾑροῦντο
1269 4054 1422 4124 νομοθετεῖν.
1459 4052 1505 4105 Διά
1516 4056 1588 4107 τοῦτο
1599 4052 1626 4106 δέ
1636 4050 1705 4107 εἶπεν
1722 4076 1733 4101 ι
1747 4053 1780 4114 ὡς

195 4132 261 4196 483,
277 4133 320 4185 31.
339 4130 370 4184 m
382 4131 430 4202 γάρ
441 4128 477 4184 ὧν
491 4130 559 4203 έργιρ
570 4127 882 4200 τεεποίηκτ]·Συμπέρασμά
894 4127 946 4183 ἀστι
995 4152 1006 4179 ι
1026 4130 1078 4202 ἐγώ
1096 4133 1265 4203 πυνθάνομαι,
1283 4153 1295 4183 ν
1316 4132 1360 4185 ἵνα
1380 4133 1445 4204 ρύγη
1459 4131 1488 4186 τδ
1501 4132 1650 4195 συνειδέναι,
1672 4134 1703 4201 τῇ
1717 4129 1780 4202 ἀκοῇ

160 4216 207 4263 τῶν
221 4210 363 4283 εἰρημένων.
376 4213 458 4266 TCV.
989 4210 1017 4263 δὲ
1030 4210 1075 4278 τὴν
1088 4218 1182 4282 γνῶσιν
1205 4212 1370 4282 παραδίδωσι,
1397 4209 1439 4263 καί
1450 4210 1494 4262 ίνα
1507 4208 1540 4280 μὴ
1559 4208 1617 4281 δέξῃ
1636 4209 1777 4263 διαθάλλειν

196 4290 262 4352 483,
277 4291 321 4343 23.
337 4290 378 4343 ’Λν
392 4291 430 4362 ἀφ’
445 4291 515 4363 ἡμῶν
531 4290 565 4362 μὴ
580 4290 661 4352 καλῶς
678 4289 762 4361 ῥηθῇ]
780 4289 826 4345 bah
840 4296 889 4345 τῶν
902 4308 944 4343 συ-
993 4290 1077 4346 ιιύτύν.
1094 4292 1176 4345 ch‚

159 4368 283 4439 νηγύρων,
293 4369 376 4439 φησίν.
415 4371 517 4425 Ἄτοπον
529 4365 584 4435 σύν,
598 4367 635 4422 ὧν
648 4370 707 4441 ύμῖν
725 4371 858 4433 δεδώκασι,
874 4370 945 4441 πείρα
1026 4372 1088 4433 484,
1104 4385 1147 4438 ²7·
1161 4370 1283 4421 Τοσοῦτοι
1295 4366 1339 4437 μέν
1352 4366 1376 4419 οἱ
1389 4365 1509 4437 ἐναντίοι]
1526 4365 1584 4419 Ὅτι
1598 4367 1639 4431 δέ,
1654 4369 1723 4439 ρησί,
1737 4388 1779 4423 το·

159 4445 204 4513 τὴν
216 4453 308 4518 γνῶσιν
319 4447 453 4513 λαθόντες,
468 4450 496 4500 ἀν
512 4446 546 4519 μὴ
560 4448 623 4503 κατὰ
636 4450 691 4511 τούς
710 4450 801 4520 λύγους
821 4448 942 4503 δένωνταί
990 4451 1074 4499 σοῦτοι
1093 4445 1256 4515 ἀντικείμενοί
1275 4444 1334 4499 εἰσιν
1348 4444 1418 4515 ύμεῖς
1435 4447 1592 4516 μαρτυρεῖτε·
1607 4444 1630 4508 ἐξ
1645 4446 1713 4517 ύμῶν
1730 4448 1779 4519 γάρ

159 4546 221 4589 τινες
239 4524 366 4588 ἀποδεῖξαι
380 4530 431 4589 τοῖς
442 4529 639 4599 κατορθώμασιν,
654 4523 716 4595 ἧττα
727 4531 857 4600 γενήσεται
872 4530 943 4602 ύμῖν,
990 4527 1122 4597 νομοθέτας
1143 4524 1295 4595 ἐκλέγεαθτ,
1319 4523 1447 4595 καὶμέχρι
1462 4528 1503 4577 νῦν
1522 4526 1593 4595 πέρας
1614 4523 1658 4579 ούκ
1679 4524 1732 4596 ἔχει
1750 4529 1779 4582 τδ

157 4608 238 4660 TCV.
989 4608 1090 4675 πρᾶγμα
1097 4604 1137 4657 διά
1146 4603 1175 4657 τδ
1182 4604 1309 4665 πλείστους
1315 4600 1380 4656 εἶναι
1389 4604 1445 4666 τούς
1453 4603 1576 4666 ἐναντίους
1585 4606 1682 4675 νόμους.
1694 4607 1775 4665 ch.

195 4686 259 4749 483,
273 4689 318 4748 24.
332 4683 387 4737 Ἵνα
397 4685 479 4737 τοίνυν
496 4683 592 4757 είδῆτι]
607 4684 680 4756 ’Λρχη
694 4691 739 4741 τοῦ
753 4688 859 4760 νομίμου
870 4708 944 4760 ηφπ.
1024 4683 1087 4747 485,
1102 4687 1128 4747 4.
1142 4682 1316 4754 Ψηριαμάτων
1330 4685 1339 4749 ]
1353 4682 1494 4753 Σημείωσαι
1507 4683 1562 4753 περί
1584 4683 1661 4755 νόμου
1673 4682 1715 4735 καί
1730 4682 1777 4752 ψη·

158 4767 238 4822 λαίου.
248 4768 275 4820 S.
293 4764 420 4819 Ἐντεῦθεν
427 4765 502 4820 πάλιν
513 4765 616 4836 ἀρχεται
627 4771 670 4821 τοῦ
682 4767 788 4839 νομίμου
800 4769 942 4840 κεφαλαίου,
988 4765 1116 4835 ρίσματος.
1128 4764 1180 4817 BP.

159 4845 299 4907 ἀκολούθως
309 4850 395 4900 ποιῶν.
412 4844 482 4897 Ἔδει
500 4843 548 4916 γάρ
567 4850 736 4917 κατηγορῆσαι
751 4854 796 4900 τοῦ
810 4851 887 4920 νόμου
900 4854 943 4903 τοῦ
1024 4844 1088 4908 485,
1101 4863 1128 4913 9.
1143 4843 1240 4896 Συνίετε
1261 4844 1315 4897 καθ’
1329 4843 1358 4896 δν
1377 4838 1520 4911 τρύπυν,ώ
1539 4842 1623 4913 ἄνδρες
1637 4839 1777 4912 Ἀθηναῖοι]

159 4925 274 4979 Λεπτίνου
282 4925 316 4986 ὡς
326 4923 411 4977 ἀδίκου
421 4924 464 4977 καλ
475 4921 625 4997 ἀονμρύρσυ,
637 4925 672 4978 ἵν’
681 4925 757 4988 ούτως
770 4925 943 5002 ἀντιιοενιχθῇ
987 4924 1138 4996 περίνύμου.
1154 4925 1185 4978 Β.
1200 4922 1322 4986 Ἐξίτασις
1343 4927 1387 4976 τοῦ
1401 4923 1494 4994 νόμου,
1508 4920 1590 4987 ἐπειδὴ
1609 4922 1651 4975 καί
1664 4922 1719 4994 περί
1732 4922 1776 4976 αύ-

158 5001 172 5053 ύ
188 5000 261 5054 αύτοῦ
276 5001 303 5055 ἐκ
315 5003 461 5074 αιγκρέσεως
478 5003 520 5056 καί
531 5003 747 5076 ἀντιπαραθέσεως.
762 5004 839 5062 TCV.
987 5008 1032 5056 τοῦ
1043 5004 1057 5057 θ
1069 5003 1146 5074 λόγος
1158 4999 1189 5070 ἦν
1208 5004 1289 5058 TCV.

194 5085 255 5146 483,
267 5100 313 5155 αρ.
332 5082 509 5156 ’Λναγνώσιται
520 5085 563 5138 τδν
576 5086 652 5156 νύμον
662 5085 738 5157 ύμῖν]
749 5082 779 5137 ‘0
789 5086 875 5139 Σόλων
882 5106 942 5157 προ-
1023 5084 1085 5149 485,
1101 5101 1143 5138 10.
1160 5083 1261 5154 Πρῶτον
1276 5081 1319 5153 μὲν
1336 5081 1391 5151 παρ’
1408 5080 1470 5153 ύμῖν
1490 5078 1515 5133 ἐν
1530 5082 1583 5142 τοῖς
1600 5079 1774 5152 ὀμωμοκόσιν]

158 5160 240 5223 σέταξε
251 5162 294 5216 τδν
308 5162 400 5216 λύοντά
411 5180 466 5216 τινα
480 5169 530 5217 τῶν
544 5165 631 5236 κυρίων
648 5166 732 5236 νέμων
743 5166 834 5219 τιθέναι
847 5166 939 5236 έτερον.
989 5160 1350 5235 Ὦμνυονγάρσέδικάζσντες.
1382 5159 1483 5230 Πρῶτον
1494 5157 1695 5231 δέούτῇτάξει,
1710 5156 1776 5210 ἀλλὰ

159 5239 239 5296 Ὅπου
250 5240 294 5315 μίν
308 5236 351 5297 οθν
362 5243 457 5315 κύριος,
473 5240 632 5317 ἀντεισρίριιν
641 5245 688 5298 δεῖ·
700 5244 762 5296 ὅπου
774 5242 800 5296 δέ
816 5242 862 5309 ού,
873 5245 939 5297 λύειν
992 5249 1028 5314 τῷ
1041 5241 1160 5313 ἀξιώματι
1172 5241 1213 5293 καί
1224 5246 1261 5311 τῷ
1272 5242 1368 5309 κυροῦν·
1383 5240 1425 5293 δεῖ
1437 5237 1485 5308 γάρ
1498 5239 1733 5310 προαναγνωσθῆναι
1742 5242 1778 5308 τῷ
