3967 5967
692 462 786 524 xxn.
813 460 913 521 ΚΑΤΑ
933 459 1217 520 ΑΝΔΡΟΤΙΩΝΟΣ.
1693 464 1750 516 705

161 593 269 665 πόλεμος
276 593 323 667 γάρ
333 591 363 663 ἦν
376 593 418 647 καλ
426 593 499 665 χρεία
513 594 694 664 χρημάτοιν-,
712 592 781 660 ῆδιίι
796 591 839 644 τδν
850 589 933 660 καιρόν
978 587 1026 660 γάρ
1039 590 1073 661 μή
1084 610 1120 653 τις
1130 590 1209 654 είποι,
1221 588 1278 645 ἀλλ’
1291 589 1367 651 ούδείς
1380 588 1444 660 ἐιύρα
1456 590 1532 641 ταῦτα
1545 589 1659 641 ποιοῦντα
1674 586 1714 637 καί
1725 586 1754 639 εδ

160 673 239 744 μέση,
252 673 296 741 καί
313 672 429 727 ἐπακτέον
446 673 498 739 έξής
518 674 578 739 όσην
592 674 647 725 τότε
662 670 727 741 έχων
743 670 868 736 ἐξουσίαν,
880 667 936 725 ἀντὶ
977 667 1060 723 δεινόν
1083 670 1185 723 ἔλαττον
1199 665 1246 736 ήν,
1268 671 1315 739 όρα
1331 675 1382 730 πῶς
1403 666 1498 721 οίκοθεν
1514 666 1580 737 αύτῷ
1598 666 1753 736 προσποριίζει

159 742 335 818 τοθπδλλήν..
978 748 1024 805 τδν
1052 750 1172 820 μάρτυρα,
1200 749 1345 818 πικρότατον
1371 747 1476 817 ἔλεγχον
1500 743 1548 799 ἀπό
1574 748 1617 811 ῖῆς
1640 743 1754 815 γυναικός

195 833 257 896 608,
277 834 303 894 ή.
325 830 457 901 Πομπαῖα]
472 828 548 894 Σκεύη
563 828 594 881 τίι
608 827 641 888 είς
657 828 700 891 τάς
711 830 817 899 πομπάς.
831 830 862 881 Β.
879 826 935 884 lab
979 826 1088 899 ἀξευρών.
1239 836 1245 847 “
1330 842 1344 863 ⁸

157 913 203 961 τού
225 910 373 980 πομπεύειν,
399 908 545 980 θυμιατήρια
569 908 610 960 καί
635 925 690 960 τινα
712 910 822 963 τοιαῦτα.
846 910 880 962 Α,
908 917 935 960 et
1015 912 1077 975 609,
1098 923 1139 975 ¹9·
1162 905 1209 956 Ἱίν
1231 904 1264 966 ύις
1278 904 1401 974 ἐλεύθερος
1421 902 1579 973 ἠγγυήσατο]
1601 900 1691 953 θέασαι
1710 901 1753 953 τόν

157 1004 212 1040 roc·
227 989 258 1043 L.
580 1028 582 1033 .
978 984 1125 1053 κατήγορον.
1165 981 1220 1035 ’Aah
1237 987 1285 1033 τῶν
1300 981 1414 1052 ῥημάτων
1429 980 1576 1047 έξηπάτησάς
1592 997 1636 1048 με,
1655 978 1753 1048 φήσειεν

194 1068 256 1129 608,
271 1084 298 1135 7.
314 1065 450 1135 Κατέχων]
470 1063 532 1118 ’λντί
544 1068 588 1117 τού
603 1062 710 1133 ἰσχύων,4
721 1065 750 1117 Α.
978 1060 1037 1126 ἀνῆ
1054 1061 1116 1130 γυνή
1125 1081 1130 1091 ·
1154 1061 1187 1122 ἰυς
1202 1059 1326 1130 ἐλεύθερος
1346 1060 1482 1129 συνήφθης,
1498 1062 1539 1110 νύν
1564 1058 1590 1109 δέ
1610 1055 1754 1125 ἀπεδείχθης

192 1146 256 1206 608,
268 1146 296 1197 8.
311 1142 356 1194 Διά
366 1142 408 1194 τόν
420 1141 523 1212 καιρόν,
537 1136 605 1207 θςήν
617 1140 689 1210 τότε]
709 1138 772 1193 ’Am
782 1144 826 1194 τού
837 1139 878 1192 διά
890 1139 933 1193 τόν
978 1136 1141 1208 ἀνδράποδον
1164 1138 1267 1204 πολίτην
1281 1140 1352 1209 ᾤμην
1367 1137 1398 1208 ἐχ
1400 1156 1433 1190 ειν
1451 1138 1492 1191 καὶ
1508 1136 1632 1202 Ἀθηναῖοι
1651 1134 1753 1188 ἐκάλουν

157 1220 278 1291 πόλεμον.
290 1224 323 1275 Α.
978 1215 1021 1267 τόν
1041 1216 1131 1286 ἀνδρα,
1151 1214 1239 1268 ίλαθον
1254 1215 1295 1277 δέ,
1308 1216 1341 1276 όις
1358 1215 1453 1279 ἔοικεν,
1471 1214 1566 1281 οἰκέτην
1581 1213 1754 1282 δυστυχήσασα

195 1304 255 1365 608,
273 1316 314 1352 12.
333 1298 500 1369 ’ίΙργολάθει]
519 1297 601 1351 Τοῦτο
625 1299 686 1368 μετά
699 1301 743 1365 τῆς
759 1296 876 1368 αίσχύνης
893 1295 935 1349 καί
978 1293 1100 1347 σύνοικον.
1140 1294 1185 1345 Ιίαί
1198 1293 1228 1347 τὰ
1241 1293 1441 1355 τοιαῦταέξεστιν
1456 1292 1610 1363 ἐργάζεσθαι.
1651 1291 1752 1358 Ἐπειδὴ

156 1379 357 1449 σογαρουστικόν.
371 1379 470 1431 L'YTP.
484 1375 645 1446 Ἔργολαύεῖν
654 1378 702 1449 γάρ
711 1376 775 1447 παρίι
786 1377 934 1447 Δημοσθένει
977 1371 1003 1425 δέ
1017 1370 1061 1425 οἰικ
1075 1369 1144 1442 εἶχεν
1155 1372 1236 1443 έτερον
1252 1374 1359 1442 μάρτυρα
1371 1372 1571 1441 παραστήσασθαι
1583 1376 1631 1423 τῶν
1644 1369 1754 1434 ἀτόπων,

158 1456 199 1506 καί
211 1458 264 1518 τοῖς
280 1457 366 1516 ἀλλοις
386 1454 437 1507 ἐστὶ
453 1454 483 1509 τδ
498 1452 538 1507 έπί
550 1455 664 1525 φλαύροις
681 1456 724 1508 καὶ
741 1455 832 1517 ἀδίκοις
848 1453 933 1526 μισθόν
977 1450 1069 1521 ἐξεῦρεν
1088 1452 1135 1506 ἀπδ
1153 1457 1195 1518 τῆς
1208 1453 1321 1522 γυναικός
1334 1452 1434 1518 αύξῆσαι
1446 1449 1490 1516 τὴν
1505 1452 1629 1503 δείνωσιν·
1646 1449 1694 1503 ἀπό
1711 1454 1754 1515 τῆς

157 1531 303 1603 λαμόάνιιν.
320 1536 350 1586 Ρ.
977 1530 1067 1599 τύχης,
1083 1532 1121 1583 ότι
1133 1529 1257 1600 ἐλεύθερος
1270 1533 1304 1582 ὢν
1318 1529 1412 1581 δούλων
1426 1528 1536 1599 ύπέμεινε
1552 1528 1630 1594 πάθη·
1644 1526 1693 1581 ἀπό
1712 1532 1755 1593 τῆς

155 1624 160 1635 ’
194 1617 255 1676 608,
270 1615 311 1666 13.
323 1613 385 1673 Τοὶις
399 1613 484 1665 ἕνδεκα
495 1612 586 1682 γράψας
600 1609 759 1683 ἀκολουθεῖν]
774 1613 809 1666 Τό
823 1610 866 1682 μέν
881 1610 932 1665 ἐπι·
977 1612 1107 1675 ποιότητος
1123 1613 1166 1662 τοῦ
1182 1610 1330 1680 δράσαντος,
1353 1609 1382 1659 όν
1399 1607 1449 1661 οὔδ’
1466 1607 1525 1678 ότέρ
1541 1606 1627 1658 ἑαυτοῦ
1643 1607 1711 1674 δίκην
1727 1606 1754 1676 ἐᾷ

157 1687 736 1840 ἰὲἰίιμῖύῗῖιῗωὶήῖῗίἰἽῖιιὶῗζιῗῗ
751 1692 933 1831 Τὲίῖἷθῗωή
976 1685 1755 1836 5³:3²2..ss'“ssffilffiztfflfi‘ffzssz‘zzgssssm

155 1786 567 1917 qtkavflpmutavYRSfifflst.p'TE
578 1806 777 1915 συμφέρωτοςδὲ
789 1845 828 1898 ἀεὶ
841 1864 931 1900 παντα·
978 1845 1017 1897 θτι
1030 1845 1079 1898 έδει
1097 1786 1254 1916 τάόόέτήμαιτα
1272 1845 1435 1915 ἀπογράφειν,
1460 1844 1526 1896 ἀλλὰ
1549 1842 1582 1914 μὴ
1607 1842 1638 1896 τά
1651 1846 1753 1916 σώματα

158 1927 206 1993 χού
228 1928 356 1996 γενόμενος
369 1924 436 1994 λέγει
456 1926 472 1975 ἀ
496 1924 579 1994 λέγει·
596 1923 637 1975 καί
655 1924 703 1994 γὰρ
721 1922 829 1977 ἐνταῦθα,
843 1923 885 1993 μέν
899 1923 933 1976 αί-
976 1926 1054 1978 ποιεῖν
1063 1930 1149 1986 κακῶς.

156 2004 236 2054 τιᾶται
247 1998 291 2066 τὴν
305 2010 349 2055 τοῦ
365 2000 531 2072 Ἀνδροτίωνος
542 2000 661 2070 πονηρίαν
671 2001 712 2053 καί
723 1999 768 2065 τήν
780 2002 932 2072 προπέτειαν,
1013 2007 1075 2072 609,
1088 2020 1132 2056 σο.
1152 2001 1181 2054 Ὁ
1194 2002 1220 2056 δέ
1233 2003 1325 2056 τούτων
1338 2001 1415 2063 αίτιος
1433 2000 1574 2073 Ἀνδροτίων
1589 2000 1642 2072 εἰη]
1652 2000 1753 2067 Αύξησιν

159 2077 184 2132 έν
204 2079 289 2150 ἐκείνῳ
307 2079 333 2133 δὲ
346 2080 480 2150 συγκρίνων
495 2081 571 2148 νόμον
592 2080 662 2149 νόμιμ
685 2080 728 2132 τόν
749 2082 932 2150 χρησιμώτερον
976 2086 1025 2132 τῶν
1039 2083 1123 2134 δεινῶν
1138 2080 1186 2135 ἀπό
1199 2085 1242 2148 τῆς
1253 2086 1296 2134 τοῦ
1311 2082 1453 2151 δεδρακότος
1470 2080 1523 2150 ἔχει
1535 2083 1672 2148 ποιότητος.
1724 2079 1754 2133 ‘0

155 2156 423 2227 μα’λλοντεθαύμαασν.
461 2155 525 2209 Etr«
538 2155 651 2225 βούλεται
660 2155 700 2208 διά
711 2161 754 2209 τοῦ
768 2156 933 2227 παραδείγμα-
975 2156 1179 2231 ἡταιρηκὼςτοδς
1192 2163 1374 2230 σωφρονοῦντας
1394 2158 1488 2225 ἠδίκει,
1503 2159 1544 2210 καὶ
1559 2158 1753 2229 προύπηλοίκιζεν

156 2251 198 2294 τος
212 2238 254 2286 τού
268 2234 329 2287 κατὰ
349 2234 404 2295 οοδς
416 2235 546 2304 τριάκοντα
563 2232 601 2285 ἐνί
612 2233 705 2285 τούτων
719 2239 767 2286 τῶν
781 2236 876 2303 τρόπων
890 2232 932 2285 τόν
976 2235 1047 2309 ἀνὴρ,
1069 2240 1114 2291 κᾶν
1136 2238 1265 2304 ἀδικῆται,
1282 2240 1390 2308 στέργειν
1409 2237 1513 2307 όφείλων
1532 2234 1576 2301 τὴν
1597 2237 1690 2306 τύχην,
1706 2235 1755 2290 ἐπι-

160 2308 317 2383 Ἀνδροτίωνα
330 2313 579 2383 δεῶαικεχρημένον.
615 2306 761 2382 Τόδίήγιν
774 2310 814 2364 ἐπὶ
824 2309 866 2373 τάς
884 2316 932 2364 τιῖιν
976 2316 1078 2369 ύοοῖσθαι
1089 2318 1144 2379 τοὶις
1154 2319 1243 2387 νόμους
1252 2315 1447 2382 ἀδυνατῶν,ύπδ
1457 2319 1500 2381 τῆς
1511 2314 1607 2385 ἀτιμίας
1617 2315 1753 2377 ἐπεξελθεῖν

156 2391 265 2445 nomen
289 2390 365 2453 olata<
379 2392 411 2453 ὣς
431 2390 471 2444 ἐκ]
482 2391 642 2461 0192me
661 2388 757 2460 elim,
772 2388 801 2442 τί)
815 2388 876 2459 βψ
889 2392 932 2441 τοῦ
976 2394 1004 2446 οὗ
1013 2396 1160 2467 δυνάμενος,
1175 2395 1200 2448 ἐν
1209 2396 1300 2466 ἡσυχία
1309 2397 1415 2460 στένων,
1428 2394 1530 2466 ἀγαπῶν
1543 2394 1564 2446 εἰ
1574 2393 1607 2464 μὴ
1618 2393 1753 2465 προσλάόοι

153 2473 297 2542 πράγματος
308 2471 348 2524 διὰ
359 2477 407 2525 τῶν
423 2471 476 2538 έξής
489 2470 622 2541 ἐμφαίνων.
658 2470 701 2522 Διό
710 2469 752 2521 καί
767 2468 932 2538 δεσμωτήριον
975 2490 999 2527 tt
1012 2476 1134 2547 δεύτερον,

156 2550 282 2603 ἀποκαλεῖ
297 2550 340 2611 τάς
363 2548 450 2611 οίκέας.
485 2550 539 2603 Τῶν
564 2549 649 2601 ἀλλων
670 2548 696 2601 δέ
713 2549 796 2612 ἕνεκα,
811 2545 866 2613 ήτοι
882 2553 932 2600 τῶν
1011 2558 1077 2621 609,
1087 2558 1131 2605 26.
1143 2553 1213 2613 Τίνος
1224 2547 1266 2604 ούν
1282 2552 1344 2604 ἕνεκ’
1359 2551 1562 2622 άφείς].θιδάοκει
1572 2554 1660 2621 τρόπον
1671 2552 1754 2621 ἕτερον

155 2627 281 2682 ἀδυνάτων
296 2628 338 2681 καί
350 2628 474 2694 πενήτων·
491 2629 546 2681 όθεν
559 2627 659 2698 ἐπάγει,
676 2631 749 2680 τούτο
764 2627 811 2697 γάρ
825 2625 877 2680 ἐστι
890 2626 932 2692 δη-
976 2627 1104 2700 εύπρεποῖις
1115 2630 1275 2696 ἀπαιτήσεως.
1317 2628 1472 2703 ’λπογρόφειν
1488 2630 1537 2684 ίδει
1552 2630 1583 2684 τὰ
1596 2630 1754 2701 κτήματαόις

156 2706 266 2776 μοτιιιόν,
977 2709 1084 2778 δημόσια
1096 2716 1144 2762 τῶν
1160 2705 1193 2779 μή
1206 2709 1327 2761 θελόντων
1342 2707 1498 2779 εἰσενεγκεῖν.

191 2785 253 2846 Τοδς
265 2784 352 2838 ἕνδεκα
363 2784 469 2855 γράψας]
486 2783 533 2836 ίίαί
554 2784 596 2837 τὀν
610 2785 699 2854 τρόπον
710 2781 832 2853 περιέχει,
846 2781 888 2835 καί
903 2781 932 2836 τὶν
1012 2792 1072 2856 609,
1088 2791 1132 2840 28.
1144 2787 1224 2848 Ἔδεις
1236 2786 1263 2840 δέ
1275 2786 1417 2856 καίθόριζες
1428 2787 1529 2848 πολίτας
1542 2784 1695 2855 ἀνθρώπους]
1708 2787 1753 2838 Σο-

155 2863 268 2935 φορτυιδν
284 2867 327 2929 τῆς
344 2861 503 2933 εἰσπρόξοως,
522 2864 565 2916 καί
576 2863 621 2930 τὴν
639 2863 706 2932 θόρον
719 2860 764 2927 τήν
777 2861 809 2924 εἰς
822 2862 878 2924 τούς
888 2863 932 2933 ἀρ·
974 2867 1095 2933 φῶςπύνυ
1111 2864 1149 2919 ἐπὶ
1163 2864 1205 2935 μέν
1218 2870 1265 2917 τῶν
1280 2863 1387 2917 πολιτῶν
1404 2864 1432 2917 τδ
1444 2864 1536 2934 ύύριζις
1549 2860 1657 2932 εἴρηκεν,
1674 2864 1688 2916 θ
1703 2862 1753 2916 ἐστι

155 2961 175 3012 χ
176 2961 247 3005 οντας
260 2941 466 3007 ἀκολουθοῦντας,
483 2940 508 2995 έν
522 2939 543 3013 ᾧ
556 2942 599 2995 καί
609 2942 637 2995 τό
652 2945 695 3009 τῆς
708 2941 853 3011 ὀλιγαρχίας
866 2940 932 2996 ἐνδέ·
975 2945 1027 3004 τοῖς
1043 2942 1175 3010 Ἀθηναίοις
1189 2942 1324 3013 ἀφόρητον·
1343 2941 1382 2995 ἐπί
1398 2942 1424 2995 δὲ
1437 2949 1486 2996 τῶν
1501 2943 1619 3012 μετοίκων
1638 2942 1692 3003 τούς
1712 2961 1753 2995 τα-

156 3021 256 3077 δεικται.
294 3018 350 3072 Εἶτ’
374 3019 501 3090 ἐπειδήπερ
522 3020 566 3074 οθκ
580 3020 635 3091 ἐχιι
648 3020 692 3086 τὴν
715 3018 836 3091 εἴσπραξιν
855 3019 933 3074 αίτιοῖ-
974 3023 1110 3095 λαιπύρους
1121 3024 1330 3094 ῶνόμασεν,δτῇ
1341 3024 1496 3089 ταπεινότητι
1507 3026 1550 3089 τῆς
1560 3023 1635 3092 τύχης
1643 3022 1751 3092 ίιπῆρχεν

150 3100 228 3163 σθαι,
254 3098 298 3151 τόν
323 3099 412 3169 τρόπον
438 3099 565 3152 διαόάλλει
590 3099 632 3151 καί
655 3097 699 3165 τὴν
729 3102 854 3166 ποσότητα
882 3105 931 3152 τῶν
975 3102 1119 3156 ἀκόλουθον.
1155 3101 1246 3155 Αύτόια
1258 3105 1318 3172 γοῦν
1330 3101 1352 3154 εἰ
1363 3100 1603 3173 μεταλλάξειας,ούκ
1615 3099 1650 3153 ἔθ’
1662 3101 1752 3172 ὁμοίως

155 3178 288 3247 χρημάτων
296 3214 306 3246 ,
314 3175 395 3247 λέγων
408 3177 529 3230 τοσούτων
543 3178 677 3248 χρημάτων
687 3175 742 3230 ἀντὶ
755 3181 798 3231 τού
809 3178 930 3248 βραχέων,
975 3179 1021 3240 ἐξει
1033 3179 1121 3242 καλῶς,

156 3259 244 3308 τοῦτον
255 3255 297 3307 τόν
317 3256 407 3324 τρόπον
429 3252 640 3325 εἰσπραχθέντων,
654 3255 708 3309 ἀντὶ
720 3258 764 3309 τοῖν
776 3255 838 3326 μετά
855 3274 932 3326 παρα·
1011 3258 1109 3329 Ἔδεις]
1126 3257 1187 3312 Ἀντί
1198 3263 1242 3311 τοῦ
1256 3256 1392 3329 έδέσμευες,
1405 3259 1452 3313 ἀπό
1466 3261 1509 3311 τοῦ
1523 3259 1625 3329 θέματος
1635 3262 1679 3311 τού
1689 3259 1751 3322 δέω,
1849 3250 1853 3256 ’

154 3334 222 3394 νοίας
234 3332 381 3402 καίόόρεως.
879 3362 886 3375 ·
975 3334 1029 3390 εἶτα
1044 3336 1186 3399 έδεονέδεες
1197 3337 1267 3399 ἔδεις.
1284 3339 1339 3390 AR.

153 3442 156 3447 «
191 3413 252 3473 608,
269 3411 312 3464 25.
323 3409 364 3471 Εἰς
374 3407 418 3477 τὴν
433 3409 558 3464 πολιτείαν
571 3409 819 3482 είοαγομένων]Ὅτι
833 3409 932 3484 ἀλιγαρ-
1009 3421 1070 3476 6ιο,
1087 3420 1128 3471 ι8.
1151 3416 1297 3487 ’ἀνθρώπους
1306 3417 1416 3486 πόρνας]
1433 3414 1487 3467 Ἵνα
1500 3414 1547 3467 κάκ
1561 3420 1609 3467 τῶν
1621 3414 1750 3486 ὀνομάτων

156 3486 229 3553 χικήν
244 3505 299 3540 τινα
312 3487 436 3542 πολιτείαν
455 3488 510 3542 ἀντί
524 3490 687 3560 δημοκρατίας
700 3489 841 3560 εἰσήγαγεν.
973 3495 1113 3568 κωμωδήσῃ
1131 3496 1174 3549 τόν
1192 3495 1363 3565 Ἀνδροτίωνα·
1379 3492 1433 3547 εἶτα
1449 3492 1498 3546 ἀπὸ
1516 3497 1559 3559 τῆς
1575 3495 1664 3564 μάχης.
1702 3495 1750 3548 Τον

191 3567 252 3634 609,
267 3570 294 3628 ή.
311 3567 372 3619 Τότε
393 3568 473 3619 τοίνυν
497 3568 529 3629 ύυς
548 3564 613 3621 έστιν
627 3567 743 3638 ἀκούσαι]
765 3567 820 3620 Ἵνα
842 3567 876 3639 μή
896 3588 931 3631 τις
974 3572 1017 3642 μὲν
1040 3572 1127 3626 ἑαυτοῦ
1140 3576 1230 3644 πατέρα
1243 3575 1306 3646 ᾤετο
1320 3574 1372 3626 δεῖν
1390 3571 1497 3642 δημοσίᾳ
1510 3572 1608 3625 δεθέντα
1629 3573 1669 3626 ἐπί
1689 3575 1750 3645 χρή-

154 3640 490 3716 αἰτιάσηταιύιςψευδόμενον
497 3644 557 3711 ,ἐπὶ
566 3643 611 3712 τήν
624 3643 699 3711 ἀκοήν
711 3645 835 3717 ἀναφέρων
848 3647 930 3718 φεύγει
975 3670 1048 3721 μασιν
1071 3652 1260 3723 [ἀποδρᾶναι],
1278 3653 1333 3714 τοδς
1351 3651 1377 3704 δέ
1399 3650 1488 3712 ἀλλους
1508 3650 1608 3711 πολίτας
1628 3651 1749 3721 ύόρίζειν,
1784 3678 1787 3681 ·

155 3716 200 3785 τήν
213 3722 312 3791 μέμψιν.
977 3726 1144 3798 Ἀνδροτίωνος
1165 3728 1209 3782 ούκ
1235 3728 1346 3800 είοροράς
1368 3728 1533 3799 όφλήσαντος,
1557 3727 1623 3781 ἀλλά
1644 3731 1751 3800 δημοσία

190 3802 253 3867 609,
273 3799 297 3851 5.
316 3799 399 3862 Οθδείς
412 3799 476 3855 ἐστιν
494 3802 560 3863 όστις
579 3799 753 3872 ἀπεστερεῖτο]
775 3800 831 3856 ’Aah
847 3804 931 3874 μέρους
973 3810 1170 3879 νενοσφισμένον.
1208 3806 1271 3862 Εἶτα
1292 3808 1390 3875 αὔξησιν
1413 3807 1533 3878 ἐπήγαγεν
1556 3807 1652 3862 οἴκοθεν
1672 3810 1705 3873 εἰς
1722 3813 1750 3864 τό

153 3875 218 3936 τινός
232 3880 342 3946 πειρᾶται
355 3879 526 3950 χαλεπώτερον
540 3886 588 3933 τῶν
602 3881 733 3951 τριάκοντα
749 3879 869 3951 ἀποφῆναι
886 3885 928 3936 τ“ον
972 3887 1137 3958 δεσμωτήριον
1153 3888 1276 3943 ἐλκεσθαι.
1311 3889 1346 3941 Τό
1361 3886 1404 3959 μὲν
1416 3887 1465 3957 γάρ
1475 3886 1498 3949 ἐξ
1508 3886 1599 3960 ἀγορᾶς
1609 3889 1662 3959 ἔχει
1673 3911 1750 3962 παρα·

157 3952 326 4026 Ἀνδροτίωνα.
364 3958 412 4009 Ιίαί
426 3956 492 4012 έστιν
506 3958 520 4011 ό
532 3961 619 4029 τρόπος
632 3963 756 4022 τοιοῦτος·
769 3959 858 4040 ἐμεῖνοι
875 3963 930 4025 τούς
974 3966 1114 4034 μυθίαν,-τ“ο
1129 3967 1155 4020 δὲ
1168 3968 1265 4021 οἴκοθεν
1277 3970 1412 4039 δεινότερον
1429 3966 1481 4037 ἔχει
1495 3968 1523 4020 τδ
1538 3972 1699 4042 κατηγόρημα
1710 3974 1752 4024 καί

152 4035 310 4103 Ψαῑθῡμόίῡῦέ
325 4035 364 4090 ἀπ]
377 4038 419 4103 τῆς
437 4035 528 4107 ἆγορᾶς
541 4036 668 4108 ἐφόνων,
683 4038 740 4100 10³⁴ss
753 4037 779 4091 δί
798 4042 930 4110 *Wopk-
975 4049 1102 4098 πιστοῦται
1114 4044 1158 4107 τάς
1170 4046 1209 4100 ἐπί
1222 4052 1270 4099 τῶν
1282 4051 1403 4117 γυναικῶν
1416 4045 1504 4116 ύόρεις.

153 4129 208 4171 νους
219 4111 247 4163 ού
261 4115 466 4185 περιειργάζοντο,
480 4114 538 4167 ἀλλ’
548 4115 605 4169 ιίων
617 4118 738 4177 σώζεσθαι
746 4115 925 4180 λανθάνοντας·
1008 4126 1070 4187 θιο,
1091 4140 1133 4194 19.
1148 4123 1231 4176 Καίτοι
1245 4122 1269 4177 εἰ
1279 4143 1341 4176 τισιν
1351 4123 1398 4194 ἀρα
1409 4124 1521 4175 δοκοῦσιν
1532 4120 1677 4189 ἐπιτήδειαι]
1689 4123 1750 4176 0322

153 4186 167 4240 ό
181 4190 207 4240 δέ
218 4208 248 4259 γε
267 4188 405 4261 Ἀνδροτίων
415 4193 457 4245 καί
470 4194 525 4255 τοδς
537 4192 601 4247 οίκοι
610 4196 847 4267 κατακεκρυμμένους
859 4194 929 4266 ἀνιχ-
969 4204 1115 4273 κατατρέχει
1130 4210 1237 4274 φανερῶς
1250 4203 1305 4256 οὔτε
1316 4205 1451 4275 συνηγορεῖ
1461 4203 1581 4272 καθαρῶς·
1596 4202 1624 4255 τ“ο
1639 4202 1681 4272 μὲν
1702 4202 1751 4274 γὰρ

153 4267 228 4319 νεύων
245 4265 366 4339 ἐδέσμευε.
403 4271 470 4325 Κατὰ
483 4277 554 4327 τοῦτο
567 4273 870 4345 άραόπερεόάλλετοτοδς
888 4295 929 4329 τυ·
973 4277 1148 4351 ἐπαχθέστερον
1166 4282 1207 4333 καὶ
1233 4282 1333 4352 άγριον,
1356 4282 1385 4334 τό
1407 4281 1433 4333 δὲ
1452 4279 1573 4349 ήδομένου
1594 4286 1629 4349 τῷ
1648 4281 1750 4351 τοιούτῳ

153 4346 260 4415 Ρόθνθῡς.
829 4412 832 4417 ,
973 4358 1027 4429 βίῳ,
1066 4359 1202 4412 Τδδέδεῖν
1216 4360 1314 4429 βοηθεῖν
1325 4359 1364 4412 ἐπί
1375 4359 1404 4412 τό
1414 4362 1500 4429 σχῆμα
1510 4358 1685 4425 τῆςπολιτείας
1694 4358 1749 4411 ἀνε-

189 4427 250 4492 609,
268 4426 309 4482 ιθ.
332 4422 366 4477 Ἢ
391 4427 460 4495 Ιτέγος
480 4428 513 4489 ύις
531 4429 586 4490 τοθς
604 4431 731 4503 γείτονας]
748 4429 866 4501 Τέγοςτδ
885 4436 928 4485 τοῦ
972 4438 1088 4507 νήνοχιν.

151 4501 396 4574 δώματοςύπέρτερον
412 4507 490 4575 μέρος.
511 4506 627 4573 θιασκευέγ
641 4509 667 4561 δέ
680 4511 929 4564 τούτοδεινοποιούσα
1008 4522 1070 4579 ιίιι,
1086 4517 1111 4568 3.
1130 4515 1171 4573 Εἰς
1196 4520 1244 4567 τῶν
1263 4514 1370 4568 πολιτῶν
1392 4515 1453 4586 τόν]
1472 4515 1543 4577 Ἴσως
1566 4515 1696 4570 αἰνίττεται
1717 4518 1751 4580 ὡς

98 4652 101 4657 ⁴
152 4577 183 4632 τίι
201 4580 338 4649 γενόμενα,
361 4577 383 4633 ὦ
401 4585 499 4652 γεῖτον,
521 4584 565 4638 ούκ
583 4585 695 4653 ἀδικῆσαι
716 4588 792 4641 θέλων
813 4590 928 4642 ἐπιόαίνω
976 4592 1143 4663 Ἀνδροτίωνος
1156 4591 1200 4645 ούκ
1220 4591 1370 4662 ἀνεχομένου
1386 4592 1491 4659 ἀλλαςῆ
1512 4594 1602 4656 ἀλλους
1624 4596 1751 4665 πορνεύον·

150 4662 201 4711 τῶν
225 4663 291 4722 σῶν,
313 4654 480 4728 Ἀνδροτίωνος
499 4664 642 4734 βιαζομένου
665 4667 832 4738 τετύραγμαι,
846 4669 927 4740 φεύγω
971 4666 1025 4733 τοὶς·
1040 4671 1175 4738 ζηλοτυπεῖ
1188 4672 1235 4741 γάρ
1250 4690 1285 4732 τις
1299 4672 1340 4724 τδν
1354 4671 1447 4742 όμότεχ
1449 4692 1500 4725 νον.
1513 4674 1635 4727 FLYTP.

151 4734 196 4803 τὴν
211 4736 298 4806 θύραν,
316 4743 395 4790 σῶσον
409 4738 481 4802 αιίτδς
492 4746 551 4811 γοῦν
564 4743 606 4796 τόν
624 4744 759 4814 ὁμόφυλον.
796 4748 830 4800 To
842 4748 869 4800 δί
885 4771 895 4797 ι
911 4749 926 4815 ἢ
1007 4755 1068 4812 όιι,
1085 4752 1110 4801 8.
1131 4749 1298 4820 Προαγῶνας]
1312 4748 1455 4820 Προαγῶνές
1470 4749 1515 4803 εἰσι
1529 4750 1601 4820 λόγοι
1619 4749 1643 4802 οἱ
1663 4769 1748 4821 προευ-

154 4838 166 4865 e
185 4815 251 4868 ἀλλα
264 4814 417 4888 ἀσχημονοίη
439 4841 450 4869 ν
466 4821 516 4873 νόει
530 4822 609 4875 πάντα
625 4825 641 4876 ἀ
658 4828 768 4877 ποιοῦσιν
779 4825 803 4877 οἰ
815 4829 927 4897 φωραθῆ-
971 4830 1121 4899 τρεπίζοντες
1131 4826 1193 4899 ἡμῖν
1214 4834 1262 4880 τῶν
1279 4830 1398 4882 δικαστῶν
1417 4826 1461 4895 τὴν
1477 4828 1568 4894 ἀκοήν·
1585 4828 1653 4899 ἀγὼν
1671 4828 1748 4899 γὰρῆ

152 4913 192 4949 ναι
204 4895 367 4967 φοόούμενοι,
382 4904 503 4969 γυναικῶν
528 4898 713 4972 όποιιρινόμενοι
735 4904 818 4972 φωνήν
840 4923 866 4957 τε
887 4905 928 4958 καί
970 4907 1055 4976 κρίσις.

150 4978 250 5045 σχῆμα,
266 4977 410 5047 θεράποντες
427 4975 492 5030 εἶναι
510 4980 636 5043 δοκούντις
651 4980 682 5034 τά
698 4987 746 5033 τῶν
766 4982 861 5036 δούλων
883 5002 926 5055 με-
1006 4983 1223 5054 Προπαροξυτόνως
1235 4982 1419 5054 ἀναγνωστέον·
1434 4983 1450 5050 ἢ
1465 4984 1571 5045 σύνθεσις
1582 4984 1629 5056 γάρ
1640 4991 1688 5038 τῶν
1704 4986 1747 5037 δύο

149 5057 362 5125 παχειριζόμινοι,
375 5055 417 5109 καὶ
427 5055 458 5110 τά
469 5056 535 5109 ἀλλα
549 5057 641 5120 ἁπλῶς.
679 5057 760 5113 Εἰπὼν
772 5059 798 5113 δί
807 5060 848 5113 καί
859 5063 926 5114 ταῦθ’
970 5062 1057 5124 λέξεων
1072 5061 1145 5116 πάλιν
1160 5063 1279 5134 ἀνέπεμψε
1290 5063 1333 5115 τόν
1345 5064 1432 5118 τόπον·
1447 5070 1586 5136 προαγῶνες
1594 5064 1620 5117 δέ
1632 5064 1747 5135 λέγονται

150 5129 198 5191 ἀπό
212 5135 254 5197 τῆς
263 5132 336 5186 αύτοῦ
348 5134 460 5212 γυναικός
473 5134 551 5209 όρῷτο
565 5137 807 5208 ποιῶν,θαυμαστέος
818 5140 926 5209 φαίνεται
970 5139 994 5193 οί
1007 5140 1054 5211 πρδ
1069 5144 1113 5192 τού
1126 5139 1221 5210 ἀγῶνος
1238 5139 1345 5209 λόγοισί
1363 5139 1387 5194 ἐν
1402 5148 1437 5213 τῷ
1452 5143 1524 5215 δήμῳ
1544 5142 1747 5215 λογοποιούμενα

151 5209 267 5281 όρήτωρ·
284 5212 360 5275 δεινδς
371 5212 419 5285 γάρ
432 5214 473 5269 καὶ
484 5215 508 5270 ἐν
524 5214 621 5289 ἀπόροις
629 5215 706 5286 εὑρεῖν
718 5215 834 5288 ἀφορμάς.
872 5217 926 5272 Ἵνα
970 5220 1034 5290 παρά
1046 5238 1122 5280 τινος·
1135 5218 1203 5290 ἀγὼν
1217 5218 1265 5292 γὰρ
1280 5219 1296 5286 ἢ
1311 5221 1395 5291 κρίσις.
1433 5216 1492 5274 θέον
1508 5221 1543 5287 εἰ,
1562 5223 1620 5277 όταν
1638 5242 1673 5285 τις
1688 5245 1746 5295 προ·

255 5314 379 5354 omum.
392 5319 416 5357 ιι.
1554 5315 1556 5318 ’
1616 5322 1641 5363 ια
