<?xml version="1.0" encoding="UTF-8"?>
<!DOCTYPE html PUBLIC "-//W3C//DTD XHTML 1.0 Transitional//EN"
    "http://www.w3.org/TR/xhtml1/DTD/xhtml1-transitional.dtd">
<html xmlns="http://www.w3.org/1999/xhtml" xml:lang="en" lang="en">
 <head>
  <title>
</title>
<meta http-equiv="Content-Type" content="text/html;charset=utf-8" />
  <meta name='ocr-system' content='tesseract 3.04.00' />
  <meta name='ocr-capabilities' content='ocr_page ocr_carea ocr_par ocr_line ocrx_word'/>
</head>
<body>
  <div class='ocr_page' id='page_1' title='image "./oratoresattici01hunzgoog_0694.png"; bbox 0 0 3967 5967; ppageno 0'>
   <div class='ocr_carea' id='block_1_1' title="bbox 235 441 1294 514">
    <p class='ocr_par' dir='ltr' id='par_1_1' title="bbox 235 441 1294 514">
     <span class='ocr_line' id='line_1_1' title="bbox 235 441 1294 514; baseline -0.013 0"><span class='ocrx_word' id='word_1_1' title='bbox 235 462 291 514; x_wconf 78' lang='grc'>684</span> <span class='ocrx_word' id='word_1_2' title='bbox 770 445 910 506; x_wconf 79' lang='grc' dir='ltr'><strong>ΣΧΟΛΙΑ</strong></span> <span class='ocrx_word' id='word_1_3' title='bbox 932 443 997 503; x_wconf 85' lang='grc' dir='ltr'>ΕΙΣ</span> <span class='ocrx_word' id='word_1_4' title='bbox 1018 441 1294 502; x_wconf 74' lang='grc' dir='ltr'>ΔΗΜΟΣΘΕΝΙΙΝ.</span> 
     </span>
    </p>
   </div>
   <div class='ocr_carea' id='block_1_2' title="bbox 230 572 1873 5326">
    <p class='ocr_par' dir='ltr' id='par_1_2' title="bbox 230 572 1873 5326">
     <span class='ocr_line' id='line_1_2' title="bbox 230 572 1853 664; baseline -0.007 -27"><span class='ocrx_word' id='word_1_5' title='bbox 230 586 369 655; x_wconf 86' lang='grc' dir='ltr'>γυναικεῖον</span> <span class='ocrx_word' id='word_1_6' title='bbox 390 582 508 653; x_wconf 83' lang='grc' dir='ltr'>άγγεῖον,</span> <span class='ocrx_word' id='word_1_7' title='bbox 533 576 681 652; x_wconf 83' lang='grc' dir='ltr'>ᾧχρῶνται</span> <span class='ocrx_word' id='word_1_8' title='bbox 703 578 761 648; x_wconf 85' lang='grc' dir='ltr'>πρδς</span> <span class='ocrx_word' id='word_1_9' title='bbox 779 577 822 641; x_wconf 83' lang='grc' dir='ltr'>τάς</span> <span class='ocrx_word' id='word_1_10' title='bbox 850 577 944 648; x_wconf 89' lang='grc' dir='ltr'>άρύσεις</span> <span class='ocrx_word' id='word_1_11' title='bbox 964 581 1013 629; x_wconf 83' lang='grc' dir='ltr'>τῶν</span> <span class='ocrx_word' id='word_1_12' title='bbox 1058 573 1120 645; x_wconf 83' lang='grc' dir='ltr'>φὴν,</span> <span class='ocrx_word' id='word_1_13' title='bbox 1143 574 1167 627; x_wconf 86' lang='grc' dir='ltr'>οἰ</span> <span class='ocrx_word' id='word_1_14' title='bbox 1183 575 1209 629; x_wconf 80' lang='grc' dir='ltr'>δὲ</span> <span class='ocrx_word' id='word_1_15' title='bbox 1227 574 1271 640; x_wconf 80' lang='grc' dir='ltr'>τήν</span> <span class='ocrx_word' id='word_1_16' title='bbox 1294 575 1374 627; x_wconf 91' lang='grc' dir='ltr'>πίστιν</span> <span class='ocrx_word' id='word_1_17' title='bbox 1394 574 1543 645; x_wconf 90' lang='grc' dir='ltr'>σοφίζονται.</span> <span class='ocrx_word' id='word_1_18' title='bbox 1580 574 1718 664; x_wconf 44' lang='grc' dir='ltr'>ύιάγτοῦτο</span> <span class='ocrx_word' id='word_1_19' title='bbox 1736 572 1784 644; x_wconf 79' lang='grc' dir='ltr'>γάρ</span> <span class='ocrx_word' id='word_1_20' title='bbox 1805 575 1853 628; x_wconf 86' lang='grc' dir='ltr'>καί</span> 
     </span>
     <span class='ocr_line' id='line_1_3' title="bbox 232 655 1849 729; baseline -0.006 -13"><span class='ocrx_word' id='word_1_21' title='bbox 232 665 343 729; x_wconf 88' lang='grc' dir='ltr'>ύδάτων,</span> <span class='ocrx_word' id='word_1_22' title='bbox 357 663 373 729; x_wconf 79' lang='grc' dir='ltr'>ή</span> <span class='ocrx_word' id='word_1_23' title='bbox 387 660 430 723; x_wconf 78' lang='grc' dir='ltr'>τάς</span> <span class='ocrx_word' id='word_1_24' title='bbox 441 664 483 713; x_wconf 91' lang='grc' dir='ltr'>νῦν</span> <span class='ocrx_word' id='word_1_25' title='bbox 495 659 587 721; x_wconf 90' lang='grc' dir='ltr'>σίτλας.</span> <span class='ocrx_word' id='word_1_26' title='bbox 1064 679 1075 705; x_wconf 87' lang='grc' dir='ltr'>ι</span> <span class='ocrx_word' id='word_1_27' title='bbox 1090 663 1228 711; x_wconf 85' lang='grc' dir='ltr'>συνεστῶσα</span> <span class='ocrx_word' id='word_1_28' title='bbox 1245 678 1256 705; x_wconf 79' lang='grc' dir='ltr'>ν</span> <span class='ocrx_word' id='word_1_29' title='bbox 1275 655 1359 720; x_wconf 77' lang='grc' dir='ltr'>εἶπεν,</span> <span class='ocrx_word' id='word_1_30' title='bbox 1375 655 1418 707; x_wconf 80' lang='grc' dir='ltr'>ἵνα</span> <span class='ocrx_word' id='word_1_31' title='bbox 1434 657 1512 727; x_wconf 77' lang='grc' dir='ltr'>μάθῃς</span> <span class='ocrx_word' id='word_1_32' title='bbox 1526 658 1570 708; x_wconf 86' lang='grc' dir='ltr'>τοῦ</span> <span class='ocrx_word' id='word_1_33' title='bbox 1586 656 1787 726; x_wconf 78' lang='grc' dir='ltr'>συγκροτήμετος</span> <span class='ocrx_word' id='word_1_34' title='bbox 1800 655 1849 721; x_wconf 79' lang='grc' dir='ltr'>τὴν</span> 
     </span>
     <span class='ocr_line' id='line_1_4' title="bbox 267 730 1851 809; baseline -0.006 -13"><span class='ocrx_word' id='word_1_35' title='bbox 267 744 385 808; x_wconf 83' lang='grc'>558,18.</span> <span class='ocrx_word' id='word_1_36' title='bbox 401 741 432 793; x_wconf 79' lang='grc' dir='ltr'>Οἱ</span> <span class='ocrx_word' id='word_1_37' title='bbox 450 734 790 809; x_wconf 69' lang='grc' dir='ltr'>πεντηκοστολόγοιήῗθιμίν</span> <span class='ocrx_word' id='word_1_38' title='bbox 806 735 927 807; x_wconf 81' lang='grc' dir='ltr'>πολεμικά</span> <span class='ocrx_word' id='word_1_39' title='bbox 940 735 1012 801; x_wconf 88' lang='grc' dir='ltr'>σκεύη</span> <span class='ocrx_word' id='word_1_40' title='bbox 1061 737 1159 805; x_wconf 90' lang='grc' dir='ltr'>μανίαν.</span> <span class='ocrx_word' id='word_1_41' title='bbox 1201 758 1212 785; x_wconf 82' lang='grc' dir='ltr'>ι</span> <span class='ocrx_word' id='word_1_42' title='bbox 1233 735 1327 805; x_wconf 85' lang='grc' dir='ltr'>Γράφου</span> <span class='ocrx_word' id='word_1_43' title='bbox 1340 736 1448 806; x_wconf 67' lang='grc' dir='ltr'>θαρσῶν,</span> <span class='ocrx_word' id='word_1_44' title='bbox 1467 730 1490 787; x_wconf 81' lang='grc' dir='ltr'><em>ὦ</em></span> <span class='ocrx_word' id='word_1_45' title='bbox 1506 736 1670 806; x_wconf 76' lang='grc' dir='ltr'>Τιμόκρατες,</span> <span class='ocrx_word' id='word_1_46' title='bbox 1687 758 1698 784; x_wconf 79' lang='grc' dir='ltr'>ι</span> <span class='ocrx_word' id='word_1_47' title='bbox 1718 736 1809 806; x_wconf 75' lang='grc' dir='ltr'>βοῶσιν</span> <span class='ocrx_word' id='word_1_48' title='bbox 1822 736 1851 787; x_wconf 90' lang='grc' dir='ltr'>οί</span> 
     </span>
     <span class='ocr_line' id='line_1_5' title="bbox 230 813 1852 888; baseline -0.007 -11"><span class='ocrx_word' id='word_1_49' title='bbox 230 823 275 877; x_wconf 90' lang='grc' dir='ltr'>ούκ</span> <span class='ocrx_word' id='word_1_50' title='bbox 289 821 437 883; x_wconf 85' lang='grc' dir='ltr'>ίτελώνουν,</span> <span class='ocrx_word' id='word_1_51' title='bbox 453 821 499 871; x_wconf 86' lang='grc' dir='ltr'>ύσα</span> <span class='ocrx_word' id='word_1_52' title='bbox 510 817 536 871; x_wconf 79' lang='grc' dir='ltr'>δί</span> <span class='ocrx_word' id='word_1_53' title='bbox 549 813 578 885; x_wconf 81' lang='grc' dir='ltr'>ήν</span> <span class='ocrx_word' id='word_1_54' title='bbox 592 816 699 888; x_wconf 83' lang='grc' dir='ltr'>εἰρηνικά</span> <span class='ocrx_word' id='word_1_55' title='bbox 713 817 754 869; x_wconf 87' lang='grc' dir='ltr'>καί</span> <span class='ocrx_word' id='word_1_56' title='bbox 765 815 824 887; x_wconf 84' lang='grc' dir='ltr'>πρδς</span> <span class='ocrx_word' id='word_1_57' title='bbox 834 813 924 885; x_wconf 78' lang='grc' dir='ltr'>τρυφὴν</span> <span class='ocrx_word' id='word_1_58' title='bbox 934 832 1016 866; x_wconf 88' lang='grc' dir='ltr'>συντε-</span> <span class='ocrx_word' id='word_1_59' title='bbox 1061 815 1190 886; x_wconf 86' lang='grc' dir='ltr'>μάρτυρες,</span> <span class='ocrx_word' id='word_1_60' title='bbox 1210 816 1277 866; x_wconf 77' lang='grc' dir='ltr'>ικᾶν</span> <span class='ocrx_word' id='word_1_61' title='bbox 1289 815 1449 888; x_wconf 80' lang='grc' dir='ltr'>δυοχεραίνης</span> <span class='ocrx_word' id='word_1_62' title='bbox 1470 815 1525 885; x_wconf 70' lang='grc' dir='ltr'>περί</span> <span class='ocrx_word' id='word_1_63' title='bbox 1543 814 1586 867; x_wconf 81' lang='grc' dir='ltr'>τδν</span> <span class='ocrx_word' id='word_1_64' title='bbox 1608 813 1732 885; x_wconf 85' lang='grc' dir='ltr'>ἔλεγχον,</span> <span class='ocrx_word' id='word_1_65' title='bbox 1752 813 1804 883; x_wconf 71' lang='grc' dir='ltr'>ἐγὼ</span> <span class='ocrx_word' id='word_1_66' title='bbox 1815 820 1852 886; x_wconf 83' lang='grc' dir='ltr'>τῇ</span> 
     </span>
     <span class='ocr_line' id='line_1_6' title="bbox 230 892 1594 969; baseline -0.01 -13"><span class='ocrx_word' id='word_1_67' title='bbox 230 903 323 956; x_wconf 76' lang='grc' dir='ltr'>λοῦνται</span> <span class='ocrx_word' id='word_1_68' title='bbox 334 900 459 969; x_wconf 89' lang='grc' dir='ltr'>κατεῖχον.</span> <span class='ocrx_word' id='word_1_69' title='bbox 1063 915 1074 942; x_wconf 80' lang='grc' dir='ltr'>ι</span> <span class='ocrx_word' id='word_1_70' title='bbox 1090 895 1209 965; x_wconf 76' lang='grc' dir='ltr'>μαρτυρίᾳ</span> <span class='ocrx_word' id='word_1_71' title='bbox 1220 894 1278 956; x_wconf 81' lang='grc' dir='ltr'>τούς</span> <span class='ocrx_word' id='word_1_72' title='bbox 1289 893 1402 955; x_wconf 76' lang='grc' dir='ltr'>δικαστάς</span> <span class='ocrx_word' id='word_1_73' title='bbox 1420 892 1461 947; x_wconf 72' lang='grc' dir='ltr'>ἀπ’</span> <span class='ocrx_word' id='word_1_74' title='bbox 1476 892 1566 947; x_wconf 77' lang='grc' dir='ltr'>αύτῶν.</span> <span class='ocrx_word' id='word_1_75' title='bbox 1583 914 1594 942; x_wconf 88' lang='grc' dir='ltr'>ιι</span> 
     </span>
     <span class='ocr_line' id='line_1_7' title="bbox 268 970 1854 1048; baseline -0.006 -14"><span class='ocrx_word' id='word_1_76' title='bbox 268 980 329 1043; x_wconf 83' lang='grc'>556,</span> <span class='ocrx_word' id='word_1_77' title='bbox 347 995 390 1048; x_wconf 85' lang='lat'>19.</span> <span class='ocrx_word' id='word_1_78' title='bbox 402 978 485 1030; x_wconf 89' lang='grc' dir='ltr'>Ταῦτα</span> <span class='ocrx_word' id='word_1_79' title='bbox 498 974 546 1047; x_wconf 77' lang='grc' dir='ltr'>γάρ</span> <span class='ocrx_word' id='word_1_80' title='bbox 565 972 597 1037; x_wconf 86' lang='grc' dir='ltr'>εἰς</span> <span class='ocrx_word' id='word_1_81' title='bbox 608 973 664 1036; x_wconf 77' lang='grc' dir='ltr'>τούς</span> <span class='ocrx_word' id='word_1_82' title='bbox 679 973 781 1035; x_wconf 85' lang='grc' dir='ltr'>όπλίτας</span> <span class='ocrx_word' id='word_1_83' title='bbox 790 972 870 1043; x_wconf 68' lang='grc' dir='ltr'>ἡμᾶς]</span> <span class='ocrx_word' id='word_1_84' title='bbox 886 970 930 1023; x_wconf 85' lang='grc' dir='ltr'>Ἐν</span> <span class='ocrx_word' id='word_1_85' title='bbox 940 976 1016 1042; x_wconf 78' lang='grc' dir='ltr'>καιρῷ</span> <span class='ocrx_word' id='word_1_86' title='bbox 1096 975 1212 1045; x_wconf 80' lang='grc' dir='ltr'>Φανεριῖνς</span> <span class='ocrx_word' id='word_1_87' title='bbox 1227 972 1270 1044; x_wconf 78' lang='grc' dir='ltr'>μὲν</span> <span class='ocrx_word' id='word_1_88' title='bbox 1279 971 1520 1044; x_wconf 87' lang='grc' dir='ltr'>ούκίνοχλσύνεων]</span> <span class='ocrx_word' id='word_1_89' title='bbox 1538 971 1689 1042; x_wconf 83' lang='grc' dir='ltr'>Ἐροόοῦντο</span> <span class='ocrx_word' id='word_1_90' title='bbox 1705 971 1754 1042; x_wconf 78' lang='grc' dir='ltr'>γάρ</span> <span class='ocrx_word' id='word_1_91' title='bbox 1764 973 1854 1043; x_wconf 75' lang='grc' dir='ltr'>ψευδο·</span> 
     </span>
     <span class='ocr_line' id='line_1_8' title="bbox 232 1049 1661 1129; baseline -0.006 -16"><span class='ocrx_word' id='word_1_92' title='bbox 232 1061 274 1115; x_wconf 87' lang='grc' dir='ltr'>τδν</span> <span class='ocrx_word' id='word_1_93' title='bbox 286 1058 378 1112; x_wconf 88' lang='grc' dir='ltr'>οἰκεῖον</span> <span class='ocrx_word' id='word_1_94' title='bbox 399 1056 531 1129; x_wconf 89' lang='grc' dir='ltr'>εἰσήγαγεν</span> <span class='ocrx_word' id='word_1_95' title='bbox 553 1054 662 1109; x_wconf 85' lang='grc' dir='ltr'>ίπαινον.</span> <span class='ocrx_word' id='word_1_96' title='bbox 699 1053 729 1107; x_wconf 87' lang='grc' dir='ltr'>Οί</span> <span class='ocrx_word' id='word_1_97' title='bbox 745 1053 910 1124; x_wconf 75' lang='grc' dir='ltr'>γενναιότεροι</span> <span class='ocrx_word' id='word_1_98' title='bbox 927 1050 975 1122; x_wconf 81' lang='grc' dir='ltr'>γάρ</span> <span class='ocrx_word' id='word_1_99' title='bbox 989 1049 1015 1103; x_wconf 79' lang='grc' dir='ltr'>ἐν</span> <span class='ocrx_word' id='word_1_100' title='bbox 1062 1054 1191 1127; x_wconf 70' lang='grc' dir='ltr'>μαρτυρίας</span> <span class='ocrx_word' id='word_1_101' title='bbox 1204 1053 1299 1105; x_wconf 79' lang='grc' dir='ltr'>άλῶναι</span> <span class='ocrx_word' id='word_1_102' title='bbox 1313 1058 1421 1123; x_wconf 77' lang='grc' dir='ltr'>φανερῶς</span> <span class='ocrx_word' id='word_1_103' title='bbox 1435 1051 1661 1121; x_wconf 75' lang='grc' dir='ltr'>ἀναισχυντοῦντες.</span> 
     </span>
     <span class='ocr_line' id='line_1_9' title="bbox 233 1129 1851 1204; baseline -0.004 -13"><span class='ocrx_word' id='word_1_104' title='bbox 233 1141 286 1201; x_wconf 89' lang='grc' dir='ltr'>τοῖς</span> <span class='ocrx_word' id='word_1_105' title='bbox 303 1138 414 1200; x_wconf 75' lang='grc' dir='ltr'>ὁπλίταις</span> <span class='ocrx_word' id='word_1_106' title='bbox 434 1137 572 1191; x_wconf 76' lang='grc' dir='ltr'>τάττονται.</span> <span class='ocrx_word' id='word_1_107' title='bbox 589 1132 683 1187; x_wconf 87' lang='grc' dir='ltr'>Ούκοῦν</span> <span class='ocrx_word' id='word_1_108' title='bbox 701 1132 746 1186; x_wconf 92' lang='grc' dir='ltr'>ούκ</span> <span class='ocrx_word' id='word_1_109' title='bbox 766 1131 818 1186; x_wconf 76' lang='grc' dir='ltr'>ἔστι</span> <span class='ocrx_word' id='word_1_110' title='bbox 836 1129 1016 1198; x_wconf 84' lang='grc' dir='ltr'>λιπστάκτηςδ</span> <span class='ocrx_word' id='word_1_111' title='bbox 1098 1134 1166 1198; x_wconf 91' lang='grc'>560,</span> <span class='ocrx_word' id='word_1_112' title='bbox 1178 1138 1204 1186; x_wconf 90' lang='grc'>6.</span> <span class='ocrx_word' id='word_1_113' title='bbox 1219 1133 1283 1204; x_wconf 81' lang='grc' dir='ltr'>Σιγῇ</span> <span class='ocrx_word' id='word_1_114' title='bbox 1294 1132 1321 1185; x_wconf 79' lang='grc' dir='ltr'>δὲ</span> <span class='ocrx_word' id='word_1_115' title='bbox 1339 1132 1370 1185; x_wconf 80' lang='grc' dir='ltr'>τά</span> <span class='ocrx_word' id='word_1_116' title='bbox 1382 1133 1457 1202; x_wconf 79' lang='grc' dir='ltr'>ψευδῆ</span> <span class='ocrx_word' id='word_1_117' title='bbox 1474 1131 1543 1202; x_wconf 78' lang='grc' dir='ltr'>ῥᾷστ’</span> <span class='ocrx_word' id='word_1_118' title='bbox 1558 1132 1737 1199; x_wconf 72' lang='grc' dir='ltr'>διανευόντων]</span> <span class='ocrx_word' id='word_1_119' title='bbox 1753 1131 1785 1185; x_wconf 80' lang='grc' dir='ltr'>Οἱ</span> <span class='ocrx_word' id='word_1_120' title='bbox 1798 1130 1851 1201; x_wconf 78' lang='grc' dir='ltr'>γάρ</span> 
     </span>
     <span class='ocr_line' id='line_1_10' title="bbox 232 1210 1851 1289; baseline -0.004 -19"><span class='ocrx_word' id='word_1_121' title='bbox 232 1219 400 1289; x_wconf 82' lang='grc' dir='ltr'>Δημοσθένης,</span> <span class='ocrx_word' id='word_1_122' title='bbox 414 1215 482 1268; x_wconf 79' lang='grc' dir='ltr'>άλλδ</span> <span class='ocrx_word' id='word_1_123' title='bbox 494 1214 537 1267; x_wconf 87' lang='grc' dir='ltr'>καί</span> <span class='ocrx_word' id='word_1_124' title='bbox 550 1212 668 1284; x_wconf 87' lang='grc' dir='ltr'>άνδρεῖος.</span> <span class='ocrx_word' id='word_1_125' title='bbox 1062 1212 1149 1275; x_wconf 77' lang='grc' dir='ltr'>ἔξωθεν</span> <span class='ocrx_word' id='word_1_126' title='bbox 1164 1213 1353 1277; x_wconf 89' lang='grc' dir='ltr'>σπουδάζοντες,</span> <span class='ocrx_word' id='word_1_127' title='bbox 1371 1211 1467 1265; x_wconf 77' lang='grc' dir='ltr'>ἐπειδάν</span> <span class='ocrx_word' id='word_1_128' title='bbox 1482 1210 1642 1281; x_wconf 86' lang='grc' dir='ltr'>δκατήγορος</span> <span class='ocrx_word' id='word_1_129' title='bbox 1650 1211 1711 1282; x_wconf 79' lang='grc' dir='ltr'>λίγη</span> <span class='ocrx_word' id='word_1_130' title='bbox 1720 1210 1752 1264; x_wconf 83' lang='grc' dir='ltr'>τά</span> <span class='ocrx_word' id='word_1_131' title='bbox 1765 1210 1851 1278; x_wconf 79' lang='grc' dir='ltr'>άδική-</span> 
     </span>
     <span class='ocr_line' id='line_1_11' title="bbox 270 1285 1852 1363; baseline -0.005 -13"><span class='ocrx_word' id='word_1_132' title='bbox 270 1297 331 1361; x_wconf 82' lang='grc'>558,</span> <span class='ocrx_word' id='word_1_133' title='bbox 345 1312 389 1350; x_wconf 73' lang='grc' dir='ltr'>σο.</span> <span class='ocrx_word' id='word_1_134' title='bbox 406 1292 438 1347; x_wconf 81' lang='grc' dir='ltr'>Εἰ</span> <span class='ocrx_word' id='word_1_135' title='bbox 450 1313 477 1347; x_wconf 89' lang='grc' dir='ltr'>σε</span> <span class='ocrx_word' id='word_1_136' title='bbox 491 1292 530 1347; x_wconf 76' lang='grc' dir='ltr'>ἐπί</span> <span class='ocrx_word' id='word_1_137' title='bbox 549 1292 642 1354; x_wconf 90' lang='grc' dir='ltr'>τούτοις</span> <span class='ocrx_word' id='word_1_138' title='bbox 656 1290 780 1363; x_wconf 58' lang='grc' dir='ltr'>ἔσκωψεν]</span> <span class='ocrx_word' id='word_1_139' title='bbox 798 1285 841 1353; x_wconf 86' lang='grc' dir='ltr'>Εἰς</span> <span class='ocrx_word' id='word_1_140' title='bbox 853 1296 902 1344; x_wconf 77' lang='grc' dir='ltr'>τῶν</span> <span class='ocrx_word' id='word_1_141' title='bbox 921 1288 1013 1343; x_wconf 85' lang='grc' dir='ltr'>ίππίων</span> <span class='ocrx_word' id='word_1_142' title='bbox 1063 1310 1143 1363; x_wconf 91' lang='grc' dir='ltr'>ματα,</span> <span class='ocrx_word' id='word_1_143' title='bbox 1154 1291 1233 1361; x_wconf 92' lang='grc' dir='ltr'>λάθρα</span> <span class='ocrx_word' id='word_1_144' title='bbox 1243 1290 1286 1344; x_wconf 84' lang='grc' dir='ltr'>καί</span> <span class='ocrx_word' id='word_1_145' title='bbox 1292 1292 1417 1361; x_wconf 83' lang='grc' dir='ltr'>πόρρωθεν</span> <span class='ocrx_word' id='word_1_146' title='bbox 1429 1289 1572 1342; x_wconf 88' lang='grc' dir='ltr'>άνανεύουσι</span> <span class='ocrx_word' id='word_1_147' title='bbox 1584 1290 1636 1349; x_wconf 88' lang='grc' dir='ltr'>τοῖς</span> <span class='ocrx_word' id='word_1_148' title='bbox 1647 1288 1788 1350; x_wconf 75' lang='grc' dir='ltr'>δικασταῖς,</span> <span class='ocrx_word' id='word_1_149' title='bbox 1808 1289 1852 1342; x_wconf 88' lang='grc' dir='ltr'>ἰν-</span> 
     </span>
     <span class='ocr_line' id='line_1_12' title="bbox 233 1364 1851 1449; baseline -0.006 -19"><span class='ocrx_word' id='word_1_150' title='bbox 233 1379 403 1449; x_wconf 82' lang='grc' dir='ltr'>κωμικύντιρος</span> <span class='ocrx_word' id='word_1_151' title='bbox 415 1378 449 1428; x_wconf 81' lang='grc' dir='ltr'>ὢν</span> <span class='ocrx_word' id='word_1_152' title='bbox 463 1374 601 1445; x_wconf 72' lang='grc' dir='ltr'>άπύσκωρεν</span> <span class='ocrx_word' id='word_1_153' title='bbox 614 1372 647 1434; x_wconf 86' lang='grc' dir='ltr'>εἰς</span> <span class='ocrx_word' id='word_1_154' title='bbox 663 1373 753 1440; x_wconf 88' lang='grc' dir='ltr'>ταύτην</span> <span class='ocrx_word' id='word_1_155' title='bbox 767 1371 841 1424; x_wconf 88' lang='grc' dir='ltr'>αύτοῦ</span> <span class='ocrx_word' id='word_1_156' title='bbox 856 1370 900 1437; x_wconf 79' lang='grc' dir='ltr'>τὴν</span> <span class='ocrx_word' id='word_1_157' title='bbox 914 1369 1015 1441; x_wconf 86' lang='grc' dir='ltr'>τρυφήν.</span> <span class='ocrx_word' id='word_1_158' title='bbox 1062 1370 1213 1440; x_wconf 74' lang='grc' dir='ltr'>δεικνύμενοι</span> <span class='ocrx_word' id='word_1_159' title='bbox 1231 1369 1306 1440; x_wconf 80' lang='grc' dir='ltr'>μηδὲν</span> <span class='ocrx_word' id='word_1_160' title='bbox 1319 1366 1407 1436; x_wconf 76' lang='grc' dir='ltr'>άληθλς</span> <span class='ocrx_word' id='word_1_161' title='bbox 1420 1367 1487 1423; x_wconf 86' lang='grc' dir='ltr'>εἰναι</span> <span class='ocrx_word' id='word_1_162' title='bbox 1501 1373 1550 1421; x_wconf 85' lang='grc' dir='ltr'>τῶν</span> <span class='ocrx_word' id='word_1_163' title='bbox 1566 1366 1721 1438; x_wconf 81' lang='grc' dir='ltr'>λεγομένων.</span> <span class='ocrx_word' id='word_1_164' title='bbox 1743 1364 1851 1437; x_wconf 78' lang='grc' dir='ltr'>Ῥᾷστον</span> 
     </span>
     <span class='ocr_line' id='line_1_13' title="bbox 270 1447 1461 1524; baseline -0.006 -15"><span class='ocrx_word' id='word_1_165' title='bbox 270 1457 332 1521; x_wconf 83' lang='grc'>558,</span> <span class='ocrx_word' id='word_1_166' title='bbox 343 1471 388 1508; x_wconf 77' lang='lat'>²2.</span> <span class='ocrx_word' id='word_1_167' title='bbox 403 1452 433 1505; x_wconf 85' lang='grc' dir='ltr'>Εἰ</span> <span class='ocrx_word' id='word_1_168' title='bbox 449 1451 552 1524; x_wconf 78' lang='grc' dir='ltr'>μὲνγὰρ</span> <span class='ocrx_word' id='word_1_169' title='bbox 565 1451 652 1513; x_wconf 86' lang='grc' dir='ltr'>ίποίεις</span> <span class='ocrx_word' id='word_1_170' title='bbox 665 1455 756 1515; x_wconf 90' lang='grc' dir='ltr'>ταῦτα,</span> <span class='ocrx_word' id='word_1_171' title='bbox 772 1448 794 1504; x_wconf 82' lang='grc' dir='ltr'><em>ὦ</em></span> <span class='ocrx_word' id='word_1_172' title='bbox 808 1452 913 1519; x_wconf 83' lang='grc' dir='ltr'>Μειδία]</span> <span class='ocrx_word' id='word_1_173' title='bbox 923 1449 1018 1519; x_wconf 84' lang='grc' dir='ltr'>Διλημ·</span> <span class='ocrx_word' id='word_1_174' title='bbox 1062 1450 1088 1503; x_wconf 82' lang='grc' dir='ltr'>δὲ</span> <span class='ocrx_word' id='word_1_175' title='bbox 1099 1451 1127 1503; x_wconf 83' lang='grc' dir='ltr'>τθ</span> <span class='ocrx_word' id='word_1_176' title='bbox 1139 1454 1250 1504; x_wconf 88' lang='grc' dir='ltr'>τοιοῦτον</span> <span class='ocrx_word' id='word_1_177' title='bbox 1267 1450 1307 1503; x_wconf 85' lang='grc' dir='ltr'>καὶ</span> <span class='ocrx_word' id='word_1_178' title='bbox 1324 1447 1461 1503; x_wconf 71' lang='grc' dir='ltr'>ἀκίνδυνον.</span> 
     </span>
     <span class='ocr_line' id='line_1_14' title="bbox 236 1523 1851 1608; baseline -0.006 -20"><span class='ocrx_word' id='word_1_179' title='bbox 236 1537 306 1608; x_wconf 83' lang='grc' dir='ltr'>μάτῳ</span> <span class='ocrx_word' id='word_1_180' title='bbox 319 1536 448 1605; x_wconf 88' lang='grc' dir='ltr'>κέχρηται,</span> <span class='ocrx_word' id='word_1_181' title='bbox 463 1529 491 1585; x_wconf 87' lang='grc' dir='ltr'>ού</span> <span class='ocrx_word' id='word_1_182' title='bbox 501 1533 529 1586; x_wconf 87' lang='grc' dir='ltr'>τδ</span> <span class='ocrx_word' id='word_1_183' title='bbox 542 1531 585 1603; x_wconf 79' lang='grc' dir='ltr'>μὲν</span> <span class='ocrx_word' id='word_1_184' title='bbox 597 1536 693 1602; x_wconf 82' lang='grc' dir='ltr'>πρῶτον</span> <span class='ocrx_word' id='word_1_185' title='bbox 706 1533 776 1603; x_wconf 77' lang='grc' dir='ltr'>μέρος</span> <span class='ocrx_word' id='word_1_186' title='bbox 786 1530 933 1585; x_wconf 86' lang='grc' dir='ltr'>άιιολουθίαν</span> <span class='ocrx_word' id='word_1_187' title='bbox 949 1530 1016 1601; x_wconf 82' lang='grc' dir='ltr'>ἔχει,</span> <span class='ocrx_word' id='word_1_188' title='bbox 1099 1530 1159 1592; x_wconf 91' lang='grc'>560,</span> <span class='ocrx_word' id='word_1_189' title='bbox 1172 1547 1198 1598; x_wconf 87' lang='grc'>7.</span> <span class='ocrx_word' id='word_1_190' title='bbox 1211 1528 1259 1590; x_wconf 80' lang='grc' dir='ltr'>Ούς</span> <span class='ocrx_word' id='word_1_191' title='bbox 1271 1527 1305 1598; x_wconf 78' lang='grc' dir='ltr'>μύ</span> <span class='ocrx_word' id='word_1_192' title='bbox 1317 1528 1373 1590; x_wconf 76' lang='grc' dir='ltr'>τούς</span> <span class='ocrx_word' id='word_1_193' title='bbox 1382 1528 1463 1598; x_wconf 79' lang='grc' dir='ltr'>θεούς]</span> <span class='ocrx_word' id='word_1_194' title='bbox 1476 1526 1645 1596; x_wconf 84' lang='grc' dir='ltr'>Μισθοφόρους</span> <span class='ocrx_word' id='word_1_195' title='bbox 1656 1523 1729 1579; x_wconf 82' lang='grc' dir='ltr'>εἰπὼν</span> <span class='ocrx_word' id='word_1_196' title='bbox 1740 1524 1851 1598; x_wconf 73' lang='grc' dir='ltr'>ἰρούήθη</span> 
     </span>
     <span class='ocr_line' id='line_1_15' title="bbox 235 1604 1853 1683; baseline -0.005 -16"><span class='ocrx_word' id='word_1_197' title='bbox 235 1614 264 1667; x_wconf 78' lang='grc' dir='ltr'>τὸ</span> <span class='ocrx_word' id='word_1_198' title='bbox 276 1613 303 1666; x_wconf 76' lang='grc' dir='ltr'>δὲ</span> <span class='ocrx_word' id='word_1_199' title='bbox 311 1613 421 1683; x_wconf 86' lang='grc' dir='ltr'>δεύτερον</span> <span class='ocrx_word' id='word_1_200' title='bbox 435 1612 582 1681; x_wconf 84' lang='grc' dir='ltr'>σεσόφισται.</span> <span class='ocrx_word' id='word_1_201' title='bbox 620 1608 651 1661; x_wconf 86' lang='grc' dir='ltr'>Εἰ</span> <span class='ocrx_word' id='word_1_202' title='bbox 660 1613 736 1661; x_wconf 86' lang='grc' dir='ltr'>ταῦτα</span> <span class='ocrx_word' id='word_1_203' title='bbox 748 1607 849 1674; x_wconf 80' lang='grc' dir='ltr'>ἐποίεις,</span> <span class='ocrx_word' id='word_1_204' title='bbox 866 1608 964 1670; x_wconf 87' lang='grc' dir='ltr'>δικαίως</span> <span class='ocrx_word' id='word_1_205' title='bbox 978 1626 1020 1662; x_wconf 87' lang='grc' dir='ltr'>κα·</span> <span class='ocrx_word' id='word_1_206' title='bbox 1064 1606 1097 1677; x_wconf 81' lang='grc' dir='ltr'>μὴ</span> <span class='ocrx_word' id='word_1_207' title='bbox 1113 1607 1227 1677; x_wconf 84' lang='grc' dir='ltr'>πρδςτδν</span> <span class='ocrx_word' id='word_1_208' title='bbox 1240 1607 1327 1678; x_wconf 84' lang='grc' dir='ltr'>μισθὸν</span> <span class='ocrx_word' id='word_1_209' title='bbox 1337 1605 1456 1660; x_wconf 84' lang='grc' dir='ltr'>άπίδωσιν</span> <span class='ocrx_word' id='word_1_210' title='bbox 1467 1606 1491 1659; x_wconf 86' lang='grc' dir='ltr'>οἰ</span> <span class='ocrx_word' id='word_1_211' title='bbox 1502 1604 1797 1670; x_wconf 81' lang='grc' dir='ltr'>δικασταί,ὣςείωθότος</span> <span class='ocrx_word' id='word_1_212' title='bbox 1805 1611 1853 1659; x_wconf 80' lang='grc' dir='ltr'>τοῦ</span> 
     </span>
     <span class='ocr_line' id='line_1_16' title="bbox 235 1685 1853 1759; baseline -0.004 -14"><span class='ocrx_word' id='word_1_213' title='bbox 235 1693 285 1756; x_wconf 79' lang='grc' dir='ltr'>λιῦς</span> <span class='ocrx_word' id='word_1_214' title='bbox 302 1690 396 1758; x_wconf 85' lang='grc' dir='ltr'>ήκουες.</span> <span class='ocrx_word' id='word_1_215' title='bbox 446 1688 476 1742; x_wconf 74' lang='lat'>‘0</span> <span class='ocrx_word' id='word_1_216' title='bbox 496 1689 523 1743; x_wconf 78' lang='grc' dir='ltr'>δί</span> <span class='ocrx_word' id='word_1_217' title='bbox 538 1688 571 1751; x_wconf 89' lang='grc' dir='ltr'>εἰς</span> <span class='ocrx_word' id='word_1_218' title='bbox 592 1690 674 1759; x_wconf 79' lang='grc' dir='ltr'>ἕτερον</span> <span class='ocrx_word' id='word_1_219' title='bbox 690 1689 837 1759; x_wconf 71' lang='grc' dir='ltr'>περιήγαγεν</span> <span class='ocrx_word' id='word_1_220' title='bbox 857 1710 868 1738; x_wconf 82' lang='grc' dir='ltr'>ι</span> <span class='ocrx_word' id='word_1_221' title='bbox 895 1687 917 1742; x_wconf 88' lang='grc' dir='ltr'>εἰ</span> <span class='ocrx_word' id='word_1_222' title='bbox 934 1687 961 1741; x_wconf 85' lang='grc' dir='ltr'>δί</span> <span class='ocrx_word' id='word_1_223' title='bbox 984 1685 1017 1758; x_wconf 79' lang='grc' dir='ltr'>μή</span> <span class='ocrx_word' id='word_1_224' title='bbox 1063 1688 1166 1740; x_wconf 82' lang='grc' dir='ltr'>Μειδίου</span> <span class='ocrx_word' id='word_1_225' title='bbox 1190 1687 1307 1758; x_wconf 87' lang='grc' dir='ltr'>χρήματα</span> <span class='ocrx_word' id='word_1_226' title='bbox 1324 1688 1419 1740; x_wconf 83' lang='grc' dir='ltr'>διδόναι</span> <span class='ocrx_word' id='word_1_227' title='bbox 1436 1688 1488 1748; x_wconf 90' lang='grc' dir='ltr'>τοῖς</span> <span class='ocrx_word' id='word_1_228' title='bbox 1512 1686 1757 1757; x_wconf 79' lang='grc' dir='ltr'>συναγωνιζομένοις.</span> <span class='ocrx_word' id='word_1_229' title='bbox 1794 1686 1853 1739; x_wconf 86' lang='grc' dir='ltr'>Ἵνα</span> 
     </span>
     <span class='ocr_line' id='line_1_17' title="bbox 239 1761 1852 1839; baseline -0.002 -17"><span class='ocrx_word' id='word_1_230' title='bbox 239 1771 392 1832; x_wconf 79' lang='grc' dir='ltr'>εποιοῦντύς</span> <span class='ocrx_word' id='word_1_231' title='bbox 404 1788 447 1822; x_wconf 87' lang='grc' dir='ltr'>σου</span> <span class='ocrx_word' id='word_1_232' title='bbox 462 1769 540 1839; x_wconf 77' lang='grc' dir='ltr'>ἕτεροι</span> <span class='ocrx_word' id='word_1_233' title='bbox 562 1767 690 1830; x_wconf 91' lang='grc' dir='ltr'>άκούοντες</span> <span class='ocrx_word' id='word_1_234' title='bbox 712 1766 857 1838; x_wconf 78' lang='grc' dir='ltr'>ἐπέχαιρον,</span> <span class='ocrx_word' id='word_1_235' title='bbox 875 1767 939 1829; x_wconf 75' lang='grc' dir='ltr'>άξιος</span> <span class='ocrx_word' id='word_1_236' title='bbox 954 1762 1019 1833; x_wconf 83' lang='grc' dir='ltr'>ήσθα</span> <span class='ocrx_word' id='word_1_237' title='bbox 1064 1766 1107 1837; x_wconf 80' lang='grc' dir='ltr'>μὲν</span> <span class='ocrx_word' id='word_1_238' title='bbox 1119 1761 1163 1819; x_wconf 88' lang='grc' dir='ltr'>ούν</span> <span class='ocrx_word' id='word_1_239' title='bbox 1181 1764 1214 1837; x_wconf 82' lang='grc' dir='ltr'>μὴ</span> <span class='ocrx_word' id='word_1_240' title='bbox 1233 1766 1292 1837; x_wconf 84' lang='grc' dir='ltr'>πρδς</span> <span class='ocrx_word' id='word_1_241' title='bbox 1311 1765 1340 1819; x_wconf 85' lang='grc' dir='ltr'>τθ</span> <span class='ocrx_word' id='word_1_242' title='bbox 1352 1765 1469 1837; x_wconf 80' lang='grc' dir='ltr'>κίρδοςοί</span> <span class='ocrx_word' id='word_1_243' title='bbox 1480 1765 1593 1819; x_wconf 84' lang='grc' dir='ltr'>δικασταί</span> <span class='ocrx_word' id='word_1_244' title='bbox 1612 1766 1775 1834; x_wconf 82' lang='grc' dir='ltr'>χαυνωθῦνσι,</span> <span class='ocrx_word' id='word_1_245' title='bbox 1796 1765 1852 1835; x_wconf 87' lang='grc' dir='ltr'>μεθ’</span> 
     </span>
     <span class='ocr_line' id='line_1_18' title="bbox 240 1843 1852 1918; baseline -0.002 -19"><span class='ocrx_word' id='word_1_246' title='bbox 240 1850 306 1903; x_wconf 77' lang='grc' dir='ltr'>ιδιά</span> <span class='ocrx_word' id='word_1_247' title='bbox 319 1850 361 1903; x_wconf 87' lang='grc' dir='ltr'>τδν</span> <span class='ocrx_word' id='word_1_248' title='bbox 372 1848 451 1902; x_wconf 70' lang='grc' dir='ltr'>ἄλλον</span> <span class='ocrx_word' id='word_1_249' title='bbox 464 1848 516 1918; x_wconf 93' lang='grc' dir='ltr'>βίον</span> <span class='ocrx_word' id='word_1_250' title='bbox 530 1851 607 1901; x_wconf 90' lang='grc' dir='ltr'>ταῦτα</span> <span class='ocrx_word' id='word_1_251' title='bbox 616 1845 722 1900; x_wconf 85' lang='grc' dir='ltr'>άκούειν.</span> <span class='ocrx_word' id='word_1_252' title='bbox 738 1867 749 1894; x_wconf 83' lang='grc' dir='ltr'>ν</span> <span class='ocrx_word' id='word_1_253' title='bbox 767 1845 884 1917; x_wconf 82' lang='grc' dir='ltr'>Παρολκῇ</span> <span class='ocrx_word' id='word_1_254' title='bbox 895 1844 942 1915; x_wconf 83' lang='grc' dir='ltr'>γὰρ</span> <span class='ocrx_word' id='word_1_255' title='bbox 956 1864 1018 1915; x_wconf 85' lang='grc' dir='ltr'>χρη·</span> <span class='ocrx_word' id='word_1_256' title='bbox 1063 1846 1137 1916; x_wconf 82' lang='grc' dir='ltr'>ὅρκου</span> <span class='ocrx_word' id='word_1_257' title='bbox 1148 1844 1193 1910; x_wconf 77' lang='grc' dir='ltr'>τὴν</span> <span class='ocrx_word' id='word_1_258' title='bbox 1207 1845 1308 1917; x_wconf 86' lang='grc' dir='ltr'>άρνησιν</span> <span class='ocrx_word' id='word_1_259' title='bbox 1324 1844 1470 1912; x_wconf 78' lang='grc' dir='ltr'>ἐποιήσατο,</span> <span class='ocrx_word' id='word_1_260' title='bbox 1487 1843 1562 1916; x_wconf 72' lang='grc' dir='ltr'>μηδὲν</span> <span class='ocrx_word' id='word_1_261' title='bbox 1576 1843 1725 1915; x_wconf 81' lang='grc' dir='ltr'>ὠφελεῖσθαι</span> <span class='ocrx_word' id='word_1_262' title='bbox 1736 1845 1792 1914; x_wconf 77' lang='grc' dir='ltr'>παρ’</span> <span class='ocrx_word' id='word_1_263' title='bbox 1807 1844 1852 1896; x_wconf 77' lang='grc' dir='ltr'>αὖ·</span> 
     </span>
     <span class='ocr_line' id='line_1_19' title="bbox 237 1922 1849 2001; baseline -0.005 -18"><span class='ocrx_word' id='word_1_264' title='bbox 237 1932 341 2001; x_wconf 87' lang='grc' dir='ltr'>σάμενος</span> <span class='ocrx_word' id='word_1_265' title='bbox 355 1928 399 1994; x_wconf 81' lang='grc' dir='ltr'>τὴν</span> <span class='ocrx_word' id='word_1_266' title='bbox 411 1927 558 1981; x_wconf 88' lang='grc' dir='ltr'>άκολουθίαν</span> <span class='ocrx_word' id='word_1_267' title='bbox 568 1926 707 1996; x_wconf 80' lang='grc' dir='ltr'>ἔσοφίσατσ.</span> <span class='ocrx_word' id='word_1_268' title='bbox 1064 1928 1107 1976; x_wconf 86' lang='grc' dir='ltr'>τοῦ</span> <span class='ocrx_word' id='word_1_269' title='bbox 1120 1925 1176 1986; x_wconf 76' lang='grc' dir='ltr'>τούς</span> <span class='ocrx_word' id='word_1_270' title='bbox 1187 1927 1377 1987; x_wconf 89' lang='grc' dir='ltr'>σπουδάζοντας.</span> <span class='ocrx_word' id='word_1_271' title='bbox 1428 1924 1567 1987; x_wconf 84' lang='grc' dir='ltr'>ίίαίάλλως</span> <span class='ocrx_word' id='word_1_272' title='bbox 1577 1926 1731 1995; x_wconf 83' lang='grc' dir='ltr'>προσπῖπτον</span> <span class='ocrx_word' id='word_1_273' title='bbox 1744 1922 1849 1994; x_wconf 83' lang='grc' dir='ltr'>άναιρεῖ·</span> 
     </span>
     <span class='ocr_line' id='line_1_20' title="bbox 274 2001 1852 2077; baseline -0.003 -16"><span class='ocrx_word' id='word_1_274' title='bbox 274 2008 336 2077; x_wconf 84' lang='grc'>559,</span> <span class='ocrx_word' id='word_1_275' title='bbox 348 2008 374 2062; x_wconf 84' lang='grc'>5.</span> <span class='ocrx_word' id='word_1_276' title='bbox 385 2007 432 2060; x_wconf 87' lang='grc' dir='ltr'>ίίαί</span> <span class='ocrx_word' id='word_1_277' title='bbox 445 2006 475 2059; x_wconf 88' lang='grc' dir='ltr'>τδ</span> <span class='ocrx_word' id='word_1_278' title='bbox 489 2003 519 2072; x_wconf 77' lang='grc' dir='ltr'>δή</span> <span class='ocrx_word' id='word_1_279' title='bbox 535 2004 719 2076; x_wconf 85' lang='grc' dir='ltr'>σχετλαύτατον</span> <span class='ocrx_word' id='word_1_280' title='bbox 731 2001 773 2055; x_wconf 87' lang='grc' dir='ltr'>καί</span> <span class='ocrx_word' id='word_1_281' title='bbox 782 2002 913 2073; x_wconf 77' lang='grc' dir='ltr'>μέγιστον]</span> <span class='ocrx_word' id='word_1_282' title='bbox 931 2001 963 2055; x_wconf 87' lang='grc' dir='ltr'>Ὃ</span> <span class='ocrx_word' id='word_1_283' title='bbox 979 2001 1019 2055; x_wconf 87' lang='grc' dir='ltr'>λέ·</span> <span class='ocrx_word' id='word_1_284' title='bbox 1067 2026 1078 2051; x_wconf 77' lang='grc' dir='ltr'>ι</span> <span class='ocrx_word' id='word_1_285' title='bbox 1095 2003 1166 2066; x_wconf 86' lang='grc' dir='ltr'>Ἴσως</span> <span class='ocrx_word' id='word_1_286' title='bbox 1179 2004 1362 2075; x_wconf 85' lang='grc' dir='ltr'>ίπανορθοῖτδν</span> <span class='ocrx_word' id='word_1_287' title='bbox 1383 2004 1436 2074; x_wconf 85' lang='grc' dir='ltr'>βίον</span> <span class='ocrx_word' id='word_1_288' title='bbox 1452 2003 1550 2069; x_wconf 83' lang='grc' dir='ltr'>αύτοῖς,</span> <span class='ocrx_word' id='word_1_289' title='bbox 1559 2005 1738 2074; x_wconf 78' lang='grc' dir='ltr'>παραμυθεῖται</span> <span class='ocrx_word' id='word_1_290' title='bbox 1751 2001 1797 2068; x_wconf 78' lang='grc' dir='ltr'>τήν</span> <span class='ocrx_word' id='word_1_291' title='bbox 1809 2003 1852 2057; x_wconf 64' lang='grc' dir='ltr'>ἔνι</span> 
     </span>
     <span class='ocr_line' id='line_1_21' title="bbox 238 2079 1852 2158; baseline -0.002 -20"><span class='ocrx_word' id='word_1_292' title='bbox 238 2104 290 2158; x_wconf 92' lang='grc' dir='ltr'>γων</span> <span class='ocrx_word' id='word_1_293' title='bbox 311 2086 448 2151; x_wconf 73' lang='grc' dir='ltr'>ἐπαύσατο,</span> <span class='ocrx_word' id='word_1_294' title='bbox 469 2088 543 2139; x_wconf 86' lang='grc' dir='ltr'>τοῦτο</span> <span class='ocrx_word' id='word_1_295' title='bbox 563 2084 596 2146; x_wconf 80' lang='grc' dir='ltr'>ὡς</span> <span class='ocrx_word' id='word_1_296' title='bbox 617 2082 699 2136; x_wconf 86' lang='grc' dir='ltr'>κσινδν</span> <span class='ocrx_word' id='word_1_297' title='bbox 721 2080 822 2153; x_wconf 89' lang='grc' dir='ltr'>εἰσάγει.</span> <span class='ocrx_word' id='word_1_298' title='bbox 866 2082 1017 2146; x_wconf 89' lang='grc' dir='ltr'>Τοσούτων,</span> <span class='ocrx_word' id='word_1_299' title='bbox 1067 2084 1174 2147; x_wconf 81' lang='grc' dir='ltr'>ιδειαν,</span> <span class='ocrx_word' id='word_1_300' title='bbox 1187 2083 1225 2136; x_wconf 86' lang='grc' dir='ltr'>διδ</span> <span class='ocrx_word' id='word_1_301' title='bbox 1239 2082 1281 2136; x_wconf 86' lang='grc' dir='ltr'>καί</span> <span class='ocrx_word' id='word_1_302' title='bbox 1297 2083 1367 2136; x_wconf 78' lang='grc' dir='ltr'>αύτοί</span> <span class='ocrx_word' id='word_1_303' title='bbox 1385 2085 1504 2145; x_wconf 78' lang='grc' dir='ltr'>σώζουσιν</span> <span class='ocrx_word' id='word_1_304' title='bbox 1521 2083 1555 2145; x_wconf 81' lang='grc' dir='ltr'>ὣς</span> <span class='ocrx_word' id='word_1_305' title='bbox 1572 2083 1684 2154; x_wconf 73' lang='grc' dir='ltr'>εὐεργέτῃ</span> <span class='ocrx_word' id='word_1_306' title='bbox 1695 2079 1740 2147; x_wconf 79' lang='grc' dir='ltr'>τὴν</span> <span class='ocrx_word' id='word_1_307' title='bbox 1755 2080 1852 2135; x_wconf 81' lang='grc' dir='ltr'>εύνοιαν</span> 
     </span>
     <span class='ocr_line' id='line_1_22' title="bbox 238 2161 1853 2238; baseline -0.003 -19"><span class='ocrx_word' id='word_1_308' title='bbox 238 2167 326 2238; x_wconf 82' lang='grc' dir='ltr'>φησὶν,</span> <span class='ocrx_word' id='word_1_309' title='bbox 346 2166 479 2238; x_wconf 83' lang='grc' dir='ltr'>άνθρώπων</span> <span class='ocrx_word' id='word_1_310' title='bbox 493 2164 587 2236; x_wconf 85' lang='grc' dir='ltr'>άθρύως</span> <span class='ocrx_word' id='word_1_311' title='bbox 602 2165 756 2233; x_wconf 88' lang='grc' dir='ltr'>κατηγορεῖς.</span> <span class='ocrx_word' id='word_1_312' title='bbox 793 2163 866 2232; x_wconf 86' lang='grc' dir='ltr'>Λέγει</span> <span class='ocrx_word' id='word_1_313' title='bbox 881 2161 907 2214; x_wconf 76' lang='grc' dir='ltr'>δί</span> <span class='ocrx_word' id='word_1_314' title='bbox 920 2168 968 2215; x_wconf 84' lang='grc' dir='ltr'>τῶν</span> <span class='ocrx_word' id='word_1_315' title='bbox 980 2161 1020 2215; x_wconf 84' lang='grc' dir='ltr'>ίπ·</span> <span class='ocrx_word' id='word_1_316' title='bbox 1065 2188 1076 2210; x_wconf 76' lang='grc' dir='ltr'>ι</span> <span class='ocrx_word' id='word_1_317' title='bbox 1091 2164 1116 2218; x_wconf 80' lang='grc' dir='ltr'>ἐν</span> <span class='ocrx_word' id='word_1_318' title='bbox 1129 2166 1184 2226; x_wconf 88' lang='grc' dir='ltr'>ταῖς</span> <span class='ocrx_word' id='word_1_319' title='bbox 1198 2165 1291 2235; x_wconf 90' lang='grc' dir='ltr'>χρείαις</span> <span class='ocrx_word' id='word_1_320' title='bbox 1301 2164 1495 2235; x_wconf 82' lang='grc' dir='ltr'>διακονούμενοι.</span> <span class='ocrx_word' id='word_1_321' title='bbox 1512 2189 1524 2210; x_wconf 75' lang='grc' dir='ltr'>ι</span> <span class='ocrx_word' id='word_1_322' title='bbox 1544 2162 1678 2217; x_wconf 83' lang='grc' dir='ltr'>Ἐκῦάλλει</span> <span class='ocrx_word' id='word_1_323' title='bbox 1691 2162 1772 2216; x_wconf 85' lang='grc' dir='ltr'>τοίνυν</span> <span class='ocrx_word' id='word_1_324' title='bbox 1784 2163 1853 2234; x_wconf 82' lang='grc' dir='ltr'>δριαρ</span> 
     </span>
     <span class='ocr_line' id='line_1_23' title="bbox 239 2234 1206 2315; baseline -0.008 -17"><span class='ocrx_word' id='word_1_325' title='bbox 239 2248 319 2310; x_wconf 89' lang='grc' dir='ltr'>πέων,</span> <span class='ocrx_word' id='word_1_326' title='bbox 330 2246 388 2315; x_wconf 85' lang='grc' dir='ltr'>θπερ</span> <span class='ocrx_word' id='word_1_327' title='bbox 398 2245 470 2314; x_wconf 82' lang='grc' dir='ltr'>μέχρι</span> <span class='ocrx_word' id='word_1_328' title='bbox 478 2246 520 2295; x_wconf 92' lang='grc' dir='ltr'>νῦν</span> <span class='ocrx_word' id='word_1_329' title='bbox 536 2241 643 2307; x_wconf 73' lang='grc' dir='ltr'>ἐξήταζε.</span> <span class='ocrx_word' id='word_1_330' title='bbox 679 2240 721 2302; x_wconf 83' lang='grc' dir='ltr'>Τίς</span> <span class='ocrx_word' id='word_1_331' title='bbox 732 2234 775 2293; x_wconf 84' lang='grc' dir='ltr'>ούν</span> <span class='ocrx_word' id='word_1_332' title='bbox 786 2237 959 2310; x_wconf 78' lang='grc' dir='ltr'>ήπαραλλαγή</span> <span class='ocrx_word' id='word_1_333' title='bbox 969 2240 1023 2292; x_wconf 81' lang='grc' dir='ltr'>τού·</span> <span class='ocrx_word' id='word_1_334' title='bbox 1064 2243 1109 2311; x_wconf 70' lang='grc' dir='ltr'>τὴν</span> <span class='ocrx_word' id='word_1_335' title='bbox 1123 2245 1206 2307; x_wconf 62' lang='grc' dir='ltr'>δόξαν,</span> 
     </span>
     <span class='ocr_line' id='line_1_24' title="bbox 240 2317 1853 2395; baseline -0.002 -17"><span class='ocrx_word' id='word_1_336' title='bbox 240 2343 305 2389; x_wconf 85' lang='grc' dir='ltr'>των;</span> <span class='ocrx_word' id='word_1_337' title='bbox 318 2327 357 2378; x_wconf 86' lang='grc' dir='ltr'>δτι</span> <span class='ocrx_word' id='word_1_338' title='bbox 370 2323 425 2378; x_wconf 78' lang='grc' dir='ltr'>ἐκεῖ</span> <span class='ocrx_word' id='word_1_339' title='bbox 432 2322 475 2394; x_wconf 78' lang='grc' dir='ltr'>μὲν</span> <span class='ocrx_word' id='word_1_340' title='bbox 486 2321 607 2392; x_wconf 78' lang='grc' dir='ltr'>ὀνομαστί</span> <span class='ocrx_word' id='word_1_341' title='bbox 617 2322 672 2383; x_wconf 77' lang='grc' dir='ltr'>τούς</span> <span class='ocrx_word' id='word_1_342' title='bbox 686 2320 770 2382; x_wconf 77' lang='grc' dir='ltr'>ίππίσς</span> <span class='ocrx_word' id='word_1_343' title='bbox 780 2318 865 2385; x_wconf 68' lang='grc' dir='ltr'>εἶπεν,</span> <span class='ocrx_word' id='word_1_344' title='bbox 880 2319 983 2374; x_wconf 64' lang='grc' dir='ltr'>ἔθσσΰθσ</span> <span class='ocrx_word' id='word_1_345' title='bbox 995 2317 1021 2372; x_wconf 73' lang='grc' dir='ltr'>δί</span> <span class='ocrx_word' id='word_1_346' title='bbox 1101 2326 1162 2390; x_wconf 88' lang='grc'>560,</span> <span class='ocrx_word' id='word_1_347' title='bbox 1177 2328 1204 2380; x_wconf 88' lang='grc'>8.</span> <span class='ocrx_word' id='word_1_348' title='bbox 1219 2322 1294 2377; x_wconf 80' lang='grc' dir='ltr'>Ἀλλίι</span> <span class='ocrx_word' id='word_1_349' title='bbox 1302 2323 1379 2377; x_wconf 87' lang='grc' dir='ltr'>δεινοί</span> <span class='ocrx_word' id='word_1_350' title='bbox 1386 2325 1447 2385; x_wconf 81' lang='grc' dir='ltr'>τινίς</span> <span class='ocrx_word' id='word_1_351' title='bbox 1461 2322 1538 2395; x_wconf 78' lang='grc' dir='ltr'>εἰσιν]</span> <span class='ocrx_word' id='word_1_352' title='bbox 1552 2321 1655 2392; x_wconf 82' lang='grc' dir='ltr'>Ἕτερον</span> <span class='ocrx_word' id='word_1_353' title='bbox 1667 2320 1746 2389; x_wconf 80' lang='grc' dir='ltr'>αἴτιον</span> <span class='ocrx_word' id='word_1_354' title='bbox 1759 2321 1853 2391; x_wconf 84' lang='grc' dir='ltr'>εἰσάγει</span> 
     </span>
     <span class='ocr_line' id='line_1_25' title="bbox 240 2401 1854 2476; baseline 0.001 -20"><span class='ocrx_word' id='word_1_355' title='bbox 240 2404 357 2476; x_wconf 89' lang='grc' dir='ltr'>άορίστως</span> <span class='ocrx_word' id='word_1_356' title='bbox 372 2404 465 2471; x_wconf 84' lang='grc' dir='ltr'>πλῆθος</span> <span class='ocrx_word' id='word_1_357' title='bbox 479 2402 612 2474; x_wconf 75' lang='grc' dir='ltr'>ἀνθρώπων</span> <span class='ocrx_word' id='word_1_358' title='bbox 625 2401 763 2473; x_wconf 78' lang='grc' dir='ltr'>ὠνόμασεν.</span> <span class='ocrx_word' id='word_1_359' title='bbox 1065 2407 1107 2458; x_wconf 83' lang='grc' dir='ltr'>καί</span> <span class='ocrx_word' id='word_1_360' title='bbox 1124 2406 1215 2470; x_wconf 83' lang='grc' dir='ltr'>πάθος,</span> <span class='ocrx_word' id='word_1_361' title='bbox 1235 2404 1303 2457; x_wconf 81' lang='grc' dir='ltr'>άλλίι</span> <span class='ocrx_word' id='word_1_362' title='bbox 1320 2405 1439 2475; x_wconf 85' lang='grc' dir='ltr'>περύκασί</span> <span class='ocrx_word' id='word_1_363' title='bbox 1458 2423 1521 2466; x_wconf 89' lang='grc' dir='ltr'>τινες</span> <span class='ocrx_word' id='word_1_364' title='bbox 1540 2405 1670 2457; x_wconf 84' lang='grc' dir='ltr'>συνάπτειν</span> <span class='ocrx_word' id='word_1_365' title='bbox 1689 2403 1788 2466; x_wconf 70' lang='grc' dir='ltr'>ἑαυτούς</span> <span class='ocrx_word' id='word_1_366' title='bbox 1800 2408 1854 2467; x_wconf 85' lang='grc' dir='ltr'>τοῖς</span> 
     </span>
     <span class='ocr_line' id='line_1_26' title="bbox 277 2477 1853 2554; baseline -0.004 -11"><span class='ocrx_word' id='word_1_367' title='bbox 277 2483 339 2552; x_wconf 79' lang='grc'>559,</span> <span class='ocrx_word' id='word_1_368' title='bbox 354 2497 395 2536; x_wconf 81' lang='lat'>12.</span> <span class='ocrx_word' id='word_1_369' title='bbox 411 2481 453 2543; x_wconf 77' lang='grc' dir='ltr'>Τίς</span> <span class='ocrx_word' id='word_1_370' title='bbox 473 2479 542 2551; x_wconf 67' lang='grc' dir='ltr'>θρῶθ</span> <span class='ocrx_word' id='word_1_371' title='bbox 559 2480 615 2552; x_wconf 67' lang='grc' dir='ltr'>ἔρσί</span> <span class='ocrx_word' id='word_1_372' title='bbox 635 2498 659 2533; x_wconf 71' lang='grc' dir='ltr'>σῑ</span> <span class='ocrx_word' id='word_1_373' title='bbox 673 2480 799 2550; x_wconf 61' lang='grc' dir='ltr'>σύνσῑῧσθ]</span> <span class='ocrx_word' id='word_1_374' title='bbox 820 2477 893 2550; x_wconf 60' lang='grc' dir='ltr'>’θσῑρ</span> <span class='ocrx_word' id='word_1_375' title='bbox 909 2477 1023 2548; x_wconf 60' lang='lat' dir='ltr'>ssew&amp;</span> <span class='ocrx_word' id='word_1_376' title='bbox 1065 2484 1191 2546; x_wconf 82' lang='grc' dir='ltr'>πλουσίοις</span> <span class='ocrx_word' id='word_1_377' title='bbox 1203 2482 1245 2537; x_wconf 86' lang='grc' dir='ltr'>καί</span> <span class='ocrx_word' id='word_1_378' title='bbox 1256 2484 1398 2537; x_wconf 86' lang='grc' dir='ltr'>κολακεύειν</span> <span class='ocrx_word' id='word_1_379' title='bbox 1410 2483 1452 2538; x_wconf 85' lang='grc' dir='ltr'>καί</span> <span class='ocrx_word' id='word_1_380' title='bbox 1459 2483 1589 2554; x_wconf 84' lang='grc' dir='ltr'>ύπηρετεῖν</span> <span class='ocrx_word' id='word_1_381' title='bbox 1602 2482 1636 2545; x_wconf 87' lang='grc' dir='ltr'>εἰς</span> <span class='ocrx_word' id='word_1_382' title='bbox 1646 2485 1663 2535; x_wconf 80' lang='grc' dir='ltr'>ά</span> <span class='ocrx_word' id='word_1_383' title='bbox 1675 2483 1823 2553; x_wconf 89' lang='grc' dir='ltr'>βούλονται,</span> <span class='ocrx_word' id='word_1_384' title='bbox 1837 2486 1853 2536; x_wconf 88' lang='grc' dir='ltr'>δ</span> 
     </span>
     <span class='ocr_line' id='line_1_27' title="bbox 241 2556 1852 2634; baseline -0.006 -20"><span class='ocrx_word' id='word_1_385' title='bbox 241 2562 445 2626; x_wconf 87' lang='grc' dir='ltr'>Μειδίας,ταῦτα</span> <span class='ocrx_word' id='word_1_386' title='bbox 463 2558 594 2631; x_wconf 79' lang='grc' dir='ltr'>προλαβὼν</span> <span class='ocrx_word' id='word_1_387' title='bbox 615 2559 686 2621; x_wconf 85' lang='grc' dir='ltr'>αύτδς</span> <span class='ocrx_word' id='word_1_388' title='bbox 700 2558 763 2612; x_wconf 82' lang='grc' dir='ltr'>κατά</span> <span class='ocrx_word' id='word_1_389' title='bbox 783 2558 904 2630; x_wconf 90' lang='grc' dir='ltr'>άναίρεσιν</span> <span class='ocrx_word' id='word_1_390' title='bbox 921 2556 1022 2629; x_wconf 87' lang='grc' dir='ltr'>εἰσήγα·</span> <span class='ocrx_word' id='word_1_391' title='bbox 1065 2563 1096 2630; x_wconf 69' lang='grc' dir='ltr'>δή</span> <span class='ocrx_word' id='word_1_392' title='bbox 1110 2564 1151 2616; x_wconf 70' lang='grc' dir='ltr'>καὶ</span> <span class='ocrx_word' id='word_1_393' title='bbox 1161 2563 1299 2634; x_wconf 81' lang='grc' dir='ltr'>φθείρεσθαι</span> <span class='ocrx_word' id='word_1_394' title='bbox 1311 2561 1439 2633; x_wconf 81' lang='grc' dir='ltr'>ὀνομάζει.</span> <span class='ocrx_word' id='word_1_395' title='bbox 1475 2561 1789 2632; x_wconf 78' lang='grc' dir='ltr'>Φθοράγίερτδταῖςτῶν</span> <span class='ocrx_word' id='word_1_396' title='bbox 1803 2562 1852 2614; x_wconf 64' lang='grc' dir='ltr'>ιλ.</span> 
     </span>
     <span class='ocr_line' id='line_1_28' title="bbox 241 2636 1853 2713; baseline 0.002 -21"><span class='ocrx_word' id='word_1_397' title='bbox 241 2658 302 2711; x_wconf 86' lang='grc' dir='ltr'>γεν,</span> <span class='ocrx_word' id='word_1_398' title='bbox 315 2662 326 2689; x_wconf 85' lang='grc' dir='ltr'>ι</span> <span class='ocrx_word' id='word_1_399' title='bbox 343 2642 382 2694; x_wconf 82' lang='grc' dir='ltr'>ότι</span> <span class='ocrx_word' id='word_1_400' title='bbox 391 2638 446 2693; x_wconf 79' lang='grc' dir='ltr'>ούδί</span> <span class='ocrx_word' id='word_1_401' title='bbox 456 2637 520 2692; x_wconf 85' lang='grc' dir='ltr'>ἰατιν</span> <span class='ocrx_word' id='word_1_402' title='bbox 532 2638 598 2710; x_wconf 80' lang='grc' dir='ltr'>αύτῷ</span> <span class='ocrx_word' id='word_1_403' title='bbox 610 2637 702 2704; x_wconf 90' lang='grc' dir='ltr'>συνήθη</span> <span class='ocrx_word' id='word_1_404' title='bbox 713 2641 804 2703; x_wconf 89' lang='grc' dir='ltr'>ταῦτα,</span> <span class='ocrx_word' id='word_1_405' title='bbox 817 2660 828 2687; x_wconf 81' lang='grc' dir='ltr'>ν</span> <span class='ocrx_word' id='word_1_406' title='bbox 846 2660 857 2687; x_wconf 85' lang='grc' dir='ltr'>ι</span> <span class='ocrx_word' id='word_1_407' title='bbox 872 2636 924 2692; x_wconf 77' lang='grc' dir='ltr'>ἐπεὶ</span> <span class='ocrx_word' id='word_1_408' title='bbox 932 2638 964 2690; x_wconf 90' lang='grc' dir='ltr'>δι’</span> <span class='ocrx_word' id='word_1_409' title='bbox 979 2636 1023 2707; x_wconf 81' lang='grc' dir='ltr'>ίχ-</span> <span class='ocrx_word' id='word_1_410' title='bbox 1066 2644 1117 2696; x_wconf 73' lang='grc' dir='ltr'>λων</span> <span class='ocrx_word' id='word_1_411' title='bbox 1132 2643 1231 2697; x_wconf 67' lang='grc' dir='ltr'>ἕπεσθαι</span> <span class='ocrx_word' id='word_1_412' title='bbox 1242 2644 1369 2713; x_wconf 84' lang='grc' dir='ltr'>γνώμαις,</span> <span class='ocrx_word' id='word_1_413' title='bbox 1383 2642 1440 2695; x_wconf 75' lang='grc' dir='ltr'>ὅθεν</span> <span class='ocrx_word' id='word_1_414' title='bbox 1458 2640 1544 2713; x_wconf 71' lang='grc' dir='ltr'>ἐπάγει</span> <span class='ocrx_word' id='word_1_415' title='bbox 1563 2642 1596 2702; x_wconf 83' lang='grc' dir='ltr'>ίυς</span> <span class='ocrx_word' id='word_1_416' title='bbox 1609 2640 1653 2694; x_wconf 88' lang='grc' dir='ltr'>ούιι</span> <span class='ocrx_word' id='word_1_417' title='bbox 1672 2640 1761 2696; x_wconf 81' lang='grc' dir='ltr'>άνικτά</span> <span class='ocrx_word' id='word_1_418' title='bbox 1775 2646 1853 2695; x_wconf 89' lang='grc' dir='ltr'>ταῦτα</span> 
     </span>
     <span class='ocr_line' id='line_1_29' title="bbox 245 2715 1853 2792; baseline 0.002 -21"><span class='ocrx_word' id='word_1_419' title='bbox 245 2723 331 2791; x_wconf 87' lang='grc' dir='ltr'>ιθραν</span> <span class='ocrx_word' id='word_1_420' title='bbox 352 2718 670 2790; x_wconf 80' lang='grc' dir='ltr'>καταψευδομαρτυροῦμαι·</span> <span class='ocrx_word' id='word_1_421' title='bbox 689 2720 799 2771; x_wconf 86' lang='grc' dir='ltr'>τοιοῦτον</span> <span class='ocrx_word' id='word_1_422' title='bbox 813 2715 862 2788; x_wconf 79' lang='grc' dir='ltr'>γάρ</span> <span class='ocrx_word' id='word_1_423' title='bbox 882 2716 951 2772; x_wconf 86' lang='grc' dir='ltr'>ούδίν</span> <span class='ocrx_word' id='word_1_424' title='bbox 969 2715 1022 2770; x_wconf 90' lang='grc' dir='ltr'>ἰστε</span> <span class='ocrx_word' id='word_1_425' title='bbox 1067 2724 1118 2784; x_wconf 81' lang='grc' dir='ltr'>τοῖς</span> <span class='ocrx_word' id='word_1_426' title='bbox 1134 2720 1277 2790; x_wconf 71' lang='grc' dir='ltr'>ἐλευθερίοις</span> <span class='ocrx_word' id='word_1_427' title='bbox 1291 2720 1334 2773; x_wconf 80' lang='grc' dir='ltr'>καί</span> <span class='ocrx_word' id='word_1_428' title='bbox 1350 2722 1456 2792; x_wconf 87' lang='grc' dir='ltr'>μετρίοις</span> <span class='ocrx_word' id='word_1_429' title='bbox 1474 2720 1506 2774; x_wconf 78' lang='grc' dir='ltr'>τὰ</span> <span class='ocrx_word' id='word_1_430' title='bbox 1524 2720 1723 2792; x_wconf 82' lang='grc' dir='ltr'>συγκροτήματα.</span> <span class='ocrx_word' id='word_1_431' title='bbox 1776 2717 1853 2773; x_wconf 83' lang='grc' dir='ltr'>Ὗπο·</span> 
     </span>
     <span class='ocr_line' id='line_1_30' title="bbox 244 2797 1853 2872; baseline -0.001 -20"><span class='ocrx_word' id='word_1_432' title='bbox 244 2800 375 2871; x_wconf 77' lang='grc' dir='ltr'>εύμεῖς.»</span> <span class='ocrx_word' id='word_1_433' title='bbox 1066 2802 1177 2855; x_wconf 87' lang='grc' dir='ltr'>πτεύεται</span> <span class='ocrx_word' id='word_1_434' title='bbox 1190 2797 1353 2872; x_wconf 79' lang='grc' dir='ltr'>γάρταχίως.</span> <span class='ocrx_word' id='word_1_435' title='bbox 1389 2799 1425 2852; x_wconf 69' lang='lat' dir='ltr'>Tb</span> <span class='ocrx_word' id='word_1_436' title='bbox 1440 2799 1467 2854; x_wconf 83' lang='grc' dir='ltr'>δί</span> <span class='ocrx_word' id='word_1_437' title='bbox 1480 2800 1655 2869; x_wconf 79' lang='grc' dir='ltr'>συλλεχθέντες</span> <span class='ocrx_word' id='word_1_438' title='bbox 1672 2799 1740 2869; x_wconf 85' lang='grc' dir='ltr'>λέγει</span> <span class='ocrx_word' id='word_1_439' title='bbox 1753 2798 1853 2869; x_wconf 80' lang='grc' dir='ltr'>ἰσχυρά·</span> 
     </span>
     <span class='ocr_line' id='line_1_31' title="bbox 278 2874 1854 2952; baseline -0.003 -18"><span class='ocrx_word' id='word_1_440' title='bbox 278 2881 339 2949; x_wconf 79' lang='grc'>559,</span> <span class='ocrx_word' id='word_1_441' title='bbox 356 2897 398 2948; x_wconf 83' lang='lat'>19.</span> <span class='ocrx_word' id='word_1_442' title='bbox 411 2876 462 2932; x_wconf 85' lang='grc' dir='ltr'>Ούκ</span> <span class='ocrx_word' id='word_1_443' title='bbox 473 2876 592 2944; x_wconf 82' lang='grc' dir='ltr'>άκηκόασι</span> <span class='ocrx_word' id='word_1_444' title='bbox 606 2875 633 2929; x_wconf 77' lang='grc' dir='ltr'>δὲ</span> <span class='ocrx_word' id='word_1_445' title='bbox 644 2875 704 2944; x_wconf 88' lang='grc' dir='ltr'>νῦν]</span> <span class='ocrx_word' id='word_1_446' title='bbox 719 2876 851 2943; x_wconf 82' lang='grc' dir='ltr'>Δεινότητα</span> <span class='ocrx_word' id='word_1_447' title='bbox 862 2875 916 2947; x_wconf 84' lang='grc' dir='ltr'>ίχει</span> <span class='ocrx_word' id='word_1_448' title='bbox 926 2875 956 2929; x_wconf 87' lang='grc' dir='ltr'>τδ</span> <span class='ocrx_word' id='word_1_449' title='bbox 970 2874 1022 2930; x_wconf 85' lang='grc' dir='ltr'>ίπι·</span> <span class='ocrx_word' id='word_1_450' title='bbox 1067 2900 1136 2952; x_wconf 80' lang='grc' dir='ltr'>τερον</span> <span class='ocrx_word' id='word_1_451' title='bbox 1151 2878 1292 2951; x_wconf 72' lang='grc' dir='ltr'>ἀποφαίνων</span> <span class='ocrx_word' id='word_1_452' title='bbox 1306 2879 1335 2932; x_wconf 86' lang='grc' dir='ltr'>τδ</span> <span class='ocrx_word' id='word_1_453' title='bbox 1350 2879 1516 2951; x_wconf 72' lang='grc' dir='ltr'>δικαστήριον.</span> <span class='ocrx_word' id='word_1_454' title='bbox 1565 2878 1595 2931; x_wconf 83' lang='grc' dir='ltr'>Εἰ</span> <span class='ocrx_word' id='word_1_455' title='bbox 1607 2878 1656 2951; x_wconf 80' lang='grc' dir='ltr'>γάρ</span> <span class='ocrx_word' id='word_1_456' title='bbox 1671 2878 1713 2932; x_wconf 82' lang='grc' dir='ltr'>καί</span> <span class='ocrx_word' id='word_1_457' title='bbox 1723 2877 1771 2949; x_wconf 81' lang='grc' dir='ltr'>ἰδίᾳ</span> <span class='ocrx_word' id='word_1_458' title='bbox 1783 2878 1854 2948; x_wconf 77' lang='grc' dir='ltr'>ύρῶν</span> 
     </span>
     <span class='ocr_line' id='line_1_32' title="bbox 241 2954 1854 3033; baseline -0.004 -19"><span class='ocrx_word' id='word_1_459' title='bbox 241 2961 367 3033; x_wconf 87' lang='grc' dir='ltr'>χείρημα,</span> <span class='ocrx_word' id='word_1_460' title='bbox 387 2957 412 3012; x_wconf 87' lang='grc' dir='ltr'>εί</span> <span class='ocrx_word' id='word_1_461' title='bbox 422 2977 453 3028; x_wconf 89' lang='grc' dir='ltr'>γε</span> <span class='ocrx_word' id='word_1_462' title='bbox 465 2956 599 3028; x_wconf 63' lang='grc' dir='ltr'>μέμψονται</span> <span class='ocrx_word' id='word_1_463' title='bbox 612 2960 648 3026; x_wconf 79' lang='grc' dir='ltr'>τῷ</span> <span class='ocrx_word' id='word_1_464' title='bbox 658 2958 790 3027; x_wconf 82' lang='grc' dir='ltr'>κατηγόρῳ</span> <span class='ocrx_word' id='word_1_465' title='bbox 803 2956 864 3019; x_wconf 81' lang='grc' dir='ltr'>τινὶς</span> <span class='ocrx_word' id='word_1_466' title='bbox 876 2957 910 3019; x_wconf 84' lang='grc' dir='ltr'>ὡς</span> <span class='ocrx_word' id='word_1_467' title='bbox 921 2955 966 3009; x_wconf 90' lang='grc' dir='ltr'>ούκ</span> <span class='ocrx_word' id='word_1_468' title='bbox 985 2954 1023 3010; x_wconf 86' lang='grc' dir='ltr'>εἰ·</span> <span class='ocrx_word' id='word_1_469' title='bbox 1068 2960 1171 3020; x_wconf 74' lang='grc' dir='ltr'>ἕκαστος</span> <span class='ocrx_word' id='word_1_470' title='bbox 1182 2957 1286 3024; x_wconf 75' lang='grc' dir='ltr'>ἡττᾶται</span> <span class='ocrx_word' id='word_1_471' title='bbox 1297 2964 1346 3011; x_wconf 83' lang='grc' dir='ltr'>τῶν</span> <span class='ocrx_word' id='word_1_472' title='bbox 1362 2957 1504 3024; x_wconf 87' lang='grc' dir='ltr'>πλουσίων,</span> <span class='ocrx_word' id='word_1_473' title='bbox 1515 2957 1572 3010; x_wconf 72' lang='grc' dir='ltr'>ἄλλ’</span> <span class='ocrx_word' id='word_1_474' title='bbox 1584 2958 1643 3011; x_wconf 87' lang='grc' dir='ltr'>όταν</span> <span class='ocrx_word' id='word_1_475' title='bbox 1655 2955 1745 3023; x_wconf 89' lang='grc' dir='ltr'>εἰσίητε</span> <span class='ocrx_word' id='word_1_476' title='bbox 1758 2957 1854 3026; x_wconf 85' lang='grc' dir='ltr'>κρίνον·</span> 
     </span>
     <span class='ocr_line' id='line_1_33' title="bbox 242 3032 1854 3109; baseline -0.004 -16"><span class='ocrx_word' id='word_1_477' title='bbox 242 3060 285 3094; x_wconf 87' lang='grc' dir='ltr'>πεν</span> <span class='ocrx_word' id='word_1_478' title='bbox 300 3041 316 3092; x_wconf 82' lang='grc' dir='ltr'>ά</span> <span class='ocrx_word' id='word_1_479' title='bbox 330 3037 409 3091; x_wconf 89' lang='grc' dir='ltr'>ίσασιν</span> <span class='ocrx_word' id='word_1_480' title='bbox 419 3035 542 3089; x_wconf 85' lang='grc' dir='ltr'>αύτοίτσῦ</span> <span class='ocrx_word' id='word_1_481' title='bbox 554 3035 656 3088; x_wconf 88' lang='grc' dir='ltr'>Μειδίου</span> <span class='ocrx_word' id='word_1_482' title='bbox 672 3032 820 3106; x_wconf 74' lang='grc' dir='ltr'>ἀδικήματα.</span> <span class='ocrx_word' id='word_1_483' title='bbox 1069 3058 1107 3102; x_wconf 88' lang='grc' dir='ltr'>τες</span> <span class='ocrx_word' id='word_1_484' title='bbox 1129 3039 1208 3109; x_wconf 86' lang='grc' dir='ltr'>κύριοι</span> <span class='ocrx_word' id='word_1_485' title='bbox 1223 3038 1292 3098; x_wconf 85' lang='grc' dir='ltr'>ύντες</span> <span class='ocrx_word' id='word_1_486' title='bbox 1312 3040 1357 3090; x_wconf 87' lang='grc' dir='ltr'>τοῦ</span> <span class='ocrx_word' id='word_1_487' title='bbox 1379 3037 1552 3108; x_wconf 82' lang='grc' dir='ltr'>δικαστηρίου,</span> <span class='ocrx_word' id='word_1_488' title='bbox 1574 3036 1715 3106; x_wconf 85' lang='grc' dir='ltr'>κνριώτεροί</span> <span class='ocrx_word' id='word_1_489' title='bbox 1736 3034 1791 3089; x_wconf 80' lang='grc' dir='ltr'>ίστε</span> <span class='ocrx_word' id='word_1_490' title='bbox 1809 3039 1854 3088; x_wconf 87' lang='grc' dir='ltr'>τοῦ</span> 
     </span>
     <span class='ocr_line' id='line_1_34' title="bbox 277 3110 1622 3189; baseline -0.002 -18"><span class='ocrx_word' id='word_1_491' title='bbox 277 3119 340 3188; x_wconf 80' lang='grc'>659,</span> <span class='ocrx_word' id='word_1_492' title='bbox 355 3133 399 3170; x_wconf 81' lang='lat'>20.</span> <span class='ocrx_word' id='word_1_493' title='bbox 411 3113 474 3168; x_wconf 86' lang='grc' dir='ltr'>θύδί</span> <span class='ocrx_word' id='word_1_494' title='bbox 486 3115 557 3169; x_wconf 91' lang='grc' dir='ltr'>πάνθ’</span> <span class='ocrx_word' id='word_1_495' title='bbox 573 3115 620 3166; x_wconf 86' lang='grc' dir='ltr'>δσα</span> <span class='ocrx_word' id='word_1_496' title='bbox 632 3110 777 3185; x_wconf 73' lang='grc' dir='ltr'>ἠδίκηνται]</span> <span class='ocrx_word' id='word_1_497' title='bbox 796 3112 869 3166; x_wconf 76' lang='grc' dir='ltr'>Ἄλλο</span> <span class='ocrx_word' id='word_1_498' title='bbox 882 3112 1023 3184; x_wconf 88' lang='grc' dir='ltr'>βαρύτερον,</span> <span class='ocrx_word' id='word_1_499' title='bbox 1069 3119 1206 3189; x_wconf 86' lang='grc' dir='ltr'>διαφθεῖραι</span> <span class='ocrx_word' id='word_1_500' title='bbox 1218 3115 1259 3169; x_wconf 80' lang='grc' dir='ltr'>καί</span> <span class='ocrx_word' id='word_1_501' title='bbox 1272 3114 1345 3166; x_wconf 89' lang='grc' dir='ltr'>λῦσαι</span> <span class='ocrx_word' id='word_1_502' title='bbox 1356 3114 1437 3168; x_wconf 78' lang='grc' dir='ltr'>αύτιῦν</span> <span class='ocrx_word' id='word_1_503' title='bbox 1451 3113 1496 3181; x_wconf 77' lang='grc' dir='ltr'>τήν</span> <span class='ocrx_word' id='word_1_504' title='bbox 1510 3115 1622 3185; x_wconf 85' lang='grc' dir='ltr'>δύναμιν.</span> 
     </span>
     <span class='ocr_line' id='line_1_35' title="bbox 242 3191 1855 3269; baseline -0.002 -17"><span class='ocrx_word' id='word_1_505' title='bbox 242 3200 282 3252; x_wconf 86' lang='grc' dir='ltr'>ύτι</span> <span class='ocrx_word' id='word_1_506' title='bbox 293 3198 426 3269; x_wconf 81' lang='grc' dir='ltr'>φοόοῦνται</span> <span class='ocrx_word' id='word_1_507' title='bbox 438 3195 598 3265; x_wconf 86' lang='grc' dir='ltr'>δημοσιεῦσαι</span> <span class='ocrx_word' id='word_1_508' title='bbox 607 3191 630 3245; x_wconf 93' lang='grc' dir='ltr'>οί</span> <span class='ocrx_word' id='word_1_509' title='bbox 642 3192 814 3254; x_wconf 81' lang='grc' dir='ltr'>πεπονθότεςά</span> <span class='ocrx_word' id='word_1_510' title='bbox 826 3191 927 3254; x_wconf 79' lang='grc' dir='ltr'>Μειδίας</span> <span class='ocrx_word' id='word_1_511' title='bbox 941 3192 1024 3260; x_wconf 80' lang='grc' dir='ltr'>ίποίη·</span> <span class='ocrx_word' id='word_1_512' title='bbox 1106 3196 1167 3259; x_wconf 92' lang='grc'>560,</span> <span class='ocrx_word' id='word_1_513' title='bbox 1182 3212 1223 3265; x_wconf 89' lang='lat'>17.</span> <span class='ocrx_word' id='word_1_514' title='bbox 1239 3194 1269 3245; x_wconf 91' lang='grc' dir='ltr'>Τί</span> <span class='ocrx_word' id='word_1_515' title='bbox 1287 3192 1317 3260; x_wconf 81' lang='grc' dir='ltr'>δή</span> <span class='ocrx_word' id='word_1_516' title='bbox 1340 3192 1371 3246; x_wconf 82' lang='grc' dir='ltr'>τά</span> <span class='ocrx_word' id='word_1_517' title='bbox 1386 3194 1428 3247; x_wconf 84' lang='grc' dir='ltr'>καί</span> <span class='ocrx_word' id='word_1_518' title='bbox 1445 3194 1477 3247; x_wconf 81' lang='grc' dir='ltr'>τά</span> <span class='ocrx_word' id='word_1_519' title='bbox 1497 3195 1640 3266; x_wconf 78' lang='grc' dir='ltr'>πεπονθὼς]</span> <span class='ocrx_word' id='word_1_520' title='bbox 1659 3193 1797 3259; x_wconf 79' lang='grc' dir='ltr'>Ἐνήλλαξε</span> <span class='ocrx_word' id='word_1_521' title='bbox 1813 3195 1855 3248; x_wconf 76' lang='grc' dir='ltr'>διὰ</span> 
     </span>
     <span class='ocr_line' id='line_1_36' title="bbox 243 3268 1856 3345; baseline -0.002 -16"><span class='ocrx_word' id='word_1_522' title='bbox 243 3294 294 3329; x_wconf 90' lang='grc' dir='ltr'>σεν.</span> <span class='ocrx_word' id='word_1_523' title='bbox 332 3274 363 3327; x_wconf 83' lang='grc' dir='ltr'>Εἰ</span> <span class='ocrx_word' id='word_1_524' title='bbox 374 3273 422 3345; x_wconf 76' lang='grc' dir='ltr'>γάρ</span> <span class='ocrx_word' id='word_1_525' title='bbox 438 3271 612 3344; x_wconf 78' lang='grc' dir='ltr'>έριῖὲκαστος,</span> <span class='ocrx_word' id='word_1_526' title='bbox 628 3270 735 3324; x_wconf 87' lang='grc' dir='ltr'>πείσεταί</span> <span class='ocrx_word' id='word_1_527' title='bbox 748 3290 771 3323; x_wconf 91' lang='grc' dir='ltr'>τι</span> <span class='ocrx_word' id='word_1_528' title='bbox 779 3268 1027 3343; x_wconf 86' lang='grc' dir='ltr'>δεινότερονύφθεγ·</span> <span class='ocrx_word' id='word_1_529' title='bbox 1068 3279 1116 3327; x_wconf 81' lang='grc' dir='ltr'>τῶν</span> <span class='ocrx_word' id='word_1_530' title='bbox 1137 3273 1226 3335; x_wconf 78' lang='grc' dir='ltr'>λέξεων</span> <span class='ocrx_word' id='word_1_531' title='bbox 1248 3272 1294 3339; x_wconf 78' lang='grc' dir='ltr'>τήν</span> <span class='ocrx_word' id='word_1_532' title='bbox 1316 3272 1420 3343; x_wconf 89' lang='grc' dir='ltr'>δύναμιν</span> <span class='ocrx_word' id='word_1_533' title='bbox 1438 3276 1481 3339; x_wconf 81' lang='grc' dir='ltr'>τῆς</span> <span class='ocrx_word' id='word_1_534' title='bbox 1505 3271 1658 3335; x_wconf 83' lang='grc' dir='ltr'>άντιθίσεως.</span> <span class='ocrx_word' id='word_1_535' title='bbox 1699 3270 1729 3325; x_wconf 88' lang='lat'>‘0</span> <span class='ocrx_word' id='word_1_536' title='bbox 1749 3272 1856 3344; x_wconf 73' lang='grc' dir='ltr'>μὲνγὰρ</span> 
     </span>
     <span class='ocr_line' id='line_1_37' title="bbox 242 3351 1855 3427; baseline -0.002 -18"><span class='ocrx_word' id='word_1_537' title='bbox 242 3359 357 3427; x_wconf 81' lang='grc' dir='ltr'>γύμειος.</span> <span class='ocrx_word' id='word_1_538' title='bbox 1069 3352 1170 3414; x_wconf 82' lang='grc' dir='ltr'>Μειδίας</span> <span class='ocrx_word' id='word_1_539' title='bbox 1193 3351 1289 3414; x_wconf 72' lang='grc' dir='ltr'>ἐκείνως</span> <span class='ocrx_word' id='word_1_540' title='bbox 1306 3353 1335 3403; x_wconf 74' lang='grc' dir='ltr'>ἂν</span> <span class='ocrx_word' id='word_1_541' title='bbox 1358 3351 1500 3423; x_wconf 74' lang='grc' dir='ltr'>προήγαγεν</span> <span class='ocrx_word' id='word_1_542' title='bbox 1522 3374 1534 3402; x_wconf 81' lang='grc' dir='ltr'>ε</span> <span class='ocrx_word' id='word_1_543' title='bbox 1557 3351 1636 3414; x_wconf 88' lang='grc' dir='ltr'>ούδείς</span> <span class='ocrx_word' id='word_1_544' title='bbox 1653 3352 1709 3422; x_wconf 82' lang='grc' dir='ltr'>παρ’</span> <span class='ocrx_word' id='word_1_545' title='bbox 1728 3351 1789 3422; x_wconf 71' lang='grc' dir='ltr'>ἐμοῦ</span> <span class='ocrx_word' id='word_1_546' title='bbox 1812 3354 1855 3406; x_wconf 84' lang='grc' dir='ltr'>πέ·</span> 
     </span>
     <span class='ocr_line' id='line_1_38' title="bbox 279 3426 1856 3505; baseline -0.004 -13"><span class='ocrx_word' id='word_1_547' title='bbox 279 3435 342 3505; x_wconf 81' lang='grc'>559,</span> <span class='ocrx_word' id='word_1_548' title='bbox 358 3433 402 3488; x_wconf 76' lang='lat'>25·</span> <span class='ocrx_word' id='word_1_549' title='bbox 424 3429 508 3497; x_wconf 66' lang='grc' dir='ltr'>Μηθίν</span> <span class='ocrx_word' id='word_1_550' title='bbox 525 3431 554 3483; x_wconf 66' lang='grc' dir='ltr'>ἂν</span> <span class='ocrx_word' id='word_1_551' title='bbox 576 3428 649 3482; x_wconf 67' lang='grc' dir='ltr'>σῦῐδθ</span> <span class='ocrx_word' id='word_1_552' title='bbox 669 3427 694 3491; x_wconf 58' lang='lat' dir='ltr'>l?</span> <span class='ocrx_word' id='word_1_553' title='bbox 707 3428 838 3499; x_wconf 68' lang='grc' dir='ltr'>ίσῑῧρσρῆς</span> <span class='ocrx_word' id='word_1_554' title='bbox 857 3428 962 3498; x_wconf 72' lang='grc' dir='ltr'>παθεῖν]</span> <span class='ocrx_word' id='word_1_555' title='bbox 981 3426 1026 3482; x_wconf 88' lang='grc' dir='ltr'>Ἐκ</span> <span class='ocrx_word' id='word_1_556' title='bbox 1072 3433 1173 3486; x_wconf 77' lang='grc' dir='ltr'>ιπονθε</span> <span class='ocrx_word' id='word_1_557' title='bbox 1187 3431 1282 3496; x_wconf 84' lang='grc' dir='ltr'>δεινδν,</span> <span class='ocrx_word' id='word_1_558' title='bbox 1295 3431 1351 3485; x_wconf 78' lang='grc' dir='ltr'>ούδὲ</span> <span class='ocrx_word' id='word_1_559' title='bbox 1361 3432 1530 3502; x_wconf 82' lang='grc' dir='ltr'>κατηγορῆσαί</span> <span class='ocrx_word' id='word_1_560' title='bbox 1539 3450 1574 3493; x_wconf 89' lang='grc' dir='ltr'>τις</span> <span class='ocrx_word' id='word_1_561' title='bbox 1588 3430 1734 3501; x_wconf 69' lang='grc' dir='ltr'>ἐτόλμησεν.</span> <span class='ocrx_word' id='word_1_562' title='bbox 1749 3457 1761 3477; x_wconf 81' lang='grc' dir='ltr'>ι</span> <span class='ocrx_word' id='word_1_563' title='bbox 1783 3429 1813 3483; x_wconf 86' lang='lat'>‘0</span> <span class='ocrx_word' id='word_1_564' title='bbox 1829 3433 1856 3485; x_wconf 81' lang='grc' dir='ltr'>δὲ</span> 
     </span>
     <span class='ocr_line' id='line_1_39' title="bbox 245 3509 1855 3584; baseline -0.002 -15"><span class='ocrx_word' id='word_1_565' title='bbox 245 3520 287 3569; x_wconf 88' lang='grc' dir='ltr'>τοῦ</span> <span class='ocrx_word' id='word_1_566' title='bbox 304 3514 383 3575; x_wconf 85' lang='grc' dir='ltr'>εύθίος</span> <span class='ocrx_word' id='word_1_567' title='bbox 402 3510 691 3581; x_wconf 84' lang='grc' dir='ltr'>εύκύλωςίπιδραμύντα.</span> <span class='ocrx_word' id='word_1_568' title='bbox 733 3510 905 3580; x_wconf 86' lang='grc' dir='ltr'>Πραγματείας</span> <span class='ocrx_word' id='word_1_569' title='bbox 922 3509 970 3581; x_wconf 80' lang='grc' dir='ltr'>γάρ</span> <span class='ocrx_word' id='word_1_570' title='bbox 988 3510 1030 3562; x_wconf 87' lang='grc' dir='ltr'>δεῖ</span> <span class='ocrx_word' id='word_1_571' title='bbox 1069 3518 1105 3584; x_wconf 79' lang='grc' dir='ltr'>τῷ</span> <span class='ocrx_word' id='word_1_572' title='bbox 1117 3511 1161 3583; x_wconf 84' lang='grc' dir='ltr'>μίν</span> <span class='ocrx_word' id='word_1_573' title='bbox 1183 3513 1276 3582; x_wconf 83' lang='grc' dir='ltr'>μηδένα</span> <span class='ocrx_word' id='word_1_574' title='bbox 1295 3512 1491 3583; x_wconf 73' lang='grc' dir='ltr'>κατηγορηκέναι</span> <span class='ocrx_word' id='word_1_575' title='bbox 1509 3512 1657 3582; x_wconf 87' lang='grc' dir='ltr'>συνέδραμε,</span> <span class='ocrx_word' id='word_1_576' title='bbox 1677 3509 1761 3575; x_wconf 74' lang='grc' dir='ltr'>τηνδὶ</span> <span class='ocrx_word' id='word_1_577' title='bbox 1774 3510 1855 3566; x_wconf 87' lang='grc' dir='ltr'>αἰτίαν</span> 
     </span>
     <span class='ocr_line' id='line_1_40' title="bbox 244 3584 1857 3661; baseline -0.002 -15"><span class='ocrx_word' id='word_1_578' title='bbox 244 3592 354 3659; x_wconf 82' lang='grc' dir='ltr'>πολλῆς,</span> <span class='ocrx_word' id='word_1_579' title='bbox 371 3591 414 3643; x_wconf 85' lang='grc' dir='ltr'>ἵνα</span> <span class='ocrx_word' id='word_1_580' title='bbox 430 3586 544 3660; x_wconf 74' lang='grc' dir='ltr'>διαρρήξῃ</span> <span class='ocrx_word' id='word_1_581' title='bbox 560 3590 603 3652; x_wconf 77' lang='grc' dir='ltr'>τῆς</span> <span class='ocrx_word' id='word_1_582' title='bbox 621 3586 761 3648; x_wconf 69' lang='grc' dir='ltr'>δσθσσῐσίσς</span> <span class='ocrx_word' id='word_1_583' title='bbox 778 3584 807 3639; x_wconf 73' lang='grc' dir='ltr'>σθ</span> <span class='ocrx_word' id='word_1_584' title='bbox 827 3588 919 3656; x_wconf 70' lang='grc' dir='ltr'>τεῖχος·</span> <span class='ocrx_word' id='word_1_585' title='bbox 962 3587 1026 3658; x_wconf 77' lang='lat' dir='ltr'>[lpo-</span> <span class='ocrx_word' id='word_1_586' title='bbox 1071 3588 1201 3656; x_wconf 77' lang='grc' dir='ltr'>ἐνήλλαξε.</span> <span class='ocrx_word' id='word_1_587' title='bbox 1249 3589 1387 3661; x_wconf 79' lang='grc' dir='ltr'>θαυμάζειν</span> <span class='ocrx_word' id='word_1_588' title='bbox 1400 3591 1449 3660; x_wconf 92' lang='grc' dir='ltr'>γάρ</span> <span class='ocrx_word' id='word_1_589' title='bbox 1462 3609 1521 3660; x_wconf 90' lang='grc' dir='ltr'>φησι</span> <span class='ocrx_word' id='word_1_590' title='bbox 1534 3590 1575 3642; x_wconf 82' lang='grc' dir='ltr'>διά</span> <span class='ocrx_word' id='word_1_591' title='bbox 1590 3590 1615 3643; x_wconf 87' lang='grc' dir='ltr'>τί</span> <span class='ocrx_word' id='word_1_592' title='bbox 1627 3589 1720 3643; x_wconf 75' lang='grc' dir='ltr'>πολλοὶ</span> <span class='ocrx_word' id='word_1_593' title='bbox 1737 3591 1857 3653; x_wconf 78' lang='grc' dir='ltr'>παθόντες</span> 
     </span>
     <span class='ocr_line' id='line_1_41' title="bbox 244 3664 1858 3741; baseline -0.001 -16"><span class='ocrx_word' id='word_1_594' title='bbox 244 3671 375 3738; x_wconf 83' lang='grc' dir='ltr'>ύίῦληνται</span> <span class='ocrx_word' id='word_1_595' title='bbox 383 3668 431 3741; x_wconf 79' lang='grc' dir='ltr'>γάρ</span> <span class='ocrx_word' id='word_1_596' title='bbox 445 3666 518 3721; x_wconf 87' lang='grc' dir='ltr'>αύτοῦ</span> <span class='ocrx_word' id='word_1_597' title='bbox 527 3667 568 3719; x_wconf 83' lang='grc' dir='ltr'>καί</span> <span class='ocrx_word' id='word_1_598' title='bbox 578 3667 724 3737; x_wconf 80' lang='grc' dir='ltr'>τειχίζουσιν</span> <span class='ocrx_word' id='word_1_599' title='bbox 734 3664 817 3718; x_wconf 89' lang='grc' dir='ltr'>αύτόν.</span> <span class='ocrx_word' id='word_1_600' title='bbox 1069 3668 1098 3720; x_wconf 89' lang='grc' dir='ltr'>ού</span> <span class='ocrx_word' id='word_1_601' title='bbox 1109 3670 1291 3740; x_wconf 84' lang='grc' dir='ltr'>κατηγόρησαν.</span> <span class='ocrx_word' id='word_1_602' title='bbox 1330 3668 1377 3721; x_wconf 87' lang='grc' dir='ltr'>Ιίαί</span> <span class='ocrx_word' id='word_1_603' title='bbox 1389 3670 1520 3736; x_wconf 72' lang='grc' dir='ltr'>πεποίηκεν</span> <span class='ocrx_word' id='word_1_604' title='bbox 1538 3669 1581 3723; x_wconf 89' lang='grc' dir='ltr'>ούκ</span> <span class='ocrx_word' id='word_1_605' title='bbox 1593 3668 1714 3722; x_wconf 86' lang='grc' dir='ltr'>άντίθεαιν</span> <span class='ocrx_word' id='word_1_606' title='bbox 1726 3667 1858 3741; x_wconf 80' lang='grc' dir='ltr'>εἰσάγοντα</span> 
     </span>
     <span class='ocr_line' id='line_1_42' title="bbox 282 3744 1856 3819; baseline 0 -16"><span class='ocrx_word' id='word_1_607' title='bbox 282 3750 343 3819; x_wconf 83' lang='grc'>559,</span> <span class='ocrx_word' id='word_1_608' title='bbox 359 3751 402 3803; x_wconf 83' lang='lat'>28.</span> <span class='ocrx_word' id='word_1_609' title='bbox 419 3747 506 3814; x_wconf 87' lang='grc' dir='ltr'>Μάτην</span> <span class='ocrx_word' id='word_1_610' title='bbox 525 3744 573 3815; x_wconf 82' lang='grc' dir='ltr'>γάρ</span> <span class='ocrx_word' id='word_1_611' title='bbox 586 3744 770 3816; x_wconf 86' lang='grc' dir='ltr'>λοιδορήσεται]</span> <span class='ocrx_word' id='word_1_612' title='bbox 779 3744 902 3797; x_wconf 78' lang='grc' dir='ltr'>Δείκνυσιν</span> <span class='ocrx_word' id='word_1_613' title='bbox 916 3745 930 3797; x_wconf 89' lang='grc' dir='ltr'>δ</span> <span class='ocrx_word' id='word_1_614' title='bbox 944 3746 1026 3817; x_wconf 79' lang='grc' dir='ltr'>Δημο-</span> <span class='ocrx_word' id='word_1_615' title='bbox 1072 3747 1168 3819; x_wconf 74' lang='grc' dir='ltr'>μᾶλλον</span> <span class='ocrx_word' id='word_1_616' title='bbox 1184 3748 1200 3814; x_wconf 73' lang='grc' dir='ltr'>ἢ</span> <span class='ocrx_word' id='word_1_617' title='bbox 1219 3748 1356 3819; x_wconf 81' lang='grc' dir='ltr'>ὁμολογίαν</span> <span class='ocrx_word' id='word_1_618' title='bbox 1370 3750 1425 3801; x_wconf 90' lang='grc' dir='ltr'>καθ’</span> <span class='ocrx_word' id='word_1_619' title='bbox 1443 3748 1530 3802; x_wconf 74' lang='grc' dir='ltr'>ἑαυτοῦ</span> <span class='ocrx_word' id='word_1_620' title='bbox 1544 3754 1592 3803; x_wconf 80' lang='grc' dir='ltr'>τῶν</span> <span class='ocrx_word' id='word_1_621' title='bbox 1609 3748 1775 3819; x_wconf 78' lang='grc' dir='ltr'>ἀδικημάτων.</span> <span class='ocrx_word' id='word_1_622' title='bbox 1810 3750 1856 3803; x_wconf 85' lang='grc' dir='ltr'>Τε·</span> 
     </span>
     <span class='ocr_line' id='line_1_43' title="bbox 245 3824 1857 3899; baseline 0.001 -17"><span class='ocrx_word' id='word_1_623' title='bbox 245 3830 330 3896; x_wconf 87' lang='grc' dir='ltr'>σθίνης</span> <span class='ocrx_word' id='word_1_624' title='bbox 348 3829 387 3881; x_wconf 84' lang='grc' dir='ltr'>δτι</span> <span class='ocrx_word' id='word_1_625' title='bbox 404 3825 447 3888; x_wconf 77' lang='grc' dir='ltr'>τάς</span> <span class='ocrx_word' id='word_1_626' title='bbox 459 3824 524 3897; x_wconf 79' lang='grc' dir='ltr'>παρὰ</span> <span class='ocrx_word' id='word_1_627' title='bbox 542 3831 590 3878; x_wconf 80' lang='grc' dir='ltr'>τῶν</span> <span class='ocrx_word' id='word_1_628' title='bbox 612 3824 735 3878; x_wconf 88' lang='grc' dir='ltr'>πλουσίων</span> <span class='ocrx_word' id='word_1_629' title='bbox 753 3824 832 3895; x_wconf 82' lang='grc' dir='ltr'>ύῦρεις</span> <span class='ocrx_word' id='word_1_630' title='bbox 852 3825 959 3895; x_wconf 86' lang='grc' dir='ltr'>μάλιστα</span> <span class='ocrx_word' id='word_1_631' title='bbox 978 3825 1027 3896; x_wconf 76' lang='grc' dir='ltr'>χρὴ</span> <span class='ocrx_word' id='word_1_632' title='bbox 1070 3829 1211 3897; x_wconf 83' lang='grc' dir='ltr'>χνικώτατα</span> <span class='ocrx_word' id='word_1_633' title='bbox 1226 3827 1252 3880; x_wconf 80' lang='grc' dir='ltr'>δὲ</span> <span class='ocrx_word' id='word_1_634' title='bbox 1266 3827 1340 3881; x_wconf 87' lang='grc' dir='ltr'>πάλιν</span> <span class='ocrx_word' id='word_1_635' title='bbox 1355 3828 1398 3879; x_wconf 82' lang='grc' dir='ltr'>τδν</span> <span class='ocrx_word' id='word_1_636' title='bbox 1413 3828 1515 3881; x_wconf 87' lang='grc' dir='ltr'>Μειδίαν</span> <span class='ocrx_word' id='word_1_637' title='bbox 1530 3829 1671 3895; x_wconf 85' lang='grc' dir='ltr'>λεληθότως</span> <span class='ocrx_word' id='word_1_638' title='bbox 1683 3828 1857 3899; x_wconf 82' lang='grc' dir='ltr'>ὁμολογοῦντα</span> 
     </span>
     <span class='ocr_line' id='line_1_44' title="bbox 246 3903 1856 3980; baseline 0.002 -22"><span class='ocrx_word' id='word_1_639' title='bbox 246 3905 355 3976; x_wconf 79' lang='grc' dir='ltr'>χαλεπάς</span> <span class='ocrx_word' id='word_1_640' title='bbox 371 3905 489 3977; x_wconf 87' lang='grc' dir='ltr'>νομίζειν.</span> <span class='ocrx_word' id='word_1_641' title='bbox 530 3903 590 3955; x_wconf 79' lang='grc' dir='ltr'>Ἐὰν</span> <span class='ocrx_word' id='word_1_642' title='bbox 604 3903 662 3975; x_wconf 82' lang='grc' dir='ltr'>γάρ,</span> <span class='ocrx_word' id='word_1_643' title='bbox 674 3904 901 3975; x_wconf 79' lang='grc' dir='ltr'>φησί,περιαιρεθῇ</span> <span class='ocrx_word' id='word_1_644' title='bbox 911 3905 942 3959; x_wconf 78' lang='grc' dir='ltr'>τά</span> <span class='ocrx_word' id='word_1_645' title='bbox 955 3907 1025 3971; x_wconf 81' lang='grc' dir='ltr'>ὄντα,</span> <span class='ocrx_word' id='word_1_646' title='bbox 1070 3905 1114 3972; x_wconf 81' lang='grc' dir='ltr'>τὴν</span> <span class='ocrx_word' id='word_1_647' title='bbox 1131 3906 1273 3959; x_wconf 86' lang='grc' dir='ltr'>δυναστείαν</span> <span class='ocrx_word' id='word_1_648' title='bbox 1287 3908 1363 3963; x_wconf 83' lang='grc' dir='ltr'>ποιεῖ.</span> <span class='ocrx_word' id='word_1_649' title='bbox 1391 3906 1470 3959; x_wconf 84' lang='grc' dir='ltr'>Ὅθαν</span> <span class='ocrx_word' id='word_1_650' title='bbox 1485 3907 1533 3978; x_wconf 67' lang='grc' dir='ltr'>γάρ</span> <span class='ocrx_word' id='word_1_651' title='bbox 1547 3907 1856 3980; x_wconf 81' lang='grc' dir='ltr'>ύνειδίζητῷΔημσσθένει</span> 
     </span>
     <span class='ocr_line' id='line_1_45' title="bbox 246 3980 1857 4056; baseline 0.002 -20"><span class='ocrx_word' id='word_1_652' title='bbox 246 3985 291 4036; x_wconf 76' lang='grc' dir='ltr'>κᾶν</span> <span class='ocrx_word' id='word_1_653' title='bbox 306 3982 410 4056; x_wconf 82' lang='grc' dir='ltr'>ύῦρίζη,</span> <span class='ocrx_word' id='word_1_654' title='bbox 431 3984 511 4055; x_wconf 82' lang='grc' dir='ltr'>μάτην</span> <span class='ocrx_word' id='word_1_655' title='bbox 528 3982 650 4053; x_wconf 88' lang='grc' dir='ltr'>βοήσεται·</span> <span class='ocrx_word' id='word_1_656' title='bbox 668 3987 716 4035; x_wconf 84' lang='grc' dir='ltr'>τῶν</span> <span class='ocrx_word' id='word_1_657' title='bbox 735 3980 783 4052; x_wconf 82' lang='grc' dir='ltr'>γάρ</span> <span class='ocrx_word' id='word_1_658' title='bbox 797 3980 899 4052; x_wconf 84' lang='grc' dir='ltr'>οἰκτρῶν</span> <span class='ocrx_word' id='word_1_659' title='bbox 920 3984 1026 4037; x_wconf 80' lang='grc' dir='ltr'>καὶτῶν</span> <span class='ocrx_word' id='word_1_660' title='bbox 1075 4010 1086 4031; x_wconf 76' lang='grc' dir='ltr'>ι</span> <span class='ocrx_word' id='word_1_661' title='bbox 1105 3987 1144 4039; x_wconf 84' lang='grc' dir='ltr'>δτι</span> <span class='ocrx_word' id='word_1_662' title='bbox 1158 3985 1265 4048; x_wconf 83' lang='grc' dir='ltr'>πολλούς</span> <span class='ocrx_word' id='word_1_663' title='bbox 1286 3987 1328 4038; x_wconf 82' lang='grc' dir='ltr'>καὶ</span> <span class='ocrx_word' id='word_1_664' title='bbox 1350 3987 1442 4048; x_wconf 75' lang='grc' dir='ltr'>ἄλλους</span> <span class='ocrx_word' id='word_1_665' title='bbox 1460 3985 1566 4054; x_wconf 75' lang='grc' dir='ltr'>ἠδίκησα</span> <span class='ocrx_word' id='word_1_666' title='bbox 1581 3988 1622 4040; x_wconf 89' lang='grc' dir='ltr'>καί</span> <span class='ocrx_word' id='word_1_667' title='bbox 1640 3986 1701 4040; x_wconf 72' lang='grc' dir='ltr'>κατὰ</span> <span class='ocrx_word' id='word_1_668' title='bbox 1715 3992 1759 4040; x_wconf 81' lang='grc' dir='ltr'>τοῦ</span> <span class='ocrx_word' id='word_1_669' title='bbox 1776 3988 1857 4051; x_wconf 80' lang='grc' dir='ltr'>δεῖνος</span> 
     </span>
     <span class='ocr_line' id='line_1_46' title="bbox 246 4058 1855 4137; baseline 0.002 -22"><span class='ocrx_word' id='word_1_670' title='bbox 246 4062 446 4135; x_wconf 77' lang='grc' dir='ltr'>ἀπερριμμένων,</span> <span class='ocrx_word' id='word_1_671' title='bbox 475 4062 520 4115; x_wconf 84' lang='grc' dir='ltr'>κθν</span> <span class='ocrx_word' id='word_1_672' title='bbox 545 4060 576 4114; x_wconf 82' lang='grc' dir='ltr'>τά</span> <span class='ocrx_word' id='word_1_673' title='bbox 598 4058 714 4131; x_wconf 88' lang='grc' dir='ltr'>αίσχιστα</span> <span class='ocrx_word' id='word_1_674' title='bbox 737 4061 845 4131; x_wconf 89' lang='grc' dir='ltr'>λέγωσι,</span> <span class='ocrx_word' id='word_1_675' title='bbox 867 4066 1028 4133; x_wconf 78' lang='grc' dir='ltr'>καταφρονεῖν</span> <span class='ocrx_word' id='word_1_676' title='bbox 1075 4064 1142 4117; x_wconf 71' lang='grc' dir='ltr'>«καὶ</span> <span class='ocrx_word' id='word_1_677' title='bbox 1156 4069 1199 4118; x_wconf 86' lang='grc' dir='ltr'>τοῦ</span> <span class='ocrx_word' id='word_1_678' title='bbox 1218 4066 1298 4127; x_wconf 87' lang='grc' dir='ltr'>δεῖνος</span> <span class='ocrx_word' id='word_1_679' title='bbox 1315 4064 1445 4136; x_wconf 82' lang='grc' dir='ltr'>ἰχώρησα,</span> <span class='ocrx_word' id='word_1_680' title='bbox 1471 4065 1513 4118; x_wconf 85' lang='grc' dir='ltr'>καί</span> <span class='ocrx_word' id='word_1_681' title='bbox 1527 4066 1605 4128; x_wconf 75' lang='grc' dir='ltr'>οὐδεὶς</span> <span class='ocrx_word' id='word_1_682' title='bbox 1619 4066 1693 4119; x_wconf 82' lang='grc' dir='ltr'>ἔλαύε</span> <span class='ocrx_word' id='word_1_683' title='bbox 1715 4067 1785 4134; x_wconf 86' lang='grc' dir='ltr'>δίκην</span> <span class='ocrx_word' id='word_1_684' title='bbox 1799 4068 1855 4137; x_wconf 80' lang='grc' dir='ltr'>παρ’</span> 
     </span>
     <span class='ocr_line' id='line_1_47' title="bbox 246 4140 1857 4218; baseline 0.003 -22"><span class='ocrx_word' id='word_1_685' title='bbox 246 4144 376 4216; x_wconf 81' lang='grc' dir='ltr'>εἰώθαμεν.</span> <span class='ocrx_word' id='word_1_686' title='bbox 1075 4166 1086 4192; x_wconf 76' lang='grc' dir='ltr'>ι</span> <span class='ocrx_word' id='word_1_687' title='bbox 1102 4140 1173 4214; x_wconf 82' lang='grc' dir='ltr'>ἐμοῦ,</span> <span class='ocrx_word' id='word_1_688' title='bbox 1186 4144 1265 4206; x_wconf 79' lang='grc' dir='ltr'>ούδείς</span> <span class='ocrx_word' id='word_1_689' title='bbox 1275 4143 1397 4215; x_wconf 75' lang='grc' dir='ltr'>ἐτόλμησε</span> <span class='ocrx_word' id='word_1_690' title='bbox 1407 4146 1505 4203; x_wconf 87' lang='grc' dir='ltr'>καθίσαι</span> <span class='ocrx_word' id='word_1_691' title='bbox 1515 4148 1569 4199; x_wconf 90' lang='grc' dir='ltr'>κατ’</span> <span class='ocrx_word' id='word_1_692' title='bbox 1579 4144 1640 4218; x_wconf 79' lang='grc' dir='ltr'>ίμοῦ</span> <span class='ocrx_word' id='word_1_693' title='bbox 1649 4147 1816 4217; x_wconf 85' lang='grc' dir='ltr'>δικαστήριον,</span> <span class='ocrx_word' id='word_1_694' title='bbox 1826 4149 1857 4201; x_wconf 85' lang='grc' dir='ltr'>σύ</span> 
     </span>
     <span class='ocr_line' id='line_1_48' title="bbox 284 4217 1852 4299; baseline 0.004 -25"><span class='ocrx_word' id='word_1_695' title='bbox 284 4223 346 4288; x_wconf 90' lang='grc'>560,</span> <span class='ocrx_word' id='word_1_696' title='bbox 361 4240 388 4276; x_wconf 76' lang='lat'>2.</span> <span class='ocrx_word' id='word_1_697' title='bbox 401 4223 454 4275; x_wconf 89' lang='grc' dir='ltr'>Νῦν</span> <span class='ocrx_word' id='word_1_698' title='bbox 469 4219 495 4273; x_wconf 79' lang='grc' dir='ltr'>δί</span> <span class='ocrx_word' id='word_1_699' title='bbox 507 4217 580 4291; x_wconf 81' lang='grc' dir='ltr'>οἶμαι</span> <span class='ocrx_word' id='word_1_700' title='bbox 598 4218 685 4272; x_wconf 88' lang='grc' dir='ltr'>τούτου</span> <span class='ocrx_word' id='word_1_701' title='bbox 697 4217 891 4292; x_wconf 85' lang='grc' dir='ltr'>προῦέύληνται]</span> <span class='ocrx_word' id='word_1_702' title='bbox 904 4222 963 4275; x_wconf 82' lang='grc' dir='ltr'>Κατ’</span> <span class='ocrx_word' id='word_1_703' title='bbox 974 4222 1028 4276; x_wconf 82' lang='grc' dir='ltr'>δλί·</span> <span class='ocrx_word' id='word_1_704' title='bbox 1076 4248 1086 4267; x_wconf 79' lang='grc' dir='ltr'>ι</span> <span class='ocrx_word' id='word_1_705' title='bbox 1104 4225 1178 4292; x_wconf 87' lang='grc' dir='ltr'>μόνος</span> <span class='ocrx_word' id='word_1_706' title='bbox 1188 4222 1337 4295; x_wconf 83' lang='grc' dir='ltr'>ύπερῦαίνεις</span> <span class='ocrx_word' id='word_1_707' title='bbox 1346 4222 1391 4290; x_wconf 82' lang='grc' dir='ltr'>τήν</span> <span class='ocrx_word' id='word_1_708' title='bbox 1404 4223 1486 4290; x_wconf 86' lang='grc' dir='ltr'>τάξιν,</span> <span class='ocrx_word' id='word_1_709' title='bbox 1504 4225 1566 4296; x_wconf 80' lang='grc' dir='ltr'>μετὰ</span> <span class='ocrx_word' id='word_1_710' title='bbox 1577 4231 1626 4279; x_wconf 81' lang='grc' dir='ltr'>τῶν</span> <span class='ocrx_word' id='word_1_711' title='bbox 1637 4229 1721 4297; x_wconf 85' lang='grc' dir='ltr'>νόμων</span> <span class='ocrx_word' id='word_1_712' title='bbox 1728 4226 1828 4299; x_wconf 81' lang='grc' dir='ltr'>ύπλίζη,</span> <span class='ocrx_word' id='word_1_713' title='bbox 1841 4250 1852 4286; x_wconf 82' lang='grc' dir='ltr'>ν</span> 
     </span>
     <span class='ocr_line' id='line_1_49' title="bbox 246 4296 1856 4377; baseline 0.004 -24"><span class='ocrx_word' id='word_1_714' title='bbox 246 4320 293 4372; x_wconf 92' lang='grc' dir='ltr'>γον</span> <span class='ocrx_word' id='word_1_715' title='bbox 306 4301 380 4354; x_wconf 88' lang='grc' dir='ltr'>αύτοῦ</span> <span class='ocrx_word' id='word_1_716' title='bbox 391 4301 529 4372; x_wconf 85' lang='grc' dir='ltr'>περικόπτει</span> <span class='ocrx_word' id='word_1_717' title='bbox 539 4296 833 4368; x_wconf 75' lang='grc' dir='ltr'>τούςσυνηγύρους,τούς</span> <span class='ocrx_word' id='word_1_718' title='bbox 845 4299 887 4370; x_wconf 76' lang='grc' dir='ltr'>μὲν</span> <span class='ocrx_word' id='word_1_719' title='bbox 902 4300 1029 4375; x_wconf 81' lang='grc' dir='ltr'>ίαπίαςτῷ</span> <span class='ocrx_word' id='word_1_720' title='bbox 1072 4302 1116 4370; x_wconf 77' lang='grc' dir='ltr'>τήν</span> <span class='ocrx_word' id='word_1_721' title='bbox 1141 4304 1283 4358; x_wconf 85' lang='grc' dir='ltr'>δυναστείαν</span> <span class='ocrx_word' id='word_1_722' title='bbox 1303 4302 1523 4374; x_wconf 72' lang='grc' dir='ltr'>προβαλλόμενος,</span> <span class='ocrx_word' id='word_1_723' title='bbox 1546 4309 1596 4366; x_wconf 81' lang='grc' dir='ltr'>πῶς</span> <span class='ocrx_word' id='word_1_724' title='bbox 1615 4304 1644 4358; x_wconf 85' lang='grc' dir='ltr'>ού</span> <span class='ocrx_word' id='word_1_725' title='bbox 1664 4305 1763 4375; x_wconf 82' lang='grc' dir='ltr'>βεύαιοῖ</span> <span class='ocrx_word' id='word_1_726' title='bbox 1778 4312 1856 4377; x_wconf 82' lang='grc' dir='ltr'>σαριῶ</span> 
     </span>
     <span class='ocr_line' id='line_1_50' title="bbox 247 4376 1724 4455; baseline 0.002 -21"><span class='ocrx_word' id='word_1_727' title='bbox 247 4383 330 4452; x_wconf 79' lang='grc' dir='ltr'>τρόπῳ</span> <span class='ocrx_word' id='word_1_728' title='bbox 338 4387 374 4454; x_wconf 80' lang='grc' dir='ltr'>τῷ</span> <span class='ocrx_word' id='word_1_729' title='bbox 382 4381 566 4452; x_wconf 80' lang='grc' dir='ltr'>προειρημένῳ,</span> <span class='ocrx_word' id='word_1_730' title='bbox 582 4378 638 4439; x_wconf 81' lang='grc' dir='ltr'>τούς</span> <span class='ocrx_word' id='word_1_731' title='bbox 651 4377 674 4428; x_wconf 88' lang='grc' dir='ltr'>δ’</span> <span class='ocrx_word' id='word_1_732' title='bbox 690 4376 780 4439; x_wconf 78' lang='grc' dir='ltr'>ἄλλους</span> <span class='ocrx_word' id='word_1_733' title='bbox 793 4376 833 4429; x_wconf 79' lang='grc' dir='ltr'>διὰ</span> <span class='ocrx_word' id='word_1_734' title='bbox 848 4382 892 4432; x_wconf 90' lang='grc' dir='ltr'>τοῦ</span> <span class='ocrx_word' id='word_1_735' title='bbox 910 4381 1027 4442; x_wconf 87' lang='grc' dir='ltr'>κακίζειν.</span> <span class='ocrx_word' id='word_1_736' title='bbox 1071 4387 1114 4449; x_wconf 78' lang='grc' dir='ltr'>τῆς</span> <span class='ocrx_word' id='word_1_737' title='bbox 1124 4384 1263 4453; x_wconf 85' lang='grc' dir='ltr'>τυραννίδος</span> <span class='ocrx_word' id='word_1_738' title='bbox 1275 4385 1328 4445; x_wconf 90' lang='grc' dir='ltr'>τοῖς</span> <span class='ocrx_word' id='word_1_739' title='bbox 1340 4382 1437 4445; x_wconf 86' lang='grc' dir='ltr'>οἰκείοις</span> <span class='ocrx_word' id='word_1_740' title='bbox 1448 4384 1534 4454; x_wconf 84' lang='grc' dir='ltr'>λόγοις</span> <span class='ocrx_word' id='word_1_741' title='bbox 1546 4382 1591 4450; x_wconf 77' lang='grc' dir='ltr'>τήν</span> <span class='ocrx_word' id='word_1_742' title='bbox 1604 4385 1724 4455; x_wconf 78' lang='grc' dir='ltr'>μίμησινς</span> 
     </span>
     <span class='ocr_line' id='line_1_51' title="bbox 252 4453 1853 4535; baseline -0.001 -25"><span class='ocrx_word' id='word_1_743' title='bbox 252 4455 350 4523; x_wconf 78' lang='grc' dir='ltr'>Ἐπειδὴ</span> <span class='ocrx_word' id='word_1_744' title='bbox 362 4456 411 4529; x_wconf 83' lang='grc' dir='ltr'>γάρ</span> <span class='ocrx_word' id='word_1_745' title='bbox 422 4456 533 4529; x_wconf 83' lang='grc' dir='ltr'>ίγχωρεῖ</span> <span class='ocrx_word' id='word_1_746' title='bbox 542 4454 586 4509; x_wconf 86' lang='grc' dir='ltr'>τδν</span> <span class='ocrx_word' id='word_1_747' title='bbox 597 4455 699 4509; x_wconf 90' lang='grc' dir='ltr'>Μειδίαν</span> <span class='ocrx_word' id='word_1_748' title='bbox 713 4454 755 4507; x_wconf 82' lang='grc' dir='ltr'>καί</span> <span class='ocrx_word' id='word_1_749' title='bbox 768 4453 801 4516; x_wconf 89' lang='grc' dir='ltr'>εἰς</span> <span class='ocrx_word' id='word_1_750' title='bbox 814 4458 945 4527; x_wconf 89' lang='grc' dir='ltr'>μαρτυρίαν</span> <span class='ocrx_word' id='word_1_751' title='bbox 963 4458 1030 4521; x_wconf 80' lang='grc' dir='ltr'>τινάς</span> <span class='ocrx_word' id='word_1_752' title='bbox 1115 4464 1176 4526; x_wconf 82' lang='grc'>560,</span> <span class='ocrx_word' id='word_1_753' title='bbox 1189 4478 1233 4517; x_wconf 79' lang='grc' dir='ltr'>σο,</span> <span class='ocrx_word' id='word_1_754' title='bbox 1252 4460 1390 4531; x_wconf 81' lang='grc' dir='ltr'>’λρίσταται</span> <span class='ocrx_word' id='word_1_755' title='bbox 1399 4466 1443 4516; x_wconf 83' lang='grc' dir='ltr'>τοῦ</span> <span class='ocrx_word' id='word_1_756' title='bbox 1457 4464 1557 4534; x_wconf 80' lang='grc' dir='ltr'>βοηθεῖν</span> <span class='ocrx_word' id='word_1_757' title='bbox 1567 4462 1649 4535; x_wconf 78' lang='grc' dir='ltr'>αύτῷ]</span> <span class='ocrx_word' id='word_1_758' title='bbox 1660 4464 1759 4529; x_wconf 75' lang='grc' dir='ltr'>Ούδείς,</span> <span class='ocrx_word' id='word_1_759' title='bbox 1771 4467 1853 4534; x_wconf 58' lang='grc' dir='ltr'>φησίν,</span> 
     </span>
     <span class='ocr_line' id='line_1_52' title="bbox 248 4530 1855 4616; baseline 0.006 -28"><span class='ocrx_word' id='word_1_760' title='bbox 248 4536 340 4588; x_wconf 90' lang='grc' dir='ltr'>τούτων</span> <span class='ocrx_word' id='word_1_761' title='bbox 354 4536 525 4607; x_wconf 89' lang='grc' dir='ltr'>παραγαγεῖν,</span> <span class='ocrx_word' id='word_1_762' title='bbox 551 4532 725 4604; x_wconf 79' lang='grc' dir='ltr'>προδιαόάλλει</span> <span class='ocrx_word' id='word_1_763' title='bbox 743 4530 786 4598; x_wconf 76' lang='grc' dir='ltr'>τήν</span> <span class='ocrx_word' id='word_1_764' title='bbox 801 4536 920 4601; x_wconf 87' lang='grc' dir='ltr'>ποιότητα</span> <span class='ocrx_word' id='word_1_765' title='bbox 937 4536 1027 4603; x_wconf 75' lang='grc' dir='ltr'>αὐτῶν,</span> <span class='ocrx_word' id='word_1_766' title='bbox 1072 4539 1127 4593; x_wconf 84' lang='grc' dir='ltr'>ούδὲ</span> <span class='ocrx_word' id='word_1_767' title='bbox 1141 4541 1239 4610; x_wconf 84' lang='grc' dir='ltr'>βοηθεῖν</span> <span class='ocrx_word' id='word_1_768' title='bbox 1252 4540 1330 4613; x_wconf 73' lang='grc' dir='ltr'>ἑαυτῷ</span> <span class='ocrx_word' id='word_1_769' title='bbox 1342 4541 1429 4595; x_wconf 73' lang='grc' dir='ltr'>λοιπον</span> <span class='ocrx_word' id='word_1_770' title='bbox 1443 4542 1537 4613; x_wconf 88' lang='grc' dir='ltr'>ἰσχύει,</span> <span class='ocrx_word' id='word_1_771' title='bbox 1555 4543 1598 4596; x_wconf 89' lang='grc' dir='ltr'>τδν</span> <span class='ocrx_word' id='word_1_772' title='bbox 1617 4543 1720 4596; x_wconf 89' lang='grc' dir='ltr'>Μειδίαν</span> <span class='ocrx_word' id='word_1_773' title='bbox 1733 4546 1855 4616; x_wconf 74' lang='grc' dir='ltr'>φούούμε·</span> 
     </span>
     <span class='ocr_line' id='line_1_53' title="bbox 250 4610 1857 4693; baseline -0.011 -28"><span class='ocrx_word' id='word_1_774' title='bbox 250 4615 408 4685; x_wconf 84' lang='grc' dir='ltr'>μισθοφόρους</span> <span class='ocrx_word' id='word_1_775' title='bbox 420 4613 503 4667; x_wconf 81' lang='grc' dir='ltr'>καλῶν</span> <span class='ocrx_word' id='word_1_776' title='bbox 522 4612 564 4665; x_wconf 83' lang='grc' dir='ltr'>καί</span> <span class='ocrx_word' id='word_1_777' title='bbox 579 4610 685 4682; x_wconf 74' lang='grc' dir='ltr'>ἑταιρίαν</span> <span class='ocrx_word' id='word_1_778' title='bbox 702 4613 731 4665; x_wconf 87' lang='grc' dir='ltr'>τδ</span> <span class='ocrx_word' id='word_1_779' title='bbox 748 4612 801 4666; x_wconf 83' lang='grc' dir='ltr'>κατ’</span> <span class='ocrx_word' id='word_1_780' title='bbox 815 4612 917 4678; x_wconf 83' lang='grc' dir='ltr'>αύτούς,</span> <span class='ocrx_word' id='word_1_781' title='bbox 932 4614 976 4668; x_wconf 84' lang='grc' dir='ltr'>ίνα</span> <span class='ocrx_word' id='word_1_782' title='bbox 995 4616 1028 4688; x_wconf 82' lang='grc' dir='ltr'>μὴ</span> <span class='ocrx_word' id='word_1_783' title='bbox 1072 4640 1122 4682; x_wconf 91' lang='grc' dir='ltr'>νος.</span> <span class='ocrx_word' id='word_1_784' title='bbox 1159 4618 1224 4673; x_wconf 81' lang='grc' dir='ltr'>Εἶτα</span> <span class='ocrx_word' id='word_1_785' title='bbox 1245 4622 1358 4675; x_wconf 59' lang='lat' dir='ltr'>wama</span> <span class='ocrx_word' id='word_1_786' title='bbox 1375 4623 1471 4684; x_wconf 69' lang='grc' dir='ltr'>πολλὰς</span> <span class='ocrx_word' id='word_1_787' title='bbox 1491 4623 1636 4693; x_wconf 40' lang='grc' dir='ltr'>προφω,</span> <span class='ocrx_word' id='word_1_788' title='bbox 1657 4623 1689 4675; x_wconf 54' lang='grc' dir='ltr'>δι’</span> <span class='ocrx_word' id='word_1_789' title='bbox 1709 4625 1737 4685; x_wconf 63' lang='lat'>3&lt;</span> <span class='ocrx_word' id='word_1_790' title='bbox 1756 4625 1857 4686; x_wconf 59' lang='lat' dir='ltr'>&amp;mm</span> 
     </span>
     <span class='ocr_line' id='line_1_54' title="bbox 248 4690 1856 4773; baseline 0.006 -28"><span class='ocrx_word' id='word_1_791' title='bbox 248 4692 289 4746; x_wconf 79' lang='grc' dir='ltr'>διά</span> <span class='ocrx_word' id='word_1_792' title='bbox 302 4695 394 4748; x_wconf 90' lang='grc' dir='ltr'>τούτων</span> <span class='ocrx_word' id='word_1_793' title='bbox 408 4692 473 4765; x_wconf 78' lang='grc' dir='ltr'>λάύη</span> <span class='ocrx_word' id='word_1_794' title='bbox 486 4693 570 4764; x_wconf 78' lang='grc' dir='ltr'>χώραν</span> <span class='ocrx_word' id='word_1_795' title='bbox 588 4690 605 4758; x_wconf 71' lang='grc' dir='ltr'><strong>ἢ</strong></span> <span class='ocrx_word' id='word_1_796' title='bbox 624 4691 751 4763; x_wconf 80' lang='grc' dir='ltr'>μαρτυρία.</span> <span class='ocrx_word' id='word_1_797' title='bbox 788 4692 829 4753; x_wconf 90' lang='grc' dir='ltr'>Τίς</span> <span class='ocrx_word' id='word_1_798' title='bbox 843 4691 892 4764; x_wconf 83' lang='grc' dir='ltr'>γάρ</span> <span class='ocrx_word' id='word_1_799' title='bbox 909 4697 1030 4749; x_wconf 86' lang='grc' dir='ltr'>πιστεύσει</span> <span class='ocrx_word' id='word_1_800' title='bbox 1072 4696 1117 4764; x_wconf 73' lang='grc' dir='ltr'>τήν</span> <span class='ocrx_word' id='word_1_801' title='bbox 1130 4696 1234 4767; x_wconf 76' lang='grc' dir='ltr'>ἡσυχίαν</span> <span class='ocrx_word' id='word_1_802' title='bbox 1257 4698 1407 4765; x_wconf 82' lang='grc' dir='ltr'>άσπάζεται,</span> <span class='ocrx_word' id='word_1_803' title='bbox 1428 4701 1585 4771; x_wconf 74' lang='grc' dir='ltr'>προσκρούειν</span> <span class='ocrx_word' id='word_1_804' title='bbox 1599 4700 1666 4773; x_wconf 83' lang='grc' dir='ltr'>αύτῷ</span> <span class='ocrx_word' id='word_1_805' title='bbox 1685 4699 1718 4771; x_wconf 78' lang='grc' dir='ltr'>μὴ</span> <span class='ocrx_word' id='word_1_806' title='bbox 1737 4701 1856 4773; x_wconf 82' lang='grc' dir='ltr'>βουλόμε·</span> 
     </span>
     <span class='ocr_line' id='line_1_55' title="bbox 248 4770 1121 4847; baseline 0 -20"><span class='ocrx_word' id='word_1_807' title='bbox 248 4773 394 4837; x_wconf 86' lang='grc' dir='ltr'>τούτοις,οἳ</span> <span class='ocrx_word' id='word_1_808' title='bbox 412 4772 551 4827; x_wconf 85' lang='grc' dir='ltr'>κολακεύειν</span> <span class='ocrx_word' id='word_1_809' title='bbox 565 4771 608 4824; x_wconf 85' lang='grc' dir='ltr'>τδν</span> <span class='ocrx_word' id='word_1_810' title='bbox 626 4770 729 4824; x_wconf 89' lang='grc' dir='ltr'>Μειδίαν</span> <span class='ocrx_word' id='word_1_811' title='bbox 743 4770 858 4837; x_wconf 73' lang='grc' dir='ltr'>εἰώθασις</span> <span class='ocrx_word' id='word_1_812' title='bbox 868 4774 931 4827; x_wconf 80' lang='grc' dir='ltr'>κατά</span> <span class='ocrx_word' id='word_1_813' title='bbox 942 4776 1028 4847; x_wconf 78' lang='grc' dir='ltr'>μικρὸν</span> <span class='ocrx_word' id='word_1_814' title='bbox 1073 4799 1121 4842; x_wconf 77' lang='grc' dir='ltr'>νος,</span> 
     </span>
     <span class='ocr_line' id='line_1_56' title="bbox 248 4848 1855 4931; baseline -0.002 -24"><span class='ocrx_word' id='word_1_815' title='bbox 248 4854 275 4907; x_wconf 82' lang='grc' dir='ltr'>δὲ</span> <span class='ocrx_word' id='word_1_816' title='bbox 286 4852 319 4915; x_wconf 86' lang='grc' dir='ltr'>εἰς</span> <span class='ocrx_word' id='word_1_817' title='bbox 328 4852 457 4925; x_wconf 86' lang='grc' dir='ltr'>τυραννίδα</span> <span class='ocrx_word' id='word_1_818' title='bbox 466 4849 577 4922; x_wconf 72' lang='grc' dir='ltr'>ἀναφέρει</span> <span class='ocrx_word' id='word_1_819' title='bbox 586 4848 615 4903; x_wconf 85' lang='grc' dir='ltr'>τδ</span> <span class='ocrx_word' id='word_1_820' title='bbox 626 4852 736 4921; x_wconf 79' lang='grc' dir='ltr'>πρᾶγμα·</span> <span class='ocrx_word' id='word_1_821' title='bbox 752 4852 813 4907; x_wconf 77' lang='grc' dir='ltr'>ὅπου</span> <span class='ocrx_word' id='word_1_822' title='bbox 823 4850 872 4921; x_wconf 70' lang='grc' dir='ltr'>γάρ</span> <span class='ocrx_word' id='word_1_823' title='bbox 887 4855 1030 4925; x_wconf 87' lang='grc' dir='ltr'>μισθοφόροι</span> <span class='ocrx_word' id='word_1_824' title='bbox 1109 4859 1171 4922; x_wconf 92' lang='grc'>560,</span> <span class='ocrx_word' id='word_1_825' title='bbox 1184 4874 1227 4911; x_wconf 77' lang='lat'>22.</span> <span class='ocrx_word' id='word_1_826' title='bbox 1244 4858 1291 4911; x_wconf 84' lang='grc' dir='ltr'>ίίαί</span> <span class='ocrx_word' id='word_1_827' title='bbox 1309 4858 1357 4930; x_wconf 79' lang='grc' dir='ltr'>γάρ</span> <span class='ocrx_word' id='word_1_828' title='bbox 1376 4858 1484 4930; x_wconf 88' lang='grc' dir='ltr'>άσχολία</span> <span class='ocrx_word' id='word_1_829' title='bbox 1501 4859 1542 4912; x_wconf 86' lang='grc' dir='ltr'>καί</span> <span class='ocrx_word' id='word_1_830' title='bbox 1561 4858 1755 4931; x_wconf 70' lang='grc' dir='ltr'>άπραγμοσύνεγ]</span> <span class='ocrx_word' id='word_1_831' title='bbox 1770 4858 1855 4930; x_wconf 59' lang='lat'>‘3⁰1⁰-</span> 
     </span>
     <span class='ocr_line' id='line_1_57' title="bbox 249 4929 1855 5011; baseline 0 -17"><span class='ocrx_word' id='word_1_832' title='bbox 249 4933 290 4986; x_wconf 66' lang='grc' dir='ltr'>τισί</span> <span class='ocrx_word' id='word_1_833' title='bbox 302 4932 445 5004; x_wconf 68' lang='grc' dir='ltr'>δσρρρύρρῑ.</span> <span class='ocrx_word' id='word_1_834' title='bbox 459 4929 490 4984; x_wconf 66' lang='lat'>³3²</span> <span class='ocrx_word' id='word_1_835' title='bbox 503 4934 546 4997; x_wconf 66' lang='grc' dir='ltr'>τῆς</span> <span class='ocrx_word' id='word_1_836' title='bbox 558 4930 671 4993; x_wconf 64' lang='grc' dir='ltr'>θσρθρίσί</span> <span class='ocrx_word' id='word_1_837' title='bbox 681 4929 763 5001; x_wconf 61' lang='grc' dir='ltr'>ἐγγύς·</span> <span class='ocrx_word' id='word_1_838' title='bbox 1072 4939 1115 4993; x_wconf 87' lang='grc' dir='ltr'>λία</span> <span class='ocrx_word' id='word_1_839' title='bbox 1126 4939 1166 4991; x_wconf 86' lang='grc' dir='ltr'>διθι</span> <span class='ocrx_word' id='word_1_840' title='bbox 1181 4937 1226 5005; x_wconf 81' lang='grc' dir='ltr'>τὴν</span> <span class='ocrx_word' id='word_1_841' title='bbox 1239 4939 1334 5010; x_wconf 89' lang='grc' dir='ltr'>τύχην,</span> <span class='ocrx_word' id='word_1_842' title='bbox 1353 4939 1531 5011; x_wconf 74' lang='grc' dir='ltr'>ἀπραγμοσύνη</span> <span class='ocrx_word' id='word_1_843' title='bbox 1549 4938 1590 4992; x_wconf 77' lang='grc' dir='ltr'>διδ</span> <span class='ocrx_word' id='word_1_844' title='bbox 1599 4940 1642 4993; x_wconf 88' lang='grc' dir='ltr'>τδν</span> <span class='ocrx_word' id='word_1_845' title='bbox 1652 4940 1756 5010; x_wconf 83' lang='grc' dir='ltr'>τρόπον,</span> <span class='ocrx_word' id='word_1_846' title='bbox 1773 4940 1814 4993; x_wconf 87' lang='grc' dir='ltr'>καί</span> <span class='ocrx_word' id='word_1_847' title='bbox 1827 4942 1855 4994; x_wconf 86' lang='grc' dir='ltr'>τδ</span> 
     </span>
     <span class='ocr_line' id='line_1_58' title="bbox 286 5008 1855 5090; baseline -0.005 -11"><span class='ocrx_word' id='word_1_848' title='bbox 286 5014 347 5079; x_wconf 78' lang='grc' dir='ltr'>56ον</span> <span class='ocrx_word' id='word_1_849' title='bbox 360 5014 386 5067; x_wconf 75' lang='lat'>3·</span> <span class='ocrx_word' id='word_1_850' title='bbox 405 5010 541 5081; x_wconf 60' lang='grc' dir='ltr'>Εἰύῑίίί*ων</span> <span class='ocrx_word' id='word_1_851' title='bbox 559 5010 730 5081; x_wconf 64' lang='grc' dir='ltr'>ὁθίθίῑσρΐθς]</span> <span class='ocrx_word' id='word_1_852' title='bbox 750 5009 795 5062; x_wconf 71' lang='grc' dir='ltr'>Ὃν</span> <span class='ocrx_word' id='word_1_853' title='bbox 815 5008 969 5082; x_wconf 64' lang='grc' dir='ltr'>ἐμισθώσατο</span> <span class='ocrx_word' id='word_1_854' title='bbox 984 5032 1029 5065; x_wconf 85' lang='grc' dir='ltr'>κα·</span> <span class='ocrx_word' id='word_1_855' title='bbox 1075 5017 1108 5090; x_wconf 80' lang='grc' dir='ltr'>μή</span> <span class='ocrx_word' id='word_1_856' title='bbox 1120 5019 1236 5072; x_wconf 87' lang='grc' dir='ltr'>δύνασθαι</span> <span class='ocrx_word' id='word_1_857' title='bbox 1244 5019 1325 5090; x_wconf 84' lang='grc' dir='ltr'>λέγειν</span> <span class='ocrx_word' id='word_1_858' title='bbox 1339 5017 1380 5071; x_wconf 81' lang='grc' dir='ltr'>διά</span> <span class='ocrx_word' id='word_1_859' title='bbox 1388 5017 1432 5085; x_wconf 78' lang='grc' dir='ltr'>τήν</span> <span class='ocrx_word' id='word_1_860' title='bbox 1446 5019 1526 5090; x_wconf 84' lang='grc' dir='ltr'>φύσιν.</span> <span class='ocrx_word' id='word_1_861' title='bbox 1562 5018 1599 5070; x_wconf 87' lang='grc' dir='ltr'>Δι’</span> <span class='ocrx_word' id='word_1_862' title='bbox 1615 5015 1651 5073; x_wconf 85' lang='grc' dir='ltr'>ὧν</span> <span class='ocrx_word' id='word_1_863' title='bbox 1660 5019 1687 5071; x_wconf 86' lang='grc' dir='ltr'>δὲ</span> <span class='ocrx_word' id='word_1_864' title='bbox 1700 5018 1780 5071; x_wconf 89' lang='grc' dir='ltr'>αἰτίαν</span> <span class='ocrx_word' id='word_1_865' title='bbox 1794 5018 1855 5073; x_wconf 80' lang='grc' dir='ltr'>άπο·</span> 
     </span>
     <span class='ocr_line' id='line_1_59' title="bbox 249 5095 1873 5169; baseline 0.004 -22"><span class='ocrx_word' id='word_1_866' title='bbox 249 5095 364 5166; x_wconf 85' lang='grc' dir='ltr'>τήγορον.</span> <span class='ocrx_word' id='word_1_867' title='bbox 1071 5100 1157 5151; x_wconf 89' lang='grc' dir='ltr'>δίδωσι</span> <span class='ocrx_word' id='word_1_868' title='bbox 1168 5103 1220 5160; x_wconf 92' lang='grc' dir='ltr'>τοῖς</span> <span class='ocrx_word' id='word_1_869' title='bbox 1233 5097 1403 5169; x_wconf 76' lang='grc' dir='ltr'>ἠδικημένοις,</span> <span class='ocrx_word' id='word_1_870' title='bbox 1419 5101 1458 5153; x_wconf 85' lang='grc' dir='ltr'>δτι</span> <span class='ocrx_word' id='word_1_871' title='bbox 1468 5096 1501 5169; x_wconf 81' lang='grc' dir='ltr'>μὴ</span> <span class='ocrx_word' id='word_1_872' title='bbox 1511 5098 1699 5169; x_wconf 85' lang='grc' dir='ltr'>κατηγόρησαν,</span> <span class='ocrx_word' id='word_1_873' title='bbox 1709 5098 1749 5150; x_wconf 78' lang='grc' dir='ltr'>διὰ</span> <span class='ocrx_word' id='word_1_874' title='bbox 1763 5100 1854 5153; x_wconf 87' lang='grc' dir='ltr'>τούτων</span> <span class='ocrx_word' id='word_1_875' title='bbox 1870 5144 1873 5154; x_wconf 95' lang='grc'>.</span> 
     </span>
     <span class='ocr_line' id='line_1_60' title="bbox 286 5168 1855 5251; baseline -0.002 -17"><span class='ocrx_word' id='word_1_876' title='bbox 286 5177 352 5242; x_wconf 76' lang='grc'>560,</span> <span class='ocrx_word' id='word_1_877' title='bbox 366 5176 392 5229; x_wconf 79' lang='lat'>5·</span> <span class='ocrx_word' id='word_1_878' title='bbox 413 5173 549 5245; x_wconf 72' lang='grc' dir='ltr'>Μαρτῦρωθ</span> <span class='ocrx_word' id='word_1_879' title='bbox 572 5177 711 5225; x_wconf 59' lang='grc' dir='ltr'>συνεστῶσα</span> <span class='ocrx_word' id='word_1_880' title='bbox 732 5171 841 5243; x_wconf 71' lang='grc' dir='ltr'>ἰτσῑρίσ]</span> <span class='ocrx_word' id='word_1_881' title='bbox 863 5168 1029 5244; x_wconf 73' lang='grc' dir='ltr'>Ἃρῑλλῶντσῑ</span> <span class='ocrx_word' id='word_1_882' title='bbox 1073 5177 1104 5232; x_wconf 81' lang='grc' dir='ltr'>τά</span> <span class='ocrx_word' id='word_1_883' title='bbox 1119 5178 1216 5232; x_wconf 76' lang='grc' dir='ltr'>ἐναντία</span> <span class='ocrx_word' id='word_1_884' title='bbox 1229 5184 1265 5251; x_wconf 76' lang='grc' dir='ltr'>τῷ</span> <span class='ocrx_word' id='word_1_885' title='bbox 1282 5179 1370 5250; x_wconf 81' lang='grc' dir='ltr'>Μειδία</span> <span class='ocrx_word' id='word_1_886' title='bbox 1389 5180 1528 5250; x_wconf 85' lang='grc' dir='ltr'>περιάπτει,</span> <span class='ocrx_word' id='word_1_887' title='bbox 1544 5179 1582 5230; x_wconf 84' lang='grc' dir='ltr'>δτι</span> <span class='ocrx_word' id='word_1_888' title='bbox 1599 5176 1793 5248; x_wconf 85' lang='grc' dir='ltr'>φιλοπράγμων,</span> <span class='ocrx_word' id='word_1_889' title='bbox 1817 5181 1855 5232; x_wconf 84' lang='grc' dir='ltr'>ύτι</span> 
     </span>
     <span class='ocr_line' id='line_1_61' title="bbox 250 5252 1854 5326; baseline -0.001 -18"><span class='ocrx_word' id='word_1_890' title='bbox 250 5255 308 5326; x_wconf 79' lang='grc' dir='ltr'>πρὸς</span> <span class='ocrx_word' id='word_1_891' title='bbox 319 5254 374 5317; x_wconf 78' lang='grc' dir='ltr'>τούς</span> <span class='ocrx_word' id='word_1_892' title='bbox 385 5256 535 5325; x_wconf 88' lang='grc' dir='ltr'>κατηγόρους</span> <span class='ocrx_word' id='word_1_893' title='bbox 547 5254 569 5305; x_wconf 85' lang='grc' dir='ltr'>οἱ</span> <span class='ocrx_word' id='word_1_894' title='bbox 584 5253 716 5323; x_wconf 86' lang='grc' dir='ltr'>μάρτυρες,</span> <span class='ocrx_word' id='word_1_895' title='bbox 727 5252 752 5305; x_wconf 89' lang='grc' dir='ltr'>οἰ</span> <span class='ocrx_word' id='word_1_896' title='bbox 769 5254 811 5324; x_wconf 80' lang='grc' dir='ltr'>μὲν</span> <span class='ocrx_word' id='word_1_897' title='bbox 831 5257 956 5307; x_wconf 86' lang='grc' dir='ltr'>ποιοῦνται</span> <span class='ocrx_word' id='word_1_898' title='bbox 968 5273 1028 5324; x_wconf 79' lang='grc' dir='ltr'>γρα·</span> <span class='ocrx_word' id='word_1_899' title='bbox 1075 5255 1161 5326; x_wconf 83' lang='grc' dir='ltr'>μηδενί</span> <span class='ocrx_word' id='word_1_900' title='bbox 1177 5255 1322 5325; x_wconf 77' lang='grc' dir='ltr'>σχολάζων,</span> <span class='ocrx_word' id='word_1_901' title='bbox 1344 5256 1377 5319; x_wconf 80' lang='grc' dir='ltr'>ὥς</span> <span class='ocrx_word' id='word_1_902' title='bbox 1393 5256 1473 5318; x_wconf 83' lang='grc' dir='ltr'>κοινδς</span> <span class='ocrx_word' id='word_1_903' title='bbox 1489 5254 1574 5326; x_wconf 76' lang='grc' dir='ltr'>ἐχθρὸς</span> <span class='ocrx_word' id='word_1_904' title='bbox 1595 5258 1626 5325; x_wconf 77' lang='grc' dir='ltr'>τῇ</span> <span class='ocrx_word' id='word_1_905' title='bbox 1646 5254 1765 5325; x_wconf 72' lang='grc' dir='ltr'>πολιτείᾳ.</span> <span class='ocrx_word' id='word_1_906' title='bbox 1802 5257 1854 5309; x_wconf 83' lang='grc' dir='ltr'>Τον</span> 
     </span>
    </p>
   </div>
   <div class='ocr_carea' id='block_1_3' title="bbox 0 0 2005 5967">
    <p class='ocr_par' dir='ltr' id='par_1_3' title="bbox 0 0 2005 5967">
     <span class='ocr_line' id='line_1_62' title="bbox 0 0 2005 5967; baseline 0 0"><span class='ocrx_word' id='word_1_907' title='bbox 0 0 2005 5967; x_wconf 95' lang='lat' dir='ltr'> </span> 
     </span>
    </p>
   </div>
  </div>
 </body>
</html>
