3967 5967
224 449 283 502 οθθ
764 436 905 497 ΣΧΟΔΙΑ
928 434 992 498 ΕΙΣ
1012 434 1284 502 ΔΗΜΟΣΘΕΝΗΝ.

222 566 284 622 Ἐἀν
307 568 355 639 γὰρ
376 569 464 639 τρόπον
487 567 542 621 ἀντὶ
561 568 650 638 τρόπου
669 566 813 640 ύποθάλλη,
830 565 997 638 μεταληπτικὴ
1042 568 1145 640 γεγονὸς
1162 568 1286 639 ἀρνεῖται,
1300 568 1333 630 ώς
1354 566 1418 623 εἶναι
1439 569 1467 622 τό
1488 570 1531 640 μέν
1553 570 1617 640 παρὰ
1632 576 1674 623 τοῦ
1695 566 1829 642 φεύγοντος

217 648 312 718 γίνεται
326 647 342 716 ἣ
355 648 431 710 λύσις.
469 647 545 701 Ὥστε
557 648 602 700 ούκ
613 646 803 717 ἀόριθέςτδτοῖι
814 648 997 717 Μητροφάνους,
1042 651 1099 719 όρον
1113 648 1140 702 ίιι
1153 656 1202 702 τῶν
1214 649 1366 716 λειπόντων,
1379 650 1408 702 τδ
1426 649 1453 703 δέ
1465 650 1530 720 παρὰ
1538 654 1581 704 τοῦ
1590 653 1720 714 διώκοντος
1734 652 1760 706 έκ
1774 659 1826 707 τῶν

219 726 258 779 θτι
274 729 340 780 πᾶσα
354 726 486 799 μετάληψις
497 726 623 797 ἀντιλήψει
639 724 732 778 λύεται.
784 723 876 796 Ἐράνη
892 724 940 795 γάρ
958 725 999 777 καί
1041 729 1227 798 πεπραγμένων.
1269 726 1299 779 ‘0
1314 727 1357 798 μέν
1375 729 1422 799 γάρ
1433 746 1522 798 φησιν,
1541 728 1586 780 ούκ
1597 729 1706 799 ἄρχοντα
1718 730 1826 802 ύθρισα,

220 805 400 877 μεταληπτικὸν
413 806 586 877 μεταληπτσιῷ
597 805 726 874 λυόμινσν.
1042 808 1071 860 ού
1083 808 1146 877 παρὰ
1160 808 1204 874 τὴν
1222 809 1294 861 πόλιν
1315 807 1465 879 ἐξήμαρτον,
1481 807 1539 859 ἀλλ’
1552 808 1584 870 εἰς
1596 811 1763 879 Δημοσθένην,
1784 812 1830 864 καί

255 887 316 947 523,
329 904 354 954 7.
369 884 402 937 Ὅ
415 904 442 938 τι
458 884 507 955 γὰρ
527 886 602 955 χορός
618 880 648 951 ἦν
669 887 713 950 τῆς
726 883 836 953 πόλεως]
861 882 941 937 Αύτδν
955 882 999 936 τόν
1042 890 1122 958 σιωπᾷ
1135 888 1315 959 τὀνγορηγδν,
1330 886 1543 958 τὴνίερομηνίαν,
1558 889 1587 941 τδ
1602 889 1711 958 θέατρον.
1755 888 1785 942 Ὅ
1799 891 1828 945 δί

219 962 307 1034 ἐχθρόν
321 965 451 1031 πεποίηκεν
463 964 636 1035 ὁμολογοῦντα
647 964 676 1017 τδ
689 964 808 1034 δημόσιον
825 960 890 1015 εἶναι
904 962 934 1015 τδ
946 961 999 1015 ἀδέ-
1041 966 1099 1036 πρὸς
1112 970 1163 1028 τοῖς
1175 966 1221 1020 nub
1239 966 1339 1019 Μειδίου
1351 965 1559 1036 ὁμολογουμένοις
1567 967 1608 1019 καί
1619 965 1680 1019 αθτά
1689 971 1829 1038 προστιθεὶς

219 1063 287 1114 ιιημα
305 1043 346 1098 καί
354 1042 386 1096 δι’
397 1041 433 1097 ών
446 1044 581 1115 περιτίθησι
592 1049 628 1115 τῷ
641 1049 709 1114 χορῷ
723 1043 778 1104 τούς
790 1041 940 1113 λογισμούς,
958 1040 1000 1093 διίι
1042 1046 1159 1115 δημόσιον
1174 1046 1276 1100 ποιεῖτδ
1289 1045 1413 1116 ἔγκλημα.
1461 1045 1505 1097 Διά
1523 1046 1548 1098 τί
1569 1040 1613 1097 ούν
1634 1049 1688 1115 μιᾶς
1698 1046 1771 1114 ούσης
1784 1054 1828 1115 τῆς

219 1128 292 1177 τοῦτο
303 1123 344 1175 καί
355 1123 408 1176 λύει
420 1121 465 1188 τὴν
478 1122 599 1177 ἀντίθεσιν
613 1122 655 1174 καί
667 1121 710 1175 τδν
729 1120 818 1191 έγθρδν
837 1120 892 1172 καθ’
914 1117 1000 1172 ίαντοθ
1043 1123 1184 1186 ἀντιθέσεως
1195 1124 1227 1186 εἰς
1239 1126 1292 1195 τρία
1305 1126 1363 1196 μέρη
1376 1124 1506 1191 πεποίηκεν
1521 1124 1611 1191 αύτηνς
1625 1126 1663 1177 ότι
1682 1124 1775 1197 έθάρρει
1792 1134 1830 1199 τῷ

217 1202 336 1254 δείκνυσιν
349 1201 541 1273 ἀγωνιζόμενον.
1042 1203 1130 1269 πλήθει
1142 1210 1189 1257 τῶν
1199 1204 1307 1268 λύσεων,
1318 1205 1359 1256 καί
1371 1203 1414 1256 ίνα
1426 1202 1459 1273 μὴ
1474 1203 1532 1274 δόξη
1544 1203 1598 1273 περί
1615 1204 1642 1258 ἓν
1656 1206 1727 1275 μέρος
1744 1205 1829 1277 πολλῇ

255 1279 316 1343 5²3·
330 1298 371 1349 ι7-
387 1279 429 1346 Μὴ
443 1279 473 1346 δὴ
487 1285 562 1334 τοῦτο
579 1279 680 1350 λέγειν]
703 1277 749 1331 Ἐν
768 1278 848 1349 τούτῳ
864 1276 923 1347 φησί
943 1275 1000 1343 Μη·
1043 1283 1149 1352 χρῆσθαι
1160 1286 1192 1353 τῇ
1200 1283 1337 1352 περιουσίᾳ,
1351 1281 1392 1333 διὰ
1401 1286 1474 1335 τοῦτο
1486 1282 1593 1353 ἐμέρισεν
1603 1322 1610 1346 ,
1622 1285 1686 1336 ὥστε
1698 1283 1827 1337 λανθάνειν

218 1360 337 1427 τροφάτηε
358 1359 386 1412 τὸ
404 1359 467 1412 κατὰ
489 1359 609 1429 σύλληψιν
631 1357 782 1424 θηδῦθσθαῑν
804 1355 828 1409 ἔ*
848 1352 869 1426 ᾧ
891 1355 1001 1424 φᾱίθῑῑαῑ
1043 1362 1087 1427 τὴν
1103 1361 1173 1431 ἰσχύν
1188 1366 1231 1427 τῆς
1244 1361 1393 1423 ἀντιθέσεως.
1412 1361 1491 1414 Ἔνθα
1504 1361 1552 1432 γὰρ
1565 1361 1659 1423 πολλάς
1672 1360 1828 1432 ἔχειλύσεις,

218 1443 354 1507 θυῖλωθῶί
371 1437 480 1508 θρθτιυρ
493 1438 565 1509 ίύτι]
586 1436 628 1490 καλ
645 1438 712 1498 δίκας
730 1435 850 1496 ίδῑωτικθε
867 1434 965 1485 &ww
987 1432 1002 1486 θ
1044 1442 1097 1496 ἐκεῖ
1114 1441 1212 1508 καλιὴν
1233 1442 1290 1511 μίαν
1311 1442 1432 1494 ἀντίθεσιν
1448 1441 1543 1504 πολλὰς
1556 1445 1637 1507 ποιεῖ,
1651 1445 1714 1496 ὥστε
1727 1443 1772 1512 τὴν
1788 1446 1828 1499 εύ·

219 1518 302 1586 νόμος.
342 1517 377 1569 (Μ
390 1516 527 1588 μὴνούτως
540 1517 603 1587 ἔχει·
616 1517 715 1588 μηδέπω
729 1515 831 1586 γάρῐῆε
845 1513 1001 1580 {tamenet-
1043 1520 1301 1593 πορίανίπιδείξασθαι
1314 1526 1362 1573 τῶν
1375 1521 1478 1576 λύσεων.

220 1615 279 1661 οης,
292 1597 414 1649 τουτέστιν
425 1595 499 1649 αύτοῖι
509 1600 553 1649 τοῦ
566 1598 624 1666 όρου
632 1596 759 1660 τεθέντος,
772 1594 833 1666 μηδὲ
842 1594 1002 1666 ἀνθορισαμέ-
1080 1598 1142 1661 524,
1161 1615 1185 1651 1.
1207 1596 1359 1668 Βουλόμενος
1377 1598 1468 1667 φθόνον
1489 1596 1562 1669 τινὰ]
1585 1598 1686 1660 Μειδίας
1707 1597 1829 1653 ἰδιωτικδν

220 1696 263 1729 νου
275 1675 399 1738 ἰδιωτικῶς
415 1680 460 1729 τοῦ
468 1676 568 1747 ῥήτορος
580 1715 588 1740 ,
600 1680 651 1736 πῶς
661 1670 715 1727 οίόν
728 1694 755 1727 τε
766 1673 829 1727 κατὰ
838 1672 957 1743 σύλληψιν
967 1672 1001 1725 εἰ·
1044 1678 1143 1740 ποιῆσαι
1153 1675 1195 1728 τδν
1215 1674 1300 1747 ἀγῶνα
1314 1674 1463 1746 βουλόμενος
1481 1679 1572 1746 χρῆται
1583 1681 1614 1749 τῇ
1635 1677 1761 1732 ἀντιθέσει·
1776 1680 1791 1733 ό
1803 1679 1830 1734 δέ

220 1758 350 1828 σύγεσθαι;
364 1758 379 1824 ἢ
393 1763 443 1819 πῶς
461 1756 594 1828 συναγωγή
608 1755 709 1809 έστιτοῖι
722 1757 780 1826 θρου
794 1755 835 1807 καί
848 1758 891 1806 τού
904 1752 1000 1824 ἀνθορι-
1044 1750 1134 1822 ῥήτωρ,
1149 1753 1238 1823 φησίν,
1260 1752 1303 1803 ἵνα
1325 1772 1366 1824 μοι
1385 1753 1475 1821 φθόνον
1499 1752 1603 1825 κινήσῃ,
1630 1752 1672 1804 ταί
1697 1756 1830 1823 πεποίηκεν

220 1842 300 1907 σμοῦς
325 1835 391 1889 έστιν
411 1833 454 1889 οὖν
477 1835 543 1896 λύσις
566 1835 663 1906 μᾶλλον
685 1838 728 1900 τῆς
744 1837 842 1904 γενικῆς
860 1832 1002 1893 ἀντιθέσεως
1044 1829 1216 1902 ὁμολογοῦντα
1233 1833 1276 1885 τ“ον
1292 1831 1389 1902 ἐχθρόν,
1405 1832 1443 1884 ότι
1462 1831 1557 1896 ἀδικεῖ,
1580 1833 1731 1903 φοόούμενον
1754 1835 1780 1887 δέ
1795 1834 1830 1904 μὴ

223 1911 1001 1986 ιδίδωσινθνόμοςκαίἰδίᾳδικάζεσθαιν,θδίκατάσυγγώ-
1044 1913 1171 1984 παραδοθῇ
1184 1912 1354 1984 τῷάντιδίνιιρ.
1392 1912 1439 1963 Καὶ
1456 1910 1505 1982 γάρ
1516 1910 1583 1972 ἀξιον
1603 1912 1694 1982 φθόνου
1707 1912 1737 1964 τὸ
1754 1911 1831 1965 3131-

220 2012 290 2063 ρησιν
305 1994 436 2065 ὁμολογῶν
457 1994 499 2046 καί
516 1993 587 2055 αύτδς
609 1991 674 2045 εἶναι
695 1991 737 2044 καί
752 1991 818 2053 δίκας
836 1990 1002 2055 ίδιωτικάς,θ
1044 1991 1175 2060 καστηρίου
1195 1991 1347 2061 παραλαόεῖν
1370 1989 1412 2042 τδν
1428 1989 1516 2061 ἐχθρόν
1537 1992 1600 2043 ὥστε
1618 1991 1757 2060 χρησασθαι
1775 1992 1790 2043 θ
1806 1994 1830 2044 τί

222 2074 304 2142 μέντοι
314 2074 472 2143 κατηγόρηκα
485 2070 545 2143 ἐγὼ,
562 2072 604 2123 καί
620 2069 785 2141 θτετόλμηκι
798 2070 912 2134 Μειδίας,
926 2074 1002 2124 ταθτα
1046 2069 1169 2138 βούλεται.
1206 2070 1287 2132 Δείξας
1304 2069 1330 2123 δί
1348 2071 1386 2122 ότι
1400 2070 1444 2122 ούκ
1462 2069 1529 2142 αύτῷ
1541 2070 1737 2139 παραδώσουσιν,
1759 2070 1828 2122 ἀλλὰ

220 2151 275 2220 περὶ
293 2148 338 2216 τὴν
356 2150 442 2220 ίορτήν
456 2150 521 2205 έστιν
538 2148 686 2219 ἀδικήματα·
701 2154 752 2210 πῶς
762 2143 806 2201 σύν
821 2147 870 2218 ἰδίᾳ
880 2150 1002 2219 κρίνεσθαι
1045 2151 1097 2210 τοῖς
1108 2150 1205 2220 νόμοις,
1220 2149 1359 2220 μεταθαίνει
1374 2147 1412 2201 έπί
1424 2148 1452 2201 τ“ο
1467 2149 1550 2217 έτερον
1563 2149 1633 2218 μέρος
1646 2148 1674 2201 τδ
1688 2150 1726 2201 ὅτι
1740 2148 1768 2200 σύ
1779 2151 1829 2215 Δη.

221 2228 336 2299 βούλεται
353 2230 459 2300 δημοσίᾳ
477 2228 672 2299 πλημμελήσαςς
1046 2229 1164 2297 μσσθένης
1184 2226 1248 2280 ἐστὶν
1264 2227 1427 2298 όύθρισθελς,
1443 2227 1485 2280 καί
1501 2245 1587 2296 φησιν,
1604 2225 1657 2297 ἔχει
1670 2228 1692 2279 δ’
1705 2227 1752 2297 ούχ
1765 2228 1831 2281 ούτισ

258 2308 319 2374 5ν3,
333 2325 376 2361 2ο.
386 2306 418 2361 Εἰ
426 2308 448 2359 δ’
459 2307 509 2376 ἐγὼ
519 2306 563 2372 τὴν
574 2305 669 2360 έπίτῶν
683 2306 751 2360 ἰδίων
759 2307 831 2359 δικῶν
844 2305 1000 2378 πλεονεξίαν]
1046 2311 1132 2361 ταῦτα.

225 2384 254 2439 ‘0
268 2386 310 2457 μέν
333 2385 453 2438 ἰδιωτικόν
476 2384 611 2455 λαγχάνων
632 2384 703 2449 αύτδς
725 2385 849 2455 έλάμθανε
871 2387 936 2458 παρὰ
958 2393 1002 2440 τοῦ
1082 2387 1143 2451 5οό,
1162 2389 1202 2440 13.
1222 2385 1296 2439 Ἀλλθ
1311 2382 1359 2456 μὴν
1378 2386 1436 2455 πρός
1451 2404 1481 2454 γε
1496 2386 1525 2437 τδ
1538 2385 1649 2455 τοιοῖιτο]
1668 2383 1698 2437 ‘0
1717 2386 1772 2456 θρσς
1787 2390 1832 2439 τοῖν

219 2461 580 2532 φεύγοντοςτδέιιτῶννόμων
593 2462 697 2533 τίμημα.
736 2462 879 2533 Παρεύραπα
892 2463 918 2517 δέ
931 2467 1004 2534 μόνος
1045 2465 1184 2535 φεύγοντος·
1212 2465 1352 2534 ιθόρισται
1373 2464 1572 2534 Δημοσθένης,ν
1592 2462 1608 2515 ό
1626 2462 1771 2534 ἀνθσρισμδς
1785 2469 1832 2517 τοῦ

222 2540 266 2607 τὴν
280 2542 385 2612 ίμαιτοῖ
398 2542 468 2608 δίκην
478 2542 587 2597 διδόντα.
1047 2545 1179 2605 διώκοντος
1193 2566 1203 2592 ι
1219 2542 1264 2595 σθκ
1281 2544 1341 2596 όντα
1356 2544 1432 2613 μόνον
1454 2543 1629 2612 Δημοσθένην,
1642 2541 1708 2594 ἀλλά
1729 2544 1770 2595 καί
1783 2563 1830 2613 χο·

258 2622 320 2687 523,
335 2620 473 2690 τ5.Χάριν,
492 2620 521 2673 ού
539 2620 649 2690 βλόόην]
662 2619 819 2690 Προετίμησα
838 2619 885 2689 πρδ
898 2618 1004 2690 ίμαυτοθ
1050 2624 1171 2694 ιρηγδν,
1191 2625 1256 2675 νθτι
1274 2622 1303 2674 ού
1322 2624 1398 2693 μόνον
1412 2620 1541 2690 ύθριστὴς,
1563 2620 1629 2672 ἀλλά
1650 2621 1691 2673 καί
1711 2620 1798 2688 ἀσεόής
1817 2623 1832 2675 θ

223 2697 267 2765 τὴν
283 2700 372 2764 πόλιν,
388 2699 429 2751 καὶ
442 2699 519 2770 ταύτῃ
538 2700 700 2768 παρεχώρησα
722 2698 751 2750 τδ
767 2697 795 2749 ἐκ
812 2702 856 2750 τοῖν
869 2699 1005 2769 τιμήματος
1047 2702 1157 2763 Μειδίας.
1199 2700 1268 2754 ’Eud
1286 2699 1334 2771 γάρ
1348 2705 1419 2755 τοῦτο
1439 2699 1607 2770 όροςδιπλοῖς
1620 2699 1682 2752 κατὰ
1699 2700 1829 2771 σύλληψιν.

221 2779 317 2849 ὄφελος.
353 2778 473 2831 Βούλεται
486 2777 534 2851 γὰρ
548 2777 620 2830 αύτδν
633 2778 790 2846 δημευθῆναι.
1048 2783 1123 2834 BFY,

258 2858 320 2921 523,
335 2861 379 2910 26.
395 2855 460 2909 Οἶδα
480 2857 561 2909 τοίνυν
577 2857 615 2908 ότι
633 2856 675 2907 καί
692 2856 771 2925 τούτῳ
787 2853 875 2926 πολλῷ
887 2855 1004 2925 γρησεται
1085 2861 1147 2923 524,
1163 2861 1204 2913 ι5.
1219 2858 1255 2912 θύ
1266 2858 1314 2930 γὰρ
1328 2856 1361 2918 εἶς
1373 2857 1531 2927 Δημοσθένην
1550 2858 1609 2910 ὄντα
1626 2876 1656 2928 με
1671 2855 1828 2927 ἠσέλγαινεν,

221 2935 356 3007 τῷλόγῳ]
377 2934 474 3007 Ὁρικδν
497 2936 526 2988 τό
547 2934 689 3005 κεφάλαιον.
712 2934 787 2989 TCP.
808 2931 884 2995 Οὗτός
904 2932 968 2987 ἔστιν
990 2936 1005 2988 ὁ
1048 2937 1114 2989 ἀλλά
1126 2938 1168 2990 καί
1182 2938 1214 2999 εἰς
1226 2937 1337 3008 χορηγόν
1357 2935 1488 3007 ύμέτερον]
1510 2938 1633 2989 τουτέστιν
1654 2936 1686 2997 εἰς
1705 2937 1828 3006 ἄρχοντα·

222 3016 300 3086 κύριος
312 3017 368 3086 όρος
380 3015 472 3077 εἰδικῶς
482 3014 627 3085 ἐπηγμένος·
643 3014 681 3067 διδ
694 3014 735 3064 καὶ
746 3012 851 3083 ὀνόματι
863 3013 999 3085 προήγαγε·
1049 3015 1082 3087 μὴ
1098 3016 1164 3086 ἔχων
1177 3016 1204 3069 δὲ
1216 3016 1294 3078 δεῖξαι
1313 3017 1351 3067 θτι
1364 3016 1449 3086 ἀρχῶν
1470 3015 1552 3079 ἐστὶν,
1578 3014 1605 3067 ἐκ
1618 3019 1661 3080 τῆς
1681 3020 1725 3067 τοῦ
1744 3016 1832 3086 όμοίσυ

222 3094 263 3146 καί
283 3094 384 3164 πολλῷ,
406 3094 482 3164 φησί,
507 3093 625 3163 χρήσεται
644 3098 680 3162 τῶ
700 3092 787 3163 λόγῳ,
811 3090 891 3158 ἀληθῆ
912 3091 1003 3162 λέγων.
1048 3098 1199 3166 παραθέσεως
1211 3095 1335 3161 συνίστησι
1346 3094 1386 3146 διά
1399 3094 1578 3165 συλλογισμοῦ.
1621 3093 1650 3146 ‘0
1666 3096 1830 3164 θεσμοθέτης,

225 3171 282 3226 Ἐπ’
295 3171 375 3225 ούδενί
386 3172 434 3243 γὰρ
448 3171 537 3243 ίτέρῳ,
552 3172 584 3233 ώς
594 3170 633 3224 ἰπί
644 3171 722 3242 τούτῳ
737 3168 906 3241 καταφεύξεται
918 3170 932 3222 ό
944 3171 1004 3224 Μει-
1049 3176 1107 3226 θταν
1122 3173 1169 3245 ἔχη
1182 3173 1225 3226 τδν
1239 3175 1355 3243 στέφανον
1370 3176 1413 3239 τῆς
1426 3172 1537 3233 πόλεως,
1552 3170 1617 3223 ἔστιν
1640 3173 1719 3242 ὄνομα
1735 3173 1831 3242 ἀρχῶν.

221 3252 291 3319 δίας,
306 3257 342 3322 τῷ
355 3249 475 3303 ἰδιωτικόν
494 3249 616 3320 ἀποφῆναι
635 3251 676 3303 τδν
692 3248 786 3320 ἀγῶνα.
823 3249 875 3300 Μία
895 3250 921 3302 δέ
940 3249 1004 3303 ἐστιν
1053 3253 1157 3324 Ὁμοίως
1168 3253 1194 3306 δέ
1208 3253 1301 3315 διεξιὼν
1314 3251 1345 3305 τίι
1356 3251 1547 3322 ὁμολογούμενα
1563 3250 1591 3304 τδ
1602 3248 1834 3320 ἀμφισθητούμενον

221 3329 237 3395 ίγ
249 3329 380 3393 ἀντίθεσις,
393 3329 427 3392 εἰς
438 3330 492 3400 τρία
500 3330 568 3382 κῶλα
581 3329 730 3400 μερισθεῖσα.
742 3327 925 3380 BFRSYTCV.
938 3327 1006 3379 Φασί
1049 3334 1173 3399 συνίστησι
1184 3332 1224 3384 διὰ
1243 3333 1423 3402 συλλογισμοῦ.

221 3410 248 3462 δέ
264 3428 326 3470 τινες
339 3411 402 3478 τρεῖς
420 3405 484 3462 εἶναι
500 3406 646 3470 ἀντιθέσεις,
660 3407 717 3477 μίαν
733 3405 790 3476 μέν,
807 3427 817 3453 ν
832 3403 867 3475 μή
882 3424 913 3475 με
924 3406 1005 3475 Δημο-
1085 3413 1145 3475 524,
1162 3415 1204 3466 18.
1218 3412 1283 3464 Ἴπε
1295 3410 1391 3481 δήπου]
1405 3411 1565 3480 Ποράδειγμα
1578 3409 1611 3461 Τ.

225 3510 236 3536 ν
254 3489 331 3541 σθένει
343 3489 485 3559 παραδῶτε,
502 3508 512 3535 ν
529 3485 612 3556 ἑτέραν
633 3485 660 3537 δέ
683 3508 695 3534 ι
713 3484 774 3556 μηδέ
787 3484 827 3535 διὰ
846 3485 1004 3554 Δημοσθένην
1084 3495 1145 3554 524,
1160 3507 1203 3559 ²7·
1223 3489 1284 3542 Ἐὰν
1298 3491 1340 3560 μὲν
1353 3488 1567 3559 ἐστεφανωμένον]
1584 3486 1762 3557 Συλλογισμός.
1774 3489 1833 3542 ΒΥ.

224 3587 282 3639 ιμε
301 3566 443 3633 ἀνέλητε,ι
471 3566 553 3636 τρίτην
576 3565 602 3621 δέ
629 3566 694 3618 ιθτι
719 3564 798 3635 τούτῳ
819 3562 940 3633 πολεμῶ,
964 3564 1005 3615 διὰ
1086 3570 1202 3638 524,29.
1222 3570 1269 3621 Kal
1279 3568 1307 3620 ού
1323 3569 1398 3638 μόνον
1413 3568 1467 3638 περί
1484 3568 1576 3620 τούτων
1594 3564 1658 3618 οθτιυ
1669 3570 1746 3619 ταῦτα
1759 3565 1832 3639 ἔχει]

226 3669 236 3695 ι
257 3645 329 3699 τοῦτό
350 3665 380 3715 με
394 3644 552 3715 ἀναιρήσετες
571 3667 581 3693 ν
600 3644 646 3696 1ίαί
665 3644 737 3696 τοῦτό
759 3660 817 3712 φασι
838 3646 964 3714 γνώριμον
978 3643 1005 3698 ένι
1053 3647 1097 3700 Ἐκ
1111 3647 1159 3719 γὰρ
1171 3656 1219 3702 τῶν
1234 3648 1297 3702 κατὰ
1307 3650 1377 3719 μέρος
1388 3649 1417 3700 τδ
1426 3647 1534 3699 καθόλου
1541 3645 1688 3710 συνίστησιν.

222 3728 266 3778 τοῖν
277 3725 336 3794 πρδς
347 3724 450 3779 ἕκαστον
464 3725 556 3775 τούτων
574 3724 714 3794 πορίζεσθαι
732 3721 773 3773 κοιλ
788 3720 830 3782 τὰς
848 3721 928 3783 λύσεις
941 3722 1006 3794 παρὰ
1086 3725 1174 3778 Καὶού
1200 3729 1291 3796 μόνον]
1313 3725 1499 3797 Συλλογισμός,
1515 3725 1554 3776 θτι
1568 3722 1596 3775 ού
1616 3724 1692 3792 μόνον
1706 3722 1830 3793 ύθριστὴς,

222 3807 266 3861 τού
279 3802 389 3874 ῥήτορος.
425 3800 518 3873 θύμὴν
533 3801 609 3864 οὕτως
624 3802 685 3873 ἔχει·
699 3802 743 3872 μία
753 3802 799 3872 γάρ
812 3800 876 3854 ἐστιν
888 3800 1007 3862 ἀντίθεσις
1050 3803 1115 3856 ἀλλὰ
1127 3807 1169 3856 καί
1180 3804 1267 3871 ἀσεθίης
1280 3806 1410 3865 όΜειδίας.
1452 3802 1522 3856 Ἐστί
1535 3800 1834 3873 γάρύροςδιπλοῦςιιατίι

223 3882 257 3943 εἰς
270 3882 324 3952 τρία
337 3882 406 3933 κῶλα
425 3882 574 3952 μερισθεῖσα·
595 3882 720 3934 καὶτοῦτο
739 3880 815 3946 δῆλον
838 3879 945 3950 μάλιστα
960 3879 1003 3950 μέν
1050 3884 1179 3957 σύλληψιν.
1194 3886 1270 3938 TCP.

223 3957 250 4013 έιι
264 3964 312 4011 τῶν
325 3957 435 4022 λύσεων,
453 3960 528 4011 πᾶσαι
541 3957 589 4029 γύιρ
603 3958 661 4028 πρός
682 3958 708 4011 έν
722 3959 803 4026 νόημα
821 3955 866 4021 τὴν
883 3955 1005 4027 ἀναφορὰν
1086 3965 1147 4029 525,
1165 3982 1189 4019 ι.
1202 3959 1246 4025 θίς
1264 3966 1292 4016 ἀν
1304 3963 1319 4030 ἦ
1332 3964 1421 4033 πόλις]
1441 3961 1513 4031 Ἔχει
1522 3962 1570 4032 γάρ
1583 3978 1639 4012 τινα
1649 3960 1713 4013 καλό
1725 3961 1835 4031 γορηγδς

223 4039 334 4107 ἔχουσίν,
350 4038 387 4089 &t
401 4037 428 4089 0²⁸³
442 4038 597 4106 Λημοσθένης
612 4038 685 4108 μόνος
697 4034 761 4091 ἐστίν
772 4036 785 4089 θ
796 4036 923 4105 θὸρῑῦθέἰε,
940 4035 1006 4087 ἀλλὰ
1050 4042 1143 4106 ἀδειαν,
1163 4036 1217 4093 οἷον
1238 4041 1331 4112 ἀριέναι
1343 4046 1386 4107 τῆς
1402 4042 1525 4111 στρατείας
1538 4042 1581 4093 τδν
1595 4040 1689 4109 χορδν,
1707 4040 1748 4091 καί
1766 4038 1834 4092 εἰσό-

223 4117 289 4169 καίό
303 4117 419 4187 χορηγός.
458 4117 561 4171 Ἔπειτα
569 4116 595 4169 δὲ
605 4116 646 4169 καί
655 4115 695 4168 ἀπ’
709 4115 787 4167 αύτῶν
795 4120 843 4168 τῶν
855 4114 943 4167 κώλων
956 4121 1005 4168 τῶν
1050 4140 1116 4190 γειν,
1132 4122 1173 4174 ὅτε
1186 4121 1310 4191 βούλοιτο.
1347 4121 1413 4173 Εἶτα
1432 4120 1573 4173 καταλιπὼν
1593 4119 1621 4171 οδ
1641 4117 1722 4188 λέγειν
1735 4118 1766 4170 τά
1784 4118 1835 4170 ίδια

222 4195 249 4253 έν
261 4199 292 4268 τῇ
308 4194 435 4251 ἀντιθέσει.
474 4196 520 4248 1ίαί
536 4196 583 4266 γάρ
597 4195 622 4249 ἐν
640 4195 732 4255 τούτοις
750 4196 776 4247 έν
798 4193 850 4246 έστι
872 4195 953 4264 νόημα
966 4194 1006 4246 διὰ
1050 4204 1093 4253 τοῦ
1107 4201 1252 4269 θεσμοθέτου
1263 4200 1305 4251 καὶ
1320 4204 1363 4252 τοῦ
1377 4200 1514 4269 ἄρχοντος,
1529 4200 1588 4268 ὅπερ
1607 4192 1638 4263 ἦν
1652 4196 1735 4259 αύτοῖς
1750 4198 1834 4250 κοινδν

224 4278 338 4341 πάντων,
354 4276 391 4328 ὅτι
404 4275 501 4343 ἰδιώτης
512 4275 577 4328 έστίν
596 4275 747 4347 όύόρισθείς.
796 4274 841 4325 Ra]
861 4273 891 4325 τίι
908 4273 950 4343 μὲν
964 4276 1007 4328 δύο
1050 4278 1108 4349 πρδς
1133 4278 1175 4331 τὀν
1191 4277 1317 4347 χορηγὸν,
1333 4281 1406 4330 τοῦτο
1428 4276 1482 4329 εἷπε
1502 4300 1512 4325 ι
1533 4277 1725 4345 στεφανηφορίαν
1740 4275 1780 4326 καί
1802 4293 1836 4326 τε

224 4356 349 4426 πρόδηλον
366 4354 418 4425 ἔχει
432 4352 477 4420 τὴν
489 4355 648 4426 συγγένειαν,
672 4353 734 4426 ιμν]
752 4372 781 4424 με
801 4353 949 4423 Δημοσθένει
962 4373 1007 4406 πα·
1055 4357 1170 4426 «μήνη
1211 4355 1275 4425 Ὅρα
1286 4358 1311 4409 δὲ
1323 4358 1361 4409 ότι
1375 4355 1403 4407 ού
1415 4361 1522 4425 φανερῶς
1531 4353 1599 4407 εἶπεν
1615 4352 1704 4423 ἀργήν
1718 4351 1834 4423 εἶχεγάρ

226 4458 239 4483 ι
255 4437 365 4506 ραδῶτε,
380 4435 440 4504 μηδὲ
453 4434 493 4486 διθι
503 4436 660 4505 Δημοσθένην
674 4453 705 4506 με
716 4433 827 4499 ἀνέλητε.
842 4456 852 4482 ν
866 4433 904 4484 To
913 4431 960 4502 γάρ
973 4431 1005 4503 μή
1051 4434 1117 4487 καλό
1129 4436 1237 4505 χορηγός
1249 4454 1304 4487 τινα
1319 4436 1401 4489 ἄδειαν
1414 4434 1454 4488 ίπί
1471 4441 1519 4486 τῶν
1536 4438 1663 4503 χορηγιῶν
1677 4430 1719 4485 καί
1736 4435 1779 4496 τῆς
1792 4450 1835 4484 τια-

225 4515 375 4582 παραδοῦναι
386 4517 420 4583 τῷ
432 4509 512 4584 ἐχθρῷ
525 4512 614 4565 ταύτόν
629 4511 679 4565 έστι
693 4518 728 4582 τῷ
742 4508 775 4582 μὴ
791 4508 897 4565 ἀνελεῖν.
935 4510 1007 4562 Τόδὲ
1051 4513 1181 4584 νηγύρειυς.

225 4594 305 4663 τρίτον
321 4592 373 4663 ἔχει
386 4591 428 4660 μὲν
443 4593 484 4643 καὶ
498 4590 557 4644 αύτδ
575 4594 716 4662 συγγένειαν
735 4591 793 4661 πρδς
810 4587 841 4641 τίι
854 4589 967 4659 πρότερα,
981 4588 1006 4642 έν
1088 4593 1148 4656 525,
1164 4609 1190 4644 2.
1205 4591 1275 4645 θύειν
1285 4593 1366 4644 τοίνυν
1378 4593 1420 4644 καί
1440 4591 1497 4663 ἰμέ]
1512 4588 1653 4655 Ιέατασκευὴ
1668 4593 1711 4653 τῆς
1725 4587 1835 4647 ἀσεθείας

223 4667 247 4742 ᾧ
260 4691 318 4742 φησι
332 4694 343 4719 ι
356 4670 396 4722 διὰ
407 4672 493 4723 τοῦτόν
509 4690 540 4741 με
550 4669 705 4741 ἀναιρησετες
723 4694 733 4719 ι
750 4666 837 4722 ταύτόν
851 4666 901 4720 ἐστι
913 4666 959 4737 γὰρ
973 4674 1008 4738 τῷ
1054 4668 1102 4723 ἀπὸ
1116 4675 1164 4747 τοῦ.
1173 4672 1274 4741 χρόνον.
1290 4672 1391 4725 BYTC.

228 4772 239 4801 ι
257 4752 318 4821 μηδὲ
331 4749 371 4802 διά
385 4751 541 4821 Δημοσθένην
557 4770 586 4820 με
604 4749 716 4814 ἀνέλητε.
731 4772 741 4797 ν
766 4747 877 4817 Διαφέρει
889 4746 915 4797 δέ
928 4752 965 4817 τῷ
977 4746 1009 4799 εί·
1088 4750 1148 4814 525,
1166 4751 1190 4802 3.
1205 4749 1238 4803 El
1252 4750 1295 4820 μὲν
1317 4750 1342 4803 ἐν
1364 4749 1450 4811 ἀλλαις
1473 4748 1535 4801 τισίν
1553 4746 1670 4818 ἡμέραις]
1686 4745 1766 4798 Τοῦτό
1782 4743 1835 4797 ἐστι

225 4834 298 4898 πεῖν,
316 4854 327 4881 ι
344 4832 382 4883 θτι
401 4832 480 4902 τούτῳ
498 4830 640 4900 πολεμῶν
679 4828 788 4879 Δείκνυσι
805 4824 853 4895 γὰρ
874 4824 901 4877 ἐκ
915 4825 1007 4877 τούτων
1052 4828 1216 4900 συλλογισμὸς
1240 4829 1332 4892 εἰδικῶς
1354 4829 1506 4901 εἰσηγμένος.
1547 4824 1646 4892 Ἐπειδὴ
1670 4826 1718 4897 γὰρ
1740 4824 1755 4876 θ
1774 4825 1834 4895 πρό-

224 4908 349 4976 ἰδιωτικὴν
361 4908 406 4976 τὴν
419 4910 527 4981 ἔχθραν,
547 4911 585 4962 ότι
603 4908 661 4979 πρὸς
675 4907 718 4959 ένα
731 4926 773 4977 μοι
788 4904 853 4957 έστιν
874 4903 1008 4974 όπόλεμος
1052 4927 1119 4978 τερος
1139 4908 1246 4961 καθόλου
1270 4911 1304 4961 ῶν
1328 4907 1510 4978 ἀγνωστότερος
1532 4902 1563 4972 ἦν
1585 4908 1637 4966 τοῖς
1661 4903 1775 4958 ἀκούοντι
1791 4902 1834 4955 καλ

225 4993 284 5063 πρὸς
298 4991 465 5061 Δημοσθένην.
513 4988 588 5051 Αύτδς
599 4987 626 5041 δέ
636 4986 755 5058 θύρισθείς
767 4983 810 5036 ούκ
823 4981 915 5054 ὀφείλει
926 4987 1009 5050 κοινῆς
1055 4988 1203 5058 βιαιότερος,
1228 4988 1268 5040 διά
1292 4992 1364 5041 τούτο
1388 4986 1497 5057 ἀπήγαγε
1517 4986 1561 5038 τδν
1582 4983 1688 5046 εἰδικόν,
1707 4983 1834 5035 συνάπτων

224 5076 268 5138 τῆς
288 5070 381 5131 πόλεως
404 5070 485 5139 λέγειν
502 5069 531 5122 τδ
555 5067 672 5140 ἀδίκημα.
710 5065 757 5117 Καί
779 5063 845 5117 ἔστιν
864 5061 889 5116 έν
903 5069 938 5135 τῷ
958 5065 1009 5135 ύριρ
1053 5067 1126 5119 αύτδν
1136 5067 1507 5138 τῷκαθύλουααίπιθανώτερον
1517 5069 1592 5117 ποιῶν
1602 5062 1644 5116 τδν
1653 5060 1832 5133 συλλογισμόν.

226 5150 306 5219 τούτῳ
319 5149 347 5199 τίι
360 5148 402 5218 μὲν
422 5147 640 5218 ὁμολογούμενον,
655 5145 684 5199 τό
699 5144 726 5198 δέ
744 5142 902 5214 ἀρνούμενον.
952 5140 1009 5194 Ὅτι
1055 5148 1243 5201 BFRSYTCV.

226 5229 270 5303 μὲν
285 5227 332 5298 γὰρ
346 5226 426 5299 ύθρισε
441 5227 598 5299 Δημοσθένην
610 5225 744 5298 ὁμολογεῖ,
761 5225 798 5278 θτι
813 5222 838 5276 δί
847 5224 966 5293 δημόσιον
980 5225 1009 5278 το
1091 5224 1151 5289 525,
1169 5227 1194 5279 5.
1211 5225 1242 5278 Εἰ
1253 5226 1278 5278 δὲ
1298 5225 1408 5295 χορηγὸν
1424 5224 1483 5276 ὄντα
1496 5222 1626 5292 ύμέτερον]
1638 5214 1777 5283 Ιέατασνιευὴ
1792 5218 1835 5269 τῶ
