3967 5967
266 451 318 502 tii

325 649 625 762 [Αιιιιιιιοι]
668 654 976 734 ΕΠΙΣΤΟΛΑΙ.

263 847 315 894 Ὅτι
325 843 435 906 Αἰσχίνης
445 842 478 904 μὴ
489 842 547 890 έλὼν
560 843 726 901 Κτησιφῶντα,
740 841 826 902 μᾶλλον
840 841 865 888 nt
878 839 1040 901 Δημοσθένην,

296 915 324 964 οὗ
336 913 472 974 κατηγόρει,
484 911 541 971 μηδὲ
551 910 577 958 τό
589 910 694 970 πέμπτον
707 911 774 971 μέρος
785 915 832 957 τῶν
847 911 929 971 ψήφων
941 910 1041 969 μεταλα·

296 984 358 1042 θὼν,
370 985 410 1039 τὴν
421 979 514 1041 ἀτιμίαν
524 979 551 1027 οὐ
563 982 650 1041 φέρων,
662 978 702 1032 τὰς
713 978 753 1038 μὲν
766 977 858 1035 Ἀθήνας
870 978 995 1036 ἀπέλιπεν,
1009 977 1040 1031 εἰς

233 1064 246 1100 b
297 1053 322 1101 di
337 1051 416 1100 Ῥόδον
433 1050 581 1112 μετῴκησεν,
597 1046 666 1095 παντί
686 1062 733 1094 που
751 1049 874 1110 γνώριμον.
887 1047 952 1095 Ἐκεῖ
965 1045 1040 1094 τοίνυν

298 1121 395 1169 ταυτασὶ
405 1120 447 1174 τὰς
456 1119 578 1172 ἐπιστολὰς
590 1117 674 1177 σχεδόν
685 1115 777 1172 ἁπάσας
786 1117 889 1179 γράψας,
898 1122 931 1178 πη
943 1116 984 1178 μὲν
994 1120 1041 1170 τοῖς

296 1190 367 1251 φίλοις
376 1188 416 1243 τάς
428 1204 452 1236 τε
464 1187 595 1246 ἀποδημίας
604 1188 644 1233 καὶ
656 1186 729 1234 τάλλα
739 1187 769 1234 τὰ
778 1186 830 1234 καθ’
840 1187 910 1234 αὑτὸν
923 1187 1040 1243 ἐδήλωσε,

295 1264 328 1320 πῇ
337 1258 362 1305 δέ
373 1258 414 1314 τὴν
422 1261 468 1304 τῶν
479 1257 566 1319 ἐχθρῶν
580 1257 769 1317 ἐπιχαιρεκακίαν
785 1256 902 1318 ἠμύνατο,
911 1261 945 1316 πῇ
955 1256 980 1303 δὲ
994 1259 1041 1309 τοῖς

296 1326 421 1382 Ἀθηναίοις
430 1327 486 1387 ύιιέρ
496 1327 592 1381 ἐαυτοῦ,
602 1327 633 1379 ὡς
644 1327 714 1386 μηδὲν
724 1325 901 1387 ἐξαμαρτόντος,
912 1323 1042 1384 ἀπολογού-

214 1404 254 1450 ‚iii
297 1413 377 1458 μενος,
401 1395 441 1444 καὶ
464 1394 628 1457 συμδουλεύων
648 1400 821 1457 γνωσιμαχεῖν,
839 1395 939 1445 καθόδου
962 1397 1042 1455 τυχεῖν

297 1466 393 1529 ἐφίεται,

512 1597 533 1654 i.
549 1595 794 1655 ‹bilioiiPiTEl

307 1733 437 1799 θύσαντες
456 1734 485 1791 ἐκ
501 1731 653 1810 Μουνυχίας
672 1729 783 1807 ἑσπέρας
805 1732 920 1810 λαμπρῷ
944 1731 1042 1810 σφόδρα

270 1823 384 1900 Σκίρωνι
393 1820 454 1899 περὶ
466 1819 548 1896 μέσην
561 1820 661 1895 ἡμέραν
673 1817 843 1896 κατήχθημεν
857 1819 893 1883 είς
908 1818 1043 1898 Κορησσὸν

231 1929 258 1971 is
269 1907 315 1978 τὴν
329 1908 423 1969 Κείων.
466 1905 625 1971 Καθίσαντες
639 1904 666 1962 δέ
680 1904 779 1985 ἡμέρας
791 1902 862 1962 ἐννέα
878 1905 936 1980 (καθ
950 1905 1001 1986 γάρ
1012 1897 1044 1976 ἦν

268 1995 362 2070 ἀνεμος
376 1994 520 2069 ἐναντίος),
539 1986 594 2051 εἶτα
615 1992 725 2070 ἑσπέρας
741 1990 866 2058 λύσαντες
885 1992 940 2067 ἅμα
956 2016 988 2071 τη
1009 1989 1044 2072 ἕῳ

269 2085 305 2148 εἰς
314 2085 399 2153 Δῆλον
408 2082 529 2155 ἤλθομεν.
572 2079 601 2157 (υ)
610 2079 702 2147 Δήλιοι
711 2077 739 2135 δέ
749 2077 851 2136 ἐνόσουν
858 2076 975 2155 λοιμώδη
987 2079 1045 2137 τινὰ

269 2166 407 2229 νόσον·τά
428 2167 475 2244 μέν
495 2165 624 2244 πρόσωπα
643 2163 807 2241 ἐπίμπλαντο
825 2164 919 2237 λεύκης
932 2166 977 2224 καὶ
999 2166 1045 2233 τὰς

269 2255 361 2332 τρίχας
373 2253 460 2313 λευκοὶ
474 2253 601 2330 ἐγίνοντο,
619 2254 633 2309 δ
653 2251 680 2309 δὲ
699 2251 830 2332 τράχηλος
844 2252 890 2309 καί
903 2251 937 2310 eis
952 2252 1043 2331 στέρνα

229 2359 256 2397 ου
270 2342 377 2423 ἀνῴδει,
393 2340 499 2420 πυρετοί
518 2340 540 2398 δ’
551 2342 598 2397 οὐκ
613 2339 726 2416 ἐγίνοντο
738 2340 795 2398 οὐδὲ
810 2339 949 2417 ἀλγηδόνες
961 2341 1043 2417 μεγά-

269 2433 330 2503 λοι,
341 2428 399 2487 οὐδὲ
410 2428 443 2487 τά
452 2426 524 2486 κάτω
537 2427 603 2506 μέρη
615 2427 797 2505 παρήλλαττεν
811 2427 884 2487 οὐδέν
898 2451 935 2487 τι.
948 2431 1042 2488 Ταῦτα

270 2520 293 2575 δ’
308 2515 439 2575 ἐπείθοντο
453 2514 521 2573 κατὰ
537 2519 614 2591 μῆνιν
630 2513 789 2581 ’Λπόλλωνος
810 2518 896 2582 αὑτοῖς
912 2515 1045 2592 συμόεόη·

269 2603 357 2680 κέναι,
371 2602 494 2684 ταφέντος
507 2605 534 2660 ἐν
553 2605 585 2679 τῇ
606 2600 678 2681 νήσῳ
697 2602 765 2668 τινός
778 2605 830 2660 τῶν
852 2604 997 2684 ἐπιφανῶν,
1015 2607 1044 2661 οὐ

269 2692 393 2771 πρότερον
420 2689 522 2756 εἰωθός·
547 2692 577 2747 ἐκ
603 2688 693 2748 τούτου
716 2691 874 2769 προσόαλεῖν
898 2694 984 2757 αύτοῖς
1001 2690 1045 2749 τόν

231 2795 257 2835 ου
271 2779 327 2838 θεὸν
344 2778 392 2850 τὴν
408 2776 482 2836 νόσον
503 2775 600 2847 ταύτην
616 2776 810 2853 θπελάμόανον.
852 2778 883 2858 (3)
907 2777 1001 2854 Ἡμεῖς
1018 2778 1044 2837 δὲ

270 2866 360 2945 ὥσπερ
379 2863 415 2931 είς
434 2886 459 2922 τι
473 2862 543 2930 ἔθνος
563 2864 708 2940 ἀλλόφυλον
722 2863 739 2934 λ
757 2868 834 2934 νῆσον
850 2866 876 2922 ἐν
891 2869 922 2945 τῇ
939 2865 987 2933 ἔξω
999 2870 1045 2923 θα·

209 2999 215 3008 .
271 2953 357 3032 λα’σση
372 2950 525 3033 ἀφιγμένοι,
548 2949 593 3008 καί
611 2950 707 3018 ἰδόντες
726 2949 845 3031 ἐξαίφνης
858 2953 989 3020 ποικίλους
1003 2955 1046 3010 ἀν-

271 3041 402 3119 θρώπους,
425 3038 516 3106 νυκτὸς
534 3036 576 3096 ἔτι
589 3037 775 3119 ἀποφεύγοντες
792 3038 930 3119 ᾠχόμεθα,
948 3044 1045 3099 πυνθα-

271 3129 374 3206 νόμενοι
396 3126 517 3197 ἀλλήλων
540 3124 609 3183 sart
623 3128 667 3184 τόν
683 3126 771 3205 πόρον,
793 3129 815 3185 εί
829 3126 859 3184 τὸ
872 3129 970 3207 χρῶμα
991 3126 1046 3206 ἔχει

231 3230 258 3271 tu
271 3215 377 3282 ἕκαστος
391 3206 443 3272 οἷον
455 3212 573 3289 ἐκόμιζεν
587 3212 696 3283 οἴκοθεν,
711 3212 757 3271 καί
769 3212 816 3280 τάς
825 3213 925 3294 τρίχας.
969 3217 1046 3287 Ζοίλη

271 3303 355 3363 δὲκαὶ
369 3304 462 3379 ἄνεμος
477 3301 589 3371 ἐξώστης
602 3300 725 3377 ἐμπεσὼν
739 3301 884 3379 ἀπήνεγκεν
897 3307 967 3379 ἡμᾶς
981 3304 1046 3385 ὑπὲρ

271 3391 380 3472 Κρήτην
386 3389 497 3461 πλησίον
506 3391 712 3464 Ψαμαθοθντος.
757 3389 788 3466 (ι)
798 3388 845 3454 Ὧς
855 3388 882 3447 δέ
891 3392 917 3447 ἐν
927 3391 1047 3472 συνόπτῳ

270 3471 337 3554 ἦμεν
351 3477 419 3548 ἤδη,
435 3479 551 3534 ἀντιπνεί
564 3482 667 3548 πνεῦμα
680 3475 805 3534 Λιόυκόν.
833 3466 898 3535 hita
910 3478 1047 3536 πνεύσαν-

270 3590 313 3632 τος
327 3570 391 3641 ἡμῑν
406 3567 451 3622 ἀπ’
470 3564 565 3642 ἀρκτου
584 3564 663 3620 πόλιν
686 3563 763 3620 πέντε
777 3561 873 3630 νύκτας
887 3566 914 3621 ἐν
929 3566 1046 3645 θαλάττῃ

232 3676 258 3715 ss
273 3653 435 3734 ἐφερόμεθα,
451 3652 478 3708 ἐν
493 3640 533 3715 αἷς
551 3647 732 3728 προσέσχομεν
747 3646 881 3727 Ἀθρόινῃ,
896 3647 939 3705 ἵνα
956 3650 1046 3726 μοίθιο-

273 3764 320 3818 μεν
340 3738 377 3817 μὴ
401 3740 637 3818 πολυπραγμονεῖν,
654 3737 677 3794 εί
695 3759 733 3801 τις
746 3737 773 3793 ἐν
788 3740 820 3813 τῇ
834 3739 928 3794 ἑαυτοῦ
941 3738 1047 3816 πατρίδι

272 3826 340 3886 κατά
350 3824 409 3891 τοθς
422 3824 515 3900 νόμους
526 3820 544 3892 ἢ
557 3822 594 3898 μὴ
607 3827 788 3902 στεφανοῦται.
805 3822 930 3881 Κάκεῖθεν
941 3821 1047 3903 τέτταρ·

210 3969 214 3974 .
272 3937 313 3973 σιν
335 3912 445 3991 ἡμέραις
463 3908 608 3990 ἀφικόμεθα
627 3913 662 3975 εἰς
682 3908 792 3969 ἐπίνειόν
819 3933 844 3967 τι
862 3915 909 3981 τῆς
928 3909 1047 3989 Ῥοδίας,

272 4002 336 4061 ὅπου
355 3997 464 4070 νοσῆσαί
484 4021 529 4074 μοι
548 3997 643 4069 συνέόη
660 3996 708 4067 τὴν
729 3996 789 4077 περὶ
809 3996 838 4055 τό
858 3988 945 4074 ἀσθμα
963 4001 1045 4059 νόσον.

231 4103 258 4142 tu
274 4090 303 4167 (s)
324 4088 370 4154 Ὦς
385 4087 412 4146 δέ
428 4085 606 4161 ἐπιμείναντος
624 4085 713 4143 αὐτόθι
725 4086 772 4142 ούκ
792 4084 902 4144 ἐνεδίδου
924 4092 941 4156 ἡ
963 4086 1047 4158 νόσος,

274 4179 412 4237 διέπλευσα
425 4176 460 4241 εἰς
474 4171 574 4243 Ῥόδον,
591 4171 636 4231 καλ
652 4172 754 4239 ἐδέξατο
766 4176 836 4248 ἡμᾶς
851 4175 963 4249 εὐμενῶς
978 4176 991 4231 ό
1005 4174 1047 4231 τό·

272 4262 411 4333 moeridis
424 4261 475 4341 γθιρ
489 4264 523 4326 ὡς
535 4260 666 4340 ἀφικόμην
674 4258 740 4318 πολὺ
755 4259 827 4339 psius
841 4260 978 4337 ἐγενόμην.
993 4261 1047 4321 Καὶ

272 4352 348 4411 ταυτὶ
360 4350 407 4428 μὲν
424 4347 519 4427 ἔχομέν
532 4370 572 4406 σοι
587 4347 649 4414 τέως
666 4346 839 4407 ἐπιστέλλειν·
855 4346 889 4405 τά
898 4347 921 4404 δ’
932 4347 1001 4405 ἄλλα
1014 4352 1049 4415 ὡς

274 4439 305 4498 ἀν
316 4440 415 4498 ἕκαστα
429 4435 571 4514 συμόαίνῃ,
584 4436 746 4510 δηλώσομεν.
760 4434 883 4513 Εύτύχει,
893 4433 939 4492 καὶ
951 4433 988 4510 μὴ
999 4459 1048 4493 πυ·

232 4548 260 4587 tii
272 4525 373 4585 λιτεύου
387 4521 454 4601 μηδὲ
467 4522 613 4602 πρόσκρουε
629 4521 696 4598 μήτε
710 4525 762 4587 τοῖς
772 4518 850 4580 πλέον
864 4526 909 4578 σοῦ
921 4522 986 4597 μήτε
999 4530 1049 4588 τοῖς

274 4614 381 4672 ἔλαττον
399 4610 558 4687 δυναμένοις.

499 4761 537 4819 ii.
564 4760 814 4818 iiiiixtciiii'ii.

313 4891 478 4951 Ἐπέστειλεν
489 4890 552 4966 ἡμῖν
563 4890 752 4968 Νικόστρατος,
765 4887 852 4967 όπρδς
862 4886 958 4966 μητρός
966 4893 1047 4965 θεῖος,

274 4983 309 5046 ὣς
323 4978 473 5056 ἐπηρεάζεις
488 4977 534 5054 μέν
548 4979 584 5042 είς
598 4977 674 5035 αὑτὸν
690 4979 719 5034 ού
736 4975 859 5054 μετρίως,
871 4974 929 5051 ἐμοὶ
943 4973 970 5033 δέ
982 4978 1049 5034 όνει-

232 5085 260 5125 ευ
275 5066 350 5134 δίζεις
360 5064 407 5136 τὴν
416 5064 495 5123 διάσέ
505 5087 549 5140 μοι
560 5063 698 5141 συμόᾶσαν
706 5064 851 5142 συμφοράν.
862 5061 935 5141 Ἐγὼ
947 5062 974 5121 δέ
985 5067 1047 5122 θαυ·

276 5155 351 5233 μα’ζω
363 5153 389 5210 τί
403 5151 492 5212 παθὼν
505 5151 599 5221 ἐξιοῦσι
611 5152 659 5229 μέν
674 5151 772 5211 οἴκοθεν
785 5152 848 5227 ἡμῖν
861 5156 976 5209 τοσαῦτα
996 5151 1045 5209 διε·

826 393 1051 509 [assumor]
1075 431 1290 492 ιιιιιιόιιι.

1720 429 1846 505 (sn-sn

1162 642 1464 751 tuscanus]
1487 654 1777 742 aursnoda.

1085 844 1169 887 Notum
1179 845 1227 895 est,
1238 842 1363 887 munem
1376 840 1406 886 ob
1419 841 1499 897 ludicii
1508 843 1653 898 ignominiam
1662 874 1669 894 ‚
1678 853 1724 899 quo
1733 846 1865 888 accusatum

1111 920 1287 976 ctesiphontem,
1299 921 1336 965 vel
1345 921 1603 978 Dmnmtbanempotim,
1611 925 1866 978 reumnonpcregerat,

1111 1000 1190 1055 quinta
1206 997 1367 1054 suffragiorum
1380 1004 1443 1056 parte
1465 1010 1513 1044 non
1528 1005 1635 1056 accepta,
1653 1001 1742 1045 cauisse
1754 1001 1865 1054 Athenis,

1111 1075 1276 1121 scilhodumse
1287 1078 1412 1122 contulisse.
1422 1078 1615 1134 ubibssepistolas
1624 1077 1671 1124 fase
1679 1090 1758 1124 munes
1764 1081 1865 1137 scripit,

1111 1154 1136 1197 ln
1145 1154 1225 1209 quibus
1233 1154 1315 1211 partim
1323 1155 1407 1199 amicos
1416 1155 1444 1199 de
1453 1154 1570 1199 itineribus
1585 1159 1609 1200 et
1618 1159 1678 1200 statu
1685 1169 1762 1202 rerum
1771 1169 1866 1203 marum

1113 1233 1219 1277 seniores
1238 1231 1323 1282 reddin
1334 1234 1416 1289 partlm
1432 1234 1576 1279 inimicorum
1592 1235 1733 1280 inwlsntiam
1747 1236 1867 1290 retundit:

1113 1311 1193 1366 partim
1209 1309 1360 1355 innocentiam
1379 1321 1443 1358 susm
1462 1313 1521 1370 apud
1537 1313 1692 1367 Atbemenses,
1713 1326 1771 1370 quos
1787 1319 1869 1360 mouet

1112 1396 1139 1436 ut
1150 1389 1292 1445 resipiscant,
1301 1388 1414 1446 defendit,
1425 1395 1495 1449 utque
1508 1392 1535 1436 ab
1551 1392 1582 1436 ets
1596 1392 1620 1435 ln
1632 1393 1725 1449 patriam
1735 1398 1867 1447 revocetur,

1113 1472 1175 1527 petit.

1277 1593 1300 1652 i.
1321 1592 1374 1651 ΑΙ)
1390 1589 1671 1651 Piiitociilmeii.

1119 1746 1199 1800 Quum
1207 1756 1235 1792 ex
1246 1741 1374 1805 ilunychis
1384 1742 1475 1805 vesperi
1481 1740 1645 1801 misissemus,
1653 1741 1718 1790 cirea
1726 1742 1868 1807 meridiem,

1088 1835 1236 1885 serenissimo
1241 1835 1339 1885 Scirone
1345 1834 1463 1897 flante,ud
1473 1835 1868 1900 conessum,cciorumoppidum,

1088 1929 1230 1991 appulimus
1239 1930 1274 1980 lbi
1281 1943 1368 1980 novem
1376 1929 1426 1979 dies
1432 1930 1463 1978 ob
1468 1928 1595 1978 adversum
1602 1929 1700 1978 rentum
1709 1929 1849 1980 desedimus
1860 1946 1867 1980 ι

1089 2028 1142 2085 post
1151 2036 1233 2072 rursus
1241 2022 1332 2085 vesperi
1342 2023 1455 2084 proiecti,
1470 2023 1516 2072 sub
1527 2035 1638 2071 summm
1651 2024 1739 2072 Delum
1756 2024 1869 2086 perseni-

1088 2129 1149 2166 mus.
1158 2116 1191 2177 (2)
1200 2114 1246 2166 Sed
1254 2115 1314 2164 Delii
1321 2114 1439 2177 pestilenti
1447 2114 1551 2179 quodem
1559 2115 1642 2166 morbo
1649 2116 1870 2167 laborabantiiam

1089 2208 1160 2257 facies
1168 2221 1251 2257 eurum
1260 2208 1370 2271 albugine
1378 2209 1546 2270 opplebantur,
1558 2208 1637 2272 capilli
1647 2209 1720 2258 etiarn
1739 2209 1869 2260 candesce-

1092 2302 1160 2364 bant,
1169 2301 1257 2351 collum
1267 2305 1349 2351 autem
1360 2304 1385 2352 el
1393 2304 1476 2364 pectus
1484 2303 1674 2353 intumescebat:
1685 2306 1793 2354 ceterum
1801 2305 1870 2354 nulla

1089 2379 1162 2446 febris
1169 2395 1312 2459 accedebat,
1325 2409 1403 2459 neque
1419 2397 1491 2446 mum
1502 2396 1598 2447 dolores
1610 2398 1705 2461 magni,
1723 2412 1804 2461 neque
1813 2412 1867 2461 par·

1089 2491 1510 2554 fessorporisinlerlorssquicquam
1522 2493 1686 2542 mutabantur.
1719 2493 1869 2543 llsecuudie·

1090 2585 1143 2632 runt
1162 2597 1193 2633 ex
1211 2584 1327 2646 Apollinis
1338 2584 1374 2633 ira
1384 2583 1429 2634 sibl
1444 2584 1566 2645 accidisse,
1576 2584 1687 2647 quodvir
1704 2585 1804 2648 quidam
1813 2587 1870 2636 illu·

1090 2680 1160 2738 stris,
1180 2681 1264 2729 contra
1283 2691 1376 2729 morem
1395 2681 1515 2741 veterem,
1534 2678 1558 2728 in
1573 2680 1649 2729 insula
1659 2682 1770 2743 sepultus
1786 2685 1869 2733 esaetz

1089 2787 1119 2823 ea
1130 2773 1202 2836 igitur
1211 2773 1240 2824 de
1250 2787 1322 2824 causa
1332 2774 1404 2824 deum
1415 2774 1459 2824 sibi
1471 2775 1582 2824 morbum
1597 2775 1727 2826 immittere
1738 2778 1868 2839 putabant.

1092 2869 1126 2930 (3)
1139 2872 1187 2918 llos
1197 2870 1292 2930 autem,
1304 2868 1372 2931 quasi
1391 2868 1422 2918 ad
1435 2870 1529 2931 gentem
1539 2869 1643 2933 aliquam
1652 2870 1816 2934 peregrinam,
1825 2874 1868 2927 suf

1091 2964 1116 3012 in
1129 2964 1205 3012 exteri
1216 2963 1290 3013 maris
1298 2963 1416 3025 insulam,
1432 2963 1634 3026 pervenissemus,
1648 2969 1673 3014 et
1685 2965 1766 3015 subito
1773 2965 1868 3015 varium

1092 3056 1216 3105 bominum
1236 3058 1340 3106 colorem
1361 3057 1517 3119 vidissemus,
1538 3062 1612 3106 noutu
1625 3059 1763 3121 aufugimus
1784 3060 1869 3110 :alius

1090 3149 1164 3198 alium
1176 3149 1238 3200 inter
1248 3149 1408 3212 navigandum
1421 3150 1581 3212 sciscitantes,
1596 3152 1679 3200 utrum
1690 3164 1747 3201 eum
1760 3152 1866 3203 colorem

1091 3247 1115 3293 et
1126 3245 1254 3307 capillum,
1263 3257 1336 3307 quem
1346 3245 1418 3294 domo
1429 3244 1530 3308 quisque
1542 3245 1674 3307 attulisset,
1690 3246 1868 3298 retineretiscil

1092 3340 1219 3401 tempestas
1229 3343 1456 3402 exorta,etvcntus
1466 3341 1683 3402 impetuosus,nos
1691 3353 1764 3403 supra
1773 3343 1868 3392 cretam
1975 3345 1976 3348 ’

1092 3449 1166 3497 propa
1186 3436 1382 3485 Psamatbuntem
1400 3435 1507 3485 abstulit.
1551 3437 1584 3498 ft)
1605 3438 1703 3485 Terram
1724 3449 1801 3498 quum
1819 3438 1868 3500 jum
1949 3435 1953 3444 '

1092 3528 1258 3590 inconspeciu
1277 3528 1435 3588 haberemus,
1448 3528 1611 3579 ressatveutus
1624 3529 1734 3592 Libycus.
1767 3530 1867 3591 nunde,
1975 3585 1976 3588 χ

1091 3632 1167 3683 quum
1174 3621 1303 3683 septentrio
1315 3621 1384 3670 nobis
1400 3622 1508 3683 spiraret,
1518 3635 1600 3671 rursus
1609 3622 1753 3683 ferebamur,
1763 3623 1869 3685 quinque
1975 3627 1976 3692 i

1092 3718 1175 3765 noctes
1183 3715 1208 3763 in
1219 3716 1279 3763 mari
1296 3716 1396 3777 uersati,
1408 3715 1496 3778 quibus
1513 3715 1665 3778 ultroneis)
1677 3716 1830 3778 appulimus:
1842 3721 1869 3766 ut
1975 3697 1976 3734 ί

1092 3810 1237 3859 disceremus
1245 3809 1516 3873 noncurare,siqulsin
1525 3811 1664 3871 suapstn's,
1677 3811 1727 3861 sive
1736 3812 1869 3861 secundum

1092 3905 1142 3953 sive
1151 3905 1235 3953 contra
1244 3904 1317 3965 leges,
1328 3917 1415 3953 corona
1426 3903 1572 3954 donaretun
1596 3908 1676 3968 alique
1688 3905 1743 3955 inde
1754 3909 1869 3969 quattuor

1092 3998 1176 4048 diebus
1198 3997 1223 4048 ln
1243 4000 1330 4049 navale
1350 3999 1472 4062 quoddam
1491 3999 1591 4049 libodire
1604 4000 1769 4063 pervenimus,
1790 4000 1868 4049 ubiiu

1094 4095 1204 4144 morbum
1222 4096 1247 4145 et
1257 4094 1424 4143 diillcultatcm
1435 4094 1539 4158 spirandi
1552 4094 1631 4144 incidi.
1673 4095 1707 4158 (i)
1719 4098 1773 4154 Quo
1782 4095 1808 4146 iu
1817 4095 1869 4146 loce

1093 4182 1374 4246 dummsnebam,quum
1384 4181 1483 4232 morbus
1491 4183 1549 4233 nibil
1560 4183 1689 4243 levaretur,
1699 4183 1813 4232 ilbodum
1822 4185 1869 4232 trs·
1975 4185 1976 4200 ¹

1091 4269 1150 4330 ieci,
1158 4282 1188 4318 ac
1196 4268 1336 4332 placidenos
1347 4269 1403 4319 urbs
1411 4270 1506 4332 excepit
1517 4289 1522 4319 :
1534 4270 1616 4319 statim
1625 4270 1690 4319 euim
1703 4273 1732 4319 ul
1745 4282 1774 4318 eo
1786 4271 1867 4320 nass
1975 4319 1976 4340 ,

1093 4356 1183 4417 ieram,
1208 4357 1381 4406 multomelius
1398 4357 1565 4420 baberocmpi.
1607 4356 1870 4420 ltquebssuhsutemu
1975 4349 1976 4368 ³

1093 4444 1621 4507 lrabuimus‚quaetlbiscriberemus:cetera
1629 4443 1871 4506 ponomttqooqas
1975 4455 1976 4468 ¹

1094 4529 1439 4594 acciderint,slgnisicabimus.
1472 4530 1595 4580 Felixsis:
1613 4528 1870 4590 etcavessvaiimma
1975 4521 1976 4556 i

1094 4632 1165 4682 quem
1178 4621 1204 4668 te
1216 4619 1252 4668 rel
1262 4620 1421 4681 potentiorem
1432 4618 1470 4667 vel
1486 4616 1666 4666 imbecilliorem
1676 4615 1791 4666 offendas

1259 4760 1298 4818 ll.
1320 4759 1371 4817 Ab
1393 4757 1696 4818 CTESiPilONTiitl.

1126 4896 1460 4962 Scripsitnobislticostratus,
1469 4895 1602 4945 avunculus
1611 4895 1817 4957 noster,tequum
1825 4892 1871 4943 sibi

1094 5001 1142 5038 non
1160 4985 1312 5037 mediocriter
1334 4985 1464 5046 insultare,
1483 4987 1535 5033 tum
1554 4981 1614 5031 milri
1630 4982 1775 5044 exprobrare
1795 4995 1870 5044 quam

1094 5076 1190 5137 propter
1203 5074 1228 5121 te
1239 5072 1320 5133 accepi
1330 5073 1501 5121 calamitatem.
1542 5074 1593 5131 Ego
1604 5081 1661 5118 vero
1675 5068 1750 5117 miror
1759 5067 1816 5129 quaid
1825 5065 1870 5115 tibi

1093 5156 1219 5217 acciderit,
1231 5157 1258 5205 ut
1267 5156 1391 5206 nobiscum
1401 5156 1473 5206 domo
1483 5154 1580 5217 egressis
1593 5155 1644 5203 tam
1653 5152 1729 5201 multa
1748 5151 1869 5214 colloque·
