3967 5967
232 467 291 518 616
768 455 914 516 ΣΧΟΑΙΑ
935 454 999 515 ΕΙΣ
1021 452 1296 516 Annonem.
1322 475 1326 483 ·
1358 452 1362 455 ’

267 590 330 654 364,
343 604 388 642 αα.
405 586 513 642 Φωκέων
523 625 531 653 ,
543 585 702 660 ίνςπονηρολ]
717 586 867 659 Σημείωσαι·
883 584 1011 659 ἰναλλαγή
1057 587 1099 639 καὶ
1111 589 1223 658 ταράττει
1239 587 1283 641 τόν
1297 587 1391 658 λόγον,
1409 584 1526 657 ἀσάρειαν
1544 584 1654 640 ἰντεύθεν
1672 588 1725 650 ταῖς
1745 585 1840 640 ἀπολο-

230 670 353 730 παθσεως.
369 668 397 723 Β.
1058 667 1122 737 γίαις
1147 668 1342 728 κατασκευάζων·
1368 667 1435 737 λέγει
1456 665 1504 737 γάρ
1527 672 1732 737 συγπρσνστικῶς,
1753 668 1787 729 ὡς
1807 668 1839 718 ἀν

266 748 329 811 365,
346 764 370 801 ι.
384 747 460 800 Πέντε
471 745 520 817 γάρ
535 746 685 817 γεγόνασιν]
698 744 736 797 T&
747 743 859 817 όνόματα
872 751 920 799 τῶν
933 764 1011 818 πραγ·
1058 746 1173 816 Αἰσχίνου
1191 747 1324 818 λέγοντος,
1343 747 1487 817 πανούργως
1505 745 1549 812 τήν
1569 746 1642 800 πόλιν
1659 746 1703 810 τίς
1720 747 1841 813 συνθήκας

231 827 315 897 μάτων
329 823 418 895 ἡμέρας
434 824 558 877 ίιιάλεσεν.
572 825 653 877 TCV.
1058 826 1216 889 πετεοιῆσθαι,
1230 825 1372 896 ώνουμένην
1386 822 1430 890 τήν
1446 825 1569 894 σωτηρίαν
1581 829 1624 891 τῆς
1640 825 1793 896 Χερρονήσου
1807 827 1842 898 τῇ

267 906 329 966 365,
347 923 389 958 ιι.
410 902 640 975 ’Υποποιήσωνταη
656 902 711 957 ἀντὶ
728 905 772 954 τοῖν
794 901 878 972 φίλους
891 900 1014 966 ποιήσων·
1058 909 1106 955 τῶν
1120 903 1229 957 Φωκέων
1241 904 1349 968 ἁλώσει,
1367 904 1411 956 ἵνα
1425 908 1461 975 τῷ
1471 902 1566 975 αἰσχρῷ
1579 904 1608 957 τδ
1623 903 1722 974 ἰσχυρόν
1737 902 1837 977 έκλύση.

230 1003 270 1038 ται
285 983 340 1046 τούς
351 984 552 1055 Λακεδαιμονίους
563 984 594 1035 δι’
607 984 684 1054 ύμῶν.
697 984 777 1035 Am).
1057 983 1138 1037 TCV.

268 1060 330 1125 365,
347 1063 389 1115 18.
409 1057 451 1125 Μή
474 1054 518 1112 ούν
536 1061 574 1112 ότι
589 1060 631 1111 καλ
644 1056 862 1128 Λακεδαιμονίους]
877 1056 1018 1127 ίίατηγοριῖ
1095 1059 1156 1123 365,
1171 1058 1216 1111 ού.
1227 1056 1274 1110 Καὶ
1285 1057 1312 1112 ix
1325 1061 1369 1125 τής
1381 1057 1515 1127 ἀπολογίας
1533 1058 1642 1130 ὄνειδος]
1656 1058 1778 1130 Πολέμιος
1791 1061 1842 1113 τοί-

230 1138 279 1209 γάρ
292 1140 401 1192 Φωκέων
420 1139 453 1200 όνς
466 1136 638 1209 ἠπατημένων.
676 1138 773 1199 Φωκεῖς
793 1136 905 1206 πονηροὶ,
918 1136 1016 1198 Φωκεῖς
1059 1157 1101 1190 νυν
1117 1136 1237 1207 Αἰσχίνης
1248 1138 1290 1190 καλ
1299 1138 1437 1207 πρεσόεύων
1448 1135 1501 1191 ἰστλ
1510 1138 1552 1190 καὶ
1566 1138 1743 1209 φθεγγόμενος,
1756 1139 1840 1194 TCV.

232 1215 335 1278 ἀσιόεῖς·
355 1213 411 1269 εἰτα
426 1215 453 1268 δέ
464 1216 505 1267 καλ
515 1215 698 1283 ἐξηπατήθησαν
712 1214 758 1268 ύπδ
771 1214 905 1267 Φιλίππου.
921 1215 1002 1268 TCV.
1095 1219 1157 1283 366,
1170 1219 1196 1272 3.
1215 1214 1280 1270 Είτα
1299 1216 1341 1269 καὶ
1356 1221 1399 1269 νῦν
1411 1217 1436 1272 έν
1448 1217 1558 1289 μείζονι]
1578 1217 1657 1269 Τοῦτο
1672 1214 1726 1271 εἰπε
1742 1217 1783 1269 διά
1794 1216 1841 1285 τήν

268 1293 309 1348 Ἂν
327 1295 409 1348 τοίνυν
430 1293 625 1367 ίντὶΦωκίων]
646 1292 734 1365 Ἑτέρα
750 1292 1015 1364 μῑτύθῑῦῑετῆεαίτίαε
1059 1296 1179 1351 ἀντίθεσιν
1194 1295 1239 1362 τήν
1260 1296 1381 1367 λέγουσαν
1403 1298 1442 1350 ότι
1464 1295 1535 1368 ἰχετε
1551 1295 1596 1363 τήν
1613 1296 1763 1366 Χερρόνησον
1785 1295 1842 1350 ἀντὶ

231 1374 285 1427 κατ’
295 1373 423 1429 ἀντίθεσιν,
462 1372 568 1426 Ἐστιδέ
582 1371 747 1438 ἀντιστατική.
758 1373 788 1425 Ρ.
801 1370 836 1423 Τδ
846 1369 1013 1422 ἀντιστατικόν
1059 1378 1177 1431 Φωκίων·
1194 1376 1343 1446 χαὶπρῶςον
1361 1376 1404 1447 μὲν
1419 1375 1490 1429 ἔλυσε
1505 1376 1586 1447 λέγων
1603 1377 1642 1429 ὅτι
1655 1375 1699 1429 οὓς
1717 1374 1771 1428 ἀντὶ
1784 1376 1843 1429 (bo)-

232 1454 283 1508 έστι
291 1454 421 1524 κεφάλαιον
434 1457 478 1519 τῆς
490 1453 660 1513 ἀντιστάσεως.
699 1450 770 1503 Ἐστι
782 1448 808 1501 δέ
828 1447 869 1500 καί
887 1446 1015 1518 ἰνθύμημα
1059 1458 1120 1509 χέων
1144 1455 1236 1526 ἔχομεν
1261 1455 1422 1525 Χερρόνησον·
1450 1454 1552 1526 εἰχομεν
1568 1455 1616 1525 γάρ
1640 1453 1715 1520 αύτήν
1737 1455 1778 1509 καί
1792 1453 1840 1523 ήδη

232 1532 411 1587 ἀντιστατικόν.
449 1534 558 1603 Διαρέρει
573 1531 615 1596 δέ,
636 1533 674 1584 ότι
687 1528 713 1582 έν
730 1529 773 1600 μέν
790 1530 823 1599 τῇ
835 1527 972 1579 ἀποστάσει
990 1525 1016 1587 ίέ
1060 1534 1219 1604 παιζομένων.
1257 1532 1322 1587 mm
1332 1534 1374 1586 καλ
1387 1536 1425 1588 ότι
1437 1539 1479 1587 νῦν
1495 1534 1550 1588 om
1563 1532 1607 1600 τήν
1617 1534 1770 1605 Χερρόνησον
1781 1534 1842 1604 έχο·

232 1616 306 1671 αἰτοῦ
319 1621 362 1670 τοῖν
374 1616 523 1686 ἀδικήματος
537 1616 587 1669 έστι
599 1615 628 1668 τύ
638 1613 804 1685 εύεργέτημα,
818 1609 843 1663 έν
857 1610 884 1664 δέ
895 1616 931 1682 σῖ)
944 1608 1014 1662 ένθυ·
1062 1632 1106 1683 μεν
1122 1611 1244 1684 ἀσραλώς·
1261 1613 1407 1667 κινδυνεύσει
1420 1613 1469 1685 γίρ
1483 1614 1525 1666 καί
1539 1613 1599 1680 αἰτή
1616 1612 1763 1679 ἀπολέσθαι,
1779 1613 1842 1668 ἀπο·

235 1695 330 1767 μήματι
353 1695 416 1747 ἀλλο
437 1694 466 1747 τό
489 1692 620 1764 ἀδίκηματι
635 1693 677 1746 καλ
695 1692 777 1761 ἕτερον
801 1689 829 1742 τό
854 1687 1013 1759 εὐεργέτημα.
1058 1692 1170 1763 λομένων
1186 1693 1306 1746 Φωκέων.
1321 1695 1378 1746 Av.

232 1775 409 1829 ACDGRTV.
424 1770 590 1838 Ἀντιστατική
599 1771 752 1841 τδσυμρίρον
761 1769 920 1839 ἐπεισάγουσα
930 1766 969 1836 ἀρ’
978 1762 1014 1818 ὧν
1095 1772 1161 1835 366,
1189 1772 1215 1824 5.
1239 1772 1321 1839 Τότε]
1343 1772 1402 1836 ότι,
1427 1769 1516 1841 ρησλν,
1541 1768 1663 1832 ἐσώζοντο
1688 1769 1713 1823 οἰ
1741 1770 1842 1833 Φωκεῖς

231 1852 341 1921 ἠδίκησε.
352 1852 540 1914 Συνέζευκταιδέ
550 1871 601 1912 πως
609 1853 640 1921 τῇ
647 1848 872 1920 ἀντεγκληματική,
882 1846 915 1907 ὡς
923 1844 1016 1915 ἰχουσα
1060 1848 1237 1902 ACDGRTV.

231 1933 290 2003 πρδς
302 1930 377 1997 αύτήν
391 1932 432 1984 καὶ
445 1931 595 2002 συγγένειαν·
618 1928 643 1982 έν
660 1922 697 1989 οίς
709 1927 757 1997 γὰρ
777 1927 844 1996 λέγει
861 1926 900 1978 ότι
922 1923 1015 1985 Καλῶς
1096 1928 1162 1990 366,
1174 1933 1200 1978 6,
1215 1926 1256 1988 Εἰς
1266 1924 1400 1997 αύτήνήείς
1415 1924 1459 1990 τὴν
1471 1926 1633 1996 Χερρόνησον.
1648 1924 1826 1981 ACDGRTV.

232 2013 273 2065 καλ
287 2010 356 2073 ἀξίως
369 2011 528 2065 ἀπολώλασιν
546 2009 570 2062 οί
584 2010 696 2072 Φωκεῖς,
719 2007 804 2077 έπάγει
824 2007 863 2058 ότι
882 2002 928 2055 Kal
949 2001 1016 2054 ἀλλα
1096 2005 1156 2076 Πρὶν
1169 2006 1262 2059 τούτων
1280 2025 1303 2058 τι
1319 2009 1362 2072 τῆς
1373 2005 1481 2072 πόλεως]
1496 2005 1542 2057 Καὶ
1556 2005 1663 2076 μάλιστα
1683 2003 1726 2075 μέν
1740 2004 1782 2056 καλ
1794 2023 1843 2057 σω-

234 2091 326 2164 ἔχομεν
338 2092 394 2146 ἀντὶ
411 2098 460 2145 τῶν
476 2089 643 2145 ἀπολωλότων
660 2089 740 2158 χωρία
755 2087 893 2157 σωζόμενα.
930 2081 971 2144 Εἰς
986 2083 1016 2134 κο
1061 2086 1170 2154 ζομένων
1184 2086 1291 2138 Φωκέων
1302 2083 1404 2155 εἴχομεν
1419 2083 1532 2154 ἀσφαλῶς
1543 2080 1588 2149 τήν
1599 2083 1762 2154 Χερρόνησον.
1776 2081 1845 2136 Εἰτα

233 2172 301 2226 αύτό,
341 2172 441 2241 Πρῶτον
460 2166 490 2237 ήν
510 2175 557 2222 τῶν
575 2168 616 2222 ἀπ’
641 2166 719 2237 ἀρχῆς
741 2167 800 2236 ἀχρι
821 2164 920 2227 τέλους,
941 2161 974 2222 ὥς
990 2160 1016 2214 έν
1060 2164 1115 2218 οἰνδέ
1127 2165 1193 2234 ἔχειν
1214 2162 1288 2229 αύτήν
1310 2168 1353 2216 νῦν
1371 2163 1531 2234 ἀπολομένων
1545 2163 1653 2217 Φωκέων
1669 2161 1756 2234 ῥαδίως
1768 2165 1843 2231 δυνή·

233 2250 299 2320 ἀρχή
314 2249 406 2312 έξέθετο
427 2246 463 2302 ὧν
482 2247 627 2318 ἀπήγγειλε.
664 2247 780 2315 Δεύτερον
795 2244 838 2311 δέ,
859 2239 896 2296 ὧν
910 2241 1014 2294 ἔπεισεν.
1061 2246 1140 2297 moe,
1156 2246 1237 2298 TCV,

232 2309 326 2379 Ούκόόν
335 2326 364 2378 τδ
376 2325 454 2379 ἔπεισε
465 2325 574 2395 μαίνεται
585 2324 699 2394 τριμερές·
713 2323 740 2374 ἰν
754 2320 812 2392 μέν,
825 2321 863 2372 ότι
877 2317 957 2371 έπεισε
971 2314 1016 2381 τήν
1095 2323 1214 2391 Τούτων]
1226 2328 1274 2375 τῶν
1288 2323 1410 2375 Φωκικῶν
1423 2320 1530 2375 πόλεων,
1549 2320 1726 2375 ΑΕΒΕΒΠ,

233 2406 305 2459 πόλιν
324 2402 357 2475 μὴ
373 2405 472 2473 βοηθεῖν
486 2404 631 2463 Φωκεῦσιν,
653 2400 728 2454 εἰπὼν
749 2400 901 2465 σωθήσεσθαι
913 2397 1017 2457 Φωκέας
1097 2405 1158 2469 366,
1174 2408 1200 2459 8,
1211 2405 1253 2465 Τίς
1264 2398 1307 2456 ούν
1320 2402 1336 2469 ἡ
1350 2404 1439 2469 ταύτης
1452 2402 1592 2473 περιουσία]
1603 2402 1634 2453 Τί
1644 2396 1688 2454 ούν
1699 2403 1845 2473 χρησιμεύει

233 2483 299 2553 παρὰ
312 2483 446 2536 Φιλίππου·
463 2482 590 2552 δεύτερον,
615 2481 695 2535 έπεισε
708 2479 750 2533 καί
769 2479 825 2548 περὶ
840 2477 955 2544 θηόαίων
977 2476 1016 2528 ότι
1061 2481 1119 2553 ὑμῖν
1134 2484 1162 2537 τὸ
1176 2483 1297 2544 σώζεσθαι
1308 2479 1353 2547 τήν
1371 2481 1538 2552 Χερρόνησον,
1559 2479 1633 2534 όπότε
1654 2479 1806 2553 ἀφῃρέθησαν
1813 2484 1845 2536 ὀἱ

233 2560 382 2615 ἀπολοῦνται
396 2560 509 2627 θηόαῖοι·
525 2562 623 2631 τρίτον,
643 2559 752 2621 έπεισεν,
768 2558 841 2624 ἡνίκα
855 2554 960 2610 ἰποιεῖτο
972 2551 1017 2619 τήν
1060 2563 1132 2632 ρόόοι
1153 2562 1176 2623 έξ
1187 2560 1260 2627 αύτῆς
1273 2565 1308 2632 τῷ
1324 2560 1444 2631 Φιλίππῳ
1459 2560 1603 2632 βουλομένῳ
1621 2556 1697 2625 αύτήν
1711 2557 1842 2627 ἀδικῆσαις

235 2640 348 2711 εἰρήνην,
366 2641 468 2702 Φωκέας
484 2640 526 2711 μέν
539 2639 662 2710 ἰξαλεῖψαι
678 2641 721 2691 τοῦ
735 2638 903 2709 ψηφίσματος,
919 2636 1017 2687 πιστοῦ·
1062 2643 1239 2695 ACDGRTV,

234 2739 275 2772 σαι
286 2720 312 2773 δέ
324 2716 535 2791 ἀπαγγελλομένῳ
545 2720 610 2790 αύτῷ
616 2718 706 2772 τείσειν
719 2719 762 2771 τδν
773 2716 910 2769 Φίλιππον.
921 2712 1017 2766 θίκθῦν
1098 2722 1159 2787 366,
1177 2740 1218 2776 10.
1233 2720 1292 2775 Ἔτι
1306 2720 1386 2772 τοίνυν
1400 2719 1442 2772 καί
1453 2723 1563 2774 τοιοῦτόν
1576 2720 1614 2792 τι]
1631 2719 1757 2779 Ἀντίθεσις
1766 2739 1843 2791 μετα·

235 2798 294 2868 πρδς
308 2799 380 2851 τοῦτό
391 2797 455 2850 έστιν
469 2797 484 2863 ίγ
500 2802 610 2867 παροῦσα
623 2796 751 2858 ἀντίθεσις.
801 2795 960 2857 Πῶςέπεισας
971 2792 1017 2860 τήν
1061 2801 1167 2868 ληπτικὴ
1189 2800 1237 2854 ἀπδ
1249 2801 1387 2871 προσώπου.
1425 2799 1534 2870 Διαφέρει
1551 2800 1578 2852 δέ
1590 2803 1752 2871 παραγραρῆς
1766 2799 1791 2852 έν
1808 2806 1846 2872 ταῖν

233 2877 306 2932 πόλιν
320 2877 376 2929 ἀνευ
389 2876 497 2929 Φωκέων
509 2875 552 2941 τήν
572 2875 669 2946 εἰρήνην
686 2875 847 2941 ποιήσασθαι;
863 2874 915 2927 δδέ
934 2875 1018 2944 βσύλε·
1061 2882 1143 2934 δοκεῖν
1157 2880 1268 2949 ἑκατέρας
1287 2877 1413 2932 έκόάλλειν
1428 2878 1470 2940 τάς
1481 2879 1583 2949 κρίσεις,
1603 2877 1691 2945 καθόή
1709 2878 1752 2949 μέν
1769 2898 1845 2949 παρα·

233 2974 274 3009 ται
292 2954 368 3009 εἰπεῖν
381 2956 491 3008 τοιοῦτόν
504 2954 568 3018 έστι,
590 2956 756 3024 κρυπτόμενον
770 2953 813 3024 μέν
827 2953 873 3007 ύπύ
886 2957 928 3006 τού
946 2952 1015 3023 ῥήτο·
1062 2958 1140 3029 γραρή
1152 2958 1276 3020 παντελῶς
1288 2956 1402 3012 έκόάλλει
1417 2955 1462 3022 τήν
1477 2956 1568 3027 κρίσιν,
1583 2957 1621 3009 θτι
1637 2955 1664 3009 οἰ
1678 2957 1720 3009 δεῖ
1729 2956 1783 3028 περὶ
1793 2963 1844 3010 τῶν

234 3054 274 3105 ρος
286 3034 325 3087 διὰ
337 3035 365 3088 τὸ
381 3036 520 3105 κρίσιμον,
539 3034 695 3105 δεικνύμενον
709 3034 735 3086 δέ
751 3032 791 3084 διὰ
804 3036 847 3098 τῆς
861 3031 980 3102 ἐργασίας·
997 3032 1019 3085 εἰ
1062 3038 1141 3091 αὐτῶν
1151 3037 1331 3109 ἀγωνίζεσθαι,
1345 3035 1397 3102 ἡδὲ
1407 3033 1574 3107 μεταληπταὴ
1585 3035 1612 3087 οὗ
1622 3035 1717 3097 πάντως
1728 3034 1846 3089 enema

235 3112 268 3183 μή
283 3111 328 3178 τήν
342 3112 439 3183 εἰρήνην
452 3112 627 3183 ἐποιησάμεθα,
642 3115 724 3183 ὥσπερ
735 3110 802 3177 ήξίυυ
816 3111 948 3175 Φίλιππος,
959 3112 1018 3165 ἀνευ
1062 3112 1106 3179 τήν
1119 3115 1212 3184 κρίσιν,
1228 3112 1294 3165 ἀλλά
1310 3111 1492 3184 μεταλαμθόνει
1504 3112 1542 3165 ότι
1557 3111 1639 3173 ἀλλως
1653 3110 1702 3165 έδει
1712 3111 1786 3178 αἰπήν
1800 3133 1844 3184 γε·

234 3192 359 3258 Φωκέων,
373 3192 441 3246 οἰδὲν
453 3194 483 3245 ἀν
498 3192 620 3246 ἐκώλυσεν
638 3191 679 3245 έπί
694 3191 789 3262 Θρᾴκης
802 3190 862 3243 όντα
871 3190 959 3243 λαθεῖν
972 3189 1017 3256 τήν
1062 3194 1160 3255 νέσθαι,
1171 3193 1252 3262 ὥσπερ
1264 3190 1306 3243 καί
1323 3189 1427 3243 ἐνταῦθα
1440 3189 1466 3243 έκ
1476 3192 1605 3260 προσώπου
1620 3190 1788 3260 Δημοσθένους
1802 3211 1846 3260 με·

237 3271 406 3342 Χερρόνησον,
423 3272 464 3324 καί
475 3271 515 3324 διὰ
528 3277 601 3325 τοῦτο
615 3271 710 3342 ἀνάγκη
726 3271 827 3341 γέγονεν
837 3269 902 3321 ούτω
914 3270 1018 3336 ποιήσα-
1062 3272 1262 3342 ταλαμόάνεικαί
1279 3270 1346 3343 λέγει
1359 3272 1397 3324 θτι
1413 3269 1442 3322 ού
1454 3270 1483 3322 σύ
1498 3289 1545 3341 μου
1564 3270 1667 3340 όρείλεις
1677 3273 1844 3340 κατηγορεῖν,

234 3350 290 3402 σθαι
299 3348 343 3416 τήν
352 3350 465 3421 εἰρήνην,
476 3350 509 3413 ώς
521 3350 775 3412 έόούλετοΦίλιππος,
785 3348 847 3401 διότι
855 3347 1016 3420 έδεδοίκειμεν
1062 3350 1119 3403 ἀλλ’
1133 3351 1157 3404 οί
1173 3351 1271 3413 Φωκεῖς
1280 3351 1304 3402 οἱ
1313 3350 1467 3411 πεπονθότες.
1482 3350 1660 3405 ACDGR‘I'V.
1677 3349 1753 3416 Ἄλλη
1769 3369 1846 3420 μετα-

236 3428 294 3501 ύπίρ
311 3430 471 3500 Χερρονήσου.
520 3427 622 3493 Ἐπειδὴ
640 3427 696 3494 δέίη
711 3427 830 3489 ἀντίθεσις
850 3428 893 3499 μία
911 3426 976 3480 ἰστλν
990 3426 1017 3480 έκ
1062 3428 1168 3498 ληπτική
1180 3429 1314 3493 ἀντίθεσις,
1329 3429 1357 3482 τδ
1371 3429 1501 3499 πρόσωπον
1517 3427 1677 3497 λαμόάνουσα
1693 3426 1754 3480 κατὰ
1767 3447 1846 3498 παρα-

233 3515 283 3562 τών
296 3507 641 3574 ἀντιθετικῶν-ἀντιστατικὴ
656 3508 705 3578 γάρ
719 3506 815 3572 έστι-,
829 3509 951 3577 ζητοῖμεν
961 3510 1017 3561 θθεν
1061 3510 1166 3581 γραρήν·
1184 3509 1213 3562 ού
1227 3508 1275 3580 γάρ
1287 3506 1358 3574 εἰπε,
1375 3508 1485 3578 περιττός
1506 3504 1530 3559 εἰ
1541 3507 1586 3571 σύ,
1600 3506 1666 3558 ἀλλά
1679 3506 1704 3559 τί
1717 3506 1746 3559 σύ
1758 3507 1799 3559 καί
1810 3505 1845 3578 μή

233 3589 367 3642 πέπτωκεν.
405 3588 499 3641 Οἰκούν
514 3588 544 3641 τδ
557 3588 600 3658 μέν
615 3586 730 3658 ἔγκλημά
745 3584 824 3651 ἰστιν,
838 3587 876 3639 θτι
890 3586 1018 3656 Προδέδω·
1061 3589 1315 3660 Φωκεῖς;Χρησίμως
1323 3587 1365 3641 καί
1376 3587 1416 3639 διά
1429 3585 1523 3648 πολλάς
1534 3584 1611 3648 αἰτίας
1625 3584 1849 3658 ταύτῃτῇάντιθέ-

234 3669 344 3730 καςτοίνς
361 3668 472 3729 Φωκέας·
495 3667 520 3719 αί
540 3667 566 3721 δέ
581 3666 714 3728 ἀποδείξεις
735 3665 826 3718 τούτου
849 3667 962 3719 ποικίλαι
975 3666 1017 3719 καλ
1062 3689 1098 3723 σει
1116 3671 1241 3741 κέχρηται
1280 3668 1380 3738 Πρῶτον
1394 3667 1453 3739 μέν,
1465 3667 1508 3719 ἵνα
1526 3667 1582 3728 τούς
1596 3664 1713 3737 Αἰσχίνου
1726 3666 1847 3737 μάρτυρας

234 3747 318 3803 πολλὰ
336 3745 463 3816 τεκμήρια.
503 3746 550 3800 Ἕν
570 3747 650 3799 τοίνυν
674 3743 726 3798 έστί
747 3750 795 3798 τῶν
817 3747 954 3816 τεκμηρίων
976 3748 1019 3813 τῆς
1061 3750 1193 3824 διαόάλλη.
1241 3748 1356 3813 Ἔπειτα,
1370 3748 1414 3801 ἵνα
1427 3749 1479 3811 τοῖς
1494 3747 1578 3816 λόγοις
1592 3747 1707 3818 Αἰσχίνου
1722 3746 1846 3819 βεόαιωθῇ

233 3826 377 3896 προδοσίας,
393 3824 431 3877 ὅῖῑ
453 3824 630 3896 βῦθίῑυῡμὲίης
642 3826 686 3891 τῆς
701 3822 795 3884 πύίῐως
810 3824 876 3886 ὅπως
886 3823 934 3895 χρὴ
949 3826 1019 3892 md·
1062 3830 1090 3884 τύ
1105 3830 1228 3903 ἔγκλημα·
1251 3828 1310 3881 ἰδὼν
1322 3824 1370 3898 γάρ
1390 3826 1418 3879 ού
1431 3824 1518 3897 μικράν
1534 3824 1610 3896 ῥοπήν
1624 3826 1791 3897 γεγενημένην
1809 3832 1846 3898 τῷ

233 3903 324 3955 (ἰᾶσθαί
342 3900 388 3967 ῖλί
412 3899 525 3971 ῑίρθίθίν
541 3902 669 3973 παρελθὼν
687 3900 803 3972 Αἰσχίνης
821 3900 944 3955 ίνέπῑῑσῑν
960 3904 1018 3957 ἄνευ
1062 3911 1177 3983 ἀντιδίκῳ
1186 3911 1213 3964 ἐκ
1225 3914 1268 3963 τοῦ
1282 3906 1428 3978 παρέχεσθαι
1441 3907 1560 3977 μάρτυρας
1573 3907 1670 3968 Φωκεῖς
1686 3903 1847 3977 ἀρνουμένους

232 3980 342 4033 Φωκίων
354 3979 509 4045 πθῑύσασθαῑ·
551 3979 580 4033 Ὁ
593 3981 636 4051 μίθ
651 3976 694 4034 ossv
704 3982 861 4053 Δημοσθένης
873 3986 946 4035 τούτο
958 4003 1018 4054 προ·
1062 3988 1102 4041 διά
1118 3990 1160 4043 τόν
1174 3987 1291 4058 Αἰσχίνην
1305 3985 1475 4046 ἀπολωλέναι,
1492 3981 1634 4055 ἠναγκάσθη
1652 3987 1733 4054 ὥσπερ
1744 3982 1771 4037 έκ
1782 3985 1847 4054 διορ-

233 4059 380 4121 τῑίνίῒαῑίῡς
389 4058 536 4130 mmm»
555 4059 569 4112 ὅ
582 4060 609 4114 δέ
620 4059 735 4131 Ᾰίῦχίίης
748 4059 788 4112 έπί
800 4059 845 4126 ῖλί
856 4060 941 4131 mim
954 4063 1020 4132 μῑθῑ·
1063 4071 1160 4131 θώσεως
1174 4066 1249 4139 ταύτῃ
1263 4064 1401 4137 χρήσασθαι
1415 4066 1447 4135 τῇ
1460 4061 1579 4117 ἀντιθέσει
1593 4065 1652 4135 πρὸς
1665 4062 1785 4135 ἀναίρεσιν
1795 4071 1845 4118 τῶν

234 4135 335 4209 στάςτῷ
347 4140 489 4209 συμφέροντι
503 4140 628 4210 κέχρηται·
647 4140 715 4209 λέγει
728 4139 786 4211 γάρ,
801 4138 844 4192 οἰνκ
860 4138 916 4207 ένῆν
936 4140 1019 4203 ἀλλως
1063 4146 1169 4218 ἰσχυρῶν
1185 4151 1233 4199 τῶν
1248 4143 1349 4197 ἐκείνου.
1364 4141 1435 4194 Ἐστι
1446 4141 1473 4195 δέ
1487 4142 1667 4211 μεταληπτική.
1687 4144 1846 4201 Μεθώδευται

234 4218 318 4271 πεῖσαι
334 4218 459 4271 Φίλιππον
475 4218 587 4280 δέξασθαι
607 4220 663 4281 τούς
675 4220 740 4290 παρὰ
752 4223 795 4286 τῆς
805 4219 899 4282 πόλεως
913 4221 1016 4290 όρκους,
1063 4224 1145 4295 δίούχ
1164 4225 1196 4286 ώς
1207 4222 1425 4294 παραγραφομένου
1445 4219 1575 4292 Αἰσχίνου,
1597 4222 1655 4274 ἀλλ’
1670 4222 1703 4284 ὡς
1723 4230 1784 4294 μετὰ
1802 4228 1846 4276 τοῦ

236 4292 270 4365 μή
282 4301 331 4348 τῶν
346 4296 454 4350 Φωκέων
470 4296 631 4369 έξηρημένων·
647 4297 668 4351 εἰ
683 4298 709 4351 δέ
728 4297 761 4370 μή
786 4298 957 4371 βεόουλήμεθα
968 4299 1018 4363 έξε·
1062 4304 1229 4374 Δημοσθένους
1242 4302 1400 4364 ἀπαιτοῦντος
1412 4302 1517 4364 καλτοίνς
1532 4302 1650 4367 Φωκέας,
1666 4304 1708 4356 ἵνα
1720 4304 1761 4356 καί
1775 4298 1847 4365 αύτθς

234 4374 290 4428 λεῖν
304 4377 360 4438 τούς
368 4375 482 4441 Φωκέας,
496 4379 611 4448 πολεμῶν
626 4380 655 4430 ἀν
674 4378 688 4431 ό
702 4378 824 4440 Φίλιππος
837 4381 869 4451 τῇ
886 4378 957 4432 πόλει
973 4379 1018 4446 τήν
1063 4387 1094 4454 τῇ
1107 4382 1184 4453 οἰκείᾳ
1200 4385 1271 4453 ρωνῇ
1288 4382 1426 4453 κατήγορον
1447 4380 1561 4453 φαίνηται
1583 4385 1781 4455 παραδεχόμενος
1802 4383 1846 4437 τὸν

235 4454 387 4524 Χερρόνησον
406 4455 503 4510 έλαόεν.
524 4458 663 4529 Κηδόμενος
673 4460 763 4526 ταύτην
775 4462 807 4530 τῇ
818 4458 889 4512 πόλει
899 4461 1019 4521 σώζεσθαι
1062 4465 1163 4535 ῥήτορα.
1201 4462 1268 4514 ίίατά
1281 4462 1307 4515 δέ
1323 4461 1369 4529 τήν
1383 4464 1452 4517 λύσιν
1473 4466 1539 4527 ἀξιον
1556 4465 1678 4534 θαυμάσαι
1700 4462 1742 4517 τόν
1755 4464 1846 4535 ῥήτορα

235 4536 359 4607 παρῄνεσα
381 4537 502 4609 τῷδήμῳ
521 4536 585 4603 πλήν
600 4539 708 4592 Φωκέων
723 4538 870 4604 ποιήσασθαι
887 4536 932 4604 τὴν
957 4539 1019 4612 εἰρή-
1062 4548 1105 4612 τῆς
1115 4542 1233 4613 μεθόδου,
1247 4544 1328 4607 ὅπως,
1345 4540 1378 4613 μή
1392 4545 1471 4597 δοκῶν
1489 4544 1547 4615 πρδς
1560 4545 1615 4607 τούς
1627 4543 1744 4614 Αἰσχίνου
1759 4546 1847 4615 μάρτυ-

236 4632 290 4680 νην.
332 4611 400 4669 Ἐπεί
418 4615 497 4669 τοίνυν
512 4617 643 4688 τεκμήριον
654 4612 684 4684 ήν
698 4621 741 4683 τῆς
755 4618 882 4689 προδοσίας
892 4619 921 4672 τδ
935 4621 1018 4673 πεῖσαι
1063 4644 1105 4696 ρας
1118 4622 1288 4693 διαλέγεσθαι,
1307 4621 1448 4689 λεληθότως
1464 4623 1580 4678 έκόάλλει
1598 4624 1654 4685 τούς
1672 4625 1792 4695 μάρτυρας
1805 4624 1847 4685 ούς

234 4691 280 4759 τήν
300 4694 372 4748 πόλιν
387 4692 478 4756 έξελεῖν
490 4703 538 4750 τῶν
553 4699 632 4768 όρκων
647 4697 765 4761 Φωκέας,
782 4697 923 4768 ἀναγκαίως
942 4697 1019 4751 ἀπαν-
1062 4700 1178 4771 Αἰσχίνης
1192 4702 1331 4771 παρέχεται
1346 4698 1426 4767 ἐπειδὴ
1445 4702 1493 4773 γάρ
1505 4701 1621 4773 Αἰσχίνης
1634 4703 1770 4773 παρέσχετο
1784 4702 1847 4772 μάρ·

234 4779 284 4826 τῶν
297 4774 356 4843 πρὸς
369 4778 443 4827 τούτο
456 4774 572 4846 Αἰσχίνης
583 4776 627 4843 τήν
639 4774 718 4829 αἰτίαν
729 4776 796 4847 λέγει
809 4777 840 4828 δι’
854 4776 884 4842 ἢν
894 4796 1018 4848 κατηναγ-
1062 4799 1133 4851 πνρας
1145 4780 1260 4843 Φωκεῖς,
1275 4778 1302 4831 οἵ
1321 4799 1379 4850 ρασι
1398 4782 1500 4852 μηδενός
1515 4788 1563 4835 τῶν
1579 4787 1660 4835 κακῶν
1682 4779 1761 4833 αἴτιον
1777 4800 1847 4852 γεγε-

234 4854 312 4922 κάσθη
328 4858 520 4922 τούτοποιῆσαι.
560 4856 645 4909 Ἔστιν
660 4850 703 4909 σύν
730 4853 829 4921 ήαίτία
849 4855 1015 4924 ἀντιστατική.
1062 4852 1150 4918 νῆσθαι
1163 4850 1246 4911 αὺτοῖς
1259 4848 1302 4903 τύν
1316 4850 1450 4922 Αἰσχίνην,
1469 4851 1634 4923 ἀναγκαίωςό
1651 4849 1845 4923 Δημοσθένηςτδ

233 4932 284 4985 Ἶίν
297 4933 340 5004 μέν
353 4928 396 4987 σύν
411 4933 558 5004 δυσχερήςῆ
575 4934 642 4998 λύσις
656 4938 699 5001 τῆς
716 4934 859 4998 ἀντιθέσεως
871 4940 906 5007 τῷ
923 4934 1015 5007 ῥήτορι·
1064 4932 1245 5000 μεταληπτικδν
1256 4930 1313 5002 προς
1330 4930 1375 4997 τήν
1396 4932 1487 4986 οἰκείαν
1506 4934 1591 5005 χρείαν
1609 4932 1715 5003 έξεῦρεν,
1730 4930 1774 4984 ἵνα
1791 4932 1847 4994 τούς

234 5012 308 5065 δοκεῖ
318 5012 366 5084 γάρ
377 5013 410 5074 ὡς
424 5011 521 5080 ἀληθῶς
536 5013 637 5084 ἔχεσθαι
650 5017 692 5081 τῆς
709 5013 839 5080 ἀληθείας,
857 5015 895 5068 ότι
908 5015 1017 5068 δεδοικό·
1063 5014 1154 5068 ἐκείνου
1167 5013 1286 5084 μάρτυρας
1304 5010 1432 5065 ἰκόάλλειν
1451 5014 1529 5085 δοκῇ,
1550 5014 1606 5078 καί,
1620 5010 1642 5066 εἰ
1659 5013 1753 5065 κινοῖτο
1770 5010 1848 5081 λόγος

234 5109 273 5153 τες
286 5092 339 5162 περί
353 5096 396 5158 τῆς
406 5092 558 5162 Χερρονήσου
572 5093 627 5146 τότε
641 5092 685 5159 τήν
703 5090 801 5164 εἰρήνην
816 5095 935 5156 ἐδέξαντο.
962 5093 1017 5147 Ἵνα
1062 5094 1117 5165 παρ’
1132 5091 1262 5167 Αἰσχίνου,
1278 5090 1461 5162 μεταληπτικῶς
1480 5094 1591 5161 φαίνοιτο
1613 5091 1654 5144 καλ
1667 5095 1754 5144 τοῦτον
1767 5088 1845 5143 λύων.

234 5169 314 5222 τοίνυν
331 5169 520 5241 μήσυνδραμὼν
535 5178 589 5234 ταῖς
608 5172 732 5239 ἀληθείαις
745 5172 759 5225 ό
774 5171 888 5239 δικαστής
901 5170 1017 5241 ἀποδέξη·
1061 5174 1140 5228 TCV.

233 5266 273 5305 ται
287 5249 467 5320 τούςΑίσχίνου
476 5249 580 5321 λόγους,
591 5251 723 5322 προλαόίυν
735 5251 749 5306 ὁ
763 5252 919 5324 Δημοσθένης
927 5257 1021 5324 συγχεῖ
1099 5253 1160 5320 366,
1177 5269 1218 5322 19.
1239 5251 1273 5305 (λί
1290 5251 1338 5325 γάρ
1355 5253 1384 5304 ἀν
1404 5251 1485 5322 ἔγωγε
1502 5252 1530 5303 ἀν
1543 5250 1636 5320 ἔδωκα]
1653 5246 1846 5310 Ἀντιπίπτοντσς
