3967 5967
679 433 764 494 XXI!
787 434 888 494 KATA
908 432 1189 495 ἈΝΔΡΟΤΙΩἈΟΣ.
1675 438 1736 494 699

124 563 197 613 τοῦτο
207 559 261 611 καθ’
276 557 411 631 ύπερύολήν
424 561 465 615 καὶ
476 562 510 625 ώς
522 564 592 635 μάρος
603 563 766 633 ποιησάμενος
777 562 910 633 λόγουκα·
953 562 994 616 τδν
1003 563 1081 634 λόγον
1091 563 1210 634 κεράλσιια
1217 563 1269 629 δύο,
1282 562 1311 617 τ“ο
1321 563 1425 634 νόμιμον
1431 561 1472 616 καὶ
1481 563 1508 615 τδ
1518 561 1622 616 δίκαιον.
1635 560 1707 614 Ἔστι
1713 560 1740 613 δὲ

124 637 191 690 θεῖλε
203 641 234 708 τῇ
250 637 326 708 οἰκείᾳ
339 641 517 711 μεταχειρίσει·
534 642 575 694 καὶ
585 641 629 694 ούκ
641 640 726 694 ἀνεῖλε
739 642 827 713 μόνον,
843 640 909 693 ἀλλά
956 641 1129 713 μεταστατικὴ,
1137 643 1182 709 τήν
1192 643 1271 697 αἰτίαν
1284 643 1332 696 άπδ
1344 647 1387 709 τῆς
1395 643 1485 712 βουλῆς
1496 641 1536 695 ἐπὶ
1544 643 1587 695 τὀν
1598 641 1688 711 ταμίαν
1697 661 1740 710 με·

123 718 164 769 καί
179 717 288 781 διέλυσε,
308 719 378 789 δεῦρο
398 720 440 790 μίν
456 720 504 781 θείς
521 722 605 794 ψιλούς
623 721 679 785 τούς
694 721 794 792 λόγους,
812 720 909 791 ίτίρωθι
956 724 1073 793 τάγουσα.
1092 722 1160 785 Τινὲς
1169 724 1191 774 δ’
1201 714 1318 793 ᾠήθησαν
1333 721 1360 775 ἐκ
1369 724 1438 774 δυοῖν
1450 723 1559 774 στάσεων
1570 738 1740 787 συνεστηκεναι

123 796 149 849 δί
160 796 312 867 μεταστήσας
323 798 365 851 τόν
377 800 465 869 νόμον.
954 798 999 864 τὴν
1011 800 1143 867 ἀντίθεσιν,
1155 803 1324 871 μεταστάσεως
1336 801 1377 852 καί
1389 802 1546 870 συγγνώμης.
1566 800 1649 852 ’Βοικε
1661 798 1687 850 δὲ
1700 818 1742 869 με·

159 878 220 946 597,
236 878 259 929 3.
276 878 388 950 Θάτερα]
407 878 470 933 Ἀντί
481 885 523 935 τοῦ
535 879 626 951 φαῦλα.
640 882 674 932 A.
954 876 1085 944 ταστατική
1099 880 1231 948 τυγχάνειν
1244 878 1352 949 μαλλον.
1374 879 1421 930 Καί
1430 877 1478 948 γάρ
1490 879 1531 930 καὶ
1543 877 1569 931 ἐν
1581 884 1616 949 τῷ
1625 877 1679 947 περὶ
1691 895 1742 930 στευ

160 958 226 1024 597,
246 960 271 1019 ό.
288 955 343 1009 Ἵνα
363 957 438 1026 μηδὲν
457 957 520 1013 είπω
531 959 658 1029 φλαῦρον]
676 957 714 1009 Το
733 956 850 1027 φιλόπολι
867 961 910 1010 τοῦ
954 960 1030 1029 φάνου
1037 959 1067 1011 τά
1075 960 1129 1029 περὶ
1136 957 1414 1029 λίαιρώνιιανάναφέφων
1423 958 1463 1011 ἰπλ
1472 957 1516 1023 τήν
1523 959 1611 1029 τύχην,
1622 959 1679 1027 ούχὶ
1686 977 1743 1029 συγ·

123 1030 209 1105 ἀνδρός
223 1032 274 1090 ἐστι
289 1037 430 1107 θαυμάζειν,
450 1040 488 1092 δτι
505 1038 626 1111 καίλόγιμ
639 1039 714 1108 μόνον
726 1038 855 1107 δυστυχεῖν
865 1034 909 1103 τήν
955 1045 1127 1107 γνωμονικῶς,
1141 1037 1207 1090 ἀλλά
1220 1045 1399 1109 μεταστατικῶς
1411 1038 1474 1091 ίοικε
1487 1038 1518 1091 τά
1528 1039 1652 1092 λυποῦντα
1663 1038 1741 1092 λύειν.

123 1115 194 1169 πόλιν
206 1113 235 1167 ού
248 1116 370 1185 βούλεται.
955 1114 1031 1170 Ὅθεν
1043 1119 1230 1188 χαρακτηρίζειν
1242 1119 1271 1170 ἂν
1284 1116 1321 1186 είη
1334 1118 1432 1182 λοιπδν,
1446 1119 1470 1170 τί
1478 1121 1520 1188 μέν
1534 1117 1584 1171 ἰστι
1594 1120 1741 1188 συγγνώμη,

160 1196 227 1264 597,
242 1200 268 1251 8.
281 1194 311 1246 Εἰ
321 1195 600 1269 βυύλισθε]Τδσχῆμα
611 1194 732 1262 ἀποκοπή.
770 1196 852 1249 Λείπιι
863 1194 911 1268 γάρ
955 1197 979 1250 τί
991 1197 1017 1250 δὲ
1028 1199 1181 1268 μετάστασις.
1220 1197 1286 1251 Ὅσα
1299 1196 1342 1269 μέν
1356 1193 1399 1251 σύν
1414 1198 1630 1269 αύτοὶραινόμιθα
1643 1203 1742 1251 ποιοῦνΙ

124 1272 152 1326 τύ
167 1272 296 1328 ἀκούσατε.
311 1278 342 1327 A.
954 1292 1006 1341 τες,
1018 1277 1108 1339 εἰδότες
1119 1275 1161 1347 μέν
1175 1278 1214 1330 δτι
1225 1277 1313 1342 ἀτοπα,
1328 1280 1395 1348 ὅμως
1405 1276 1431 1331 δὲ
1441 1283 1575 1342 ποιοῦντες,
1589 1276 1620 1329 δι’
1631 1277 1742 1346 ἀνάγκην

159 1352 190 1405 θί
199 1352 230 1405 τά
242 1353 380 1423 προπύλαια
389 1353 479 1406 καίτδν
489 1354 651 1425 παρθενῶνα]
666 1351 809 1423 Προπύλαια
823 1351 910 1423 λέγον·
956 1354 1113 1427 ἰσχυροτέραν
1127 1355 1282 1427 ἐπείγουσαν,
1297 1357 1313 1423 ἢ
1329 1357 1446 1410 καὶκατὰ
1460 1357 1562 1427 ἄγνοιαν
1578 1356 1661 1418 άλλως
1678 1359 1694 1423 ἢ
1708 1359 1740 1409 δι’

124 1450 164 1483 ται
178 1432 201 1483 οί
213 1432 323 1502 μέγιστοι
333 1433 441 1495 πυλῶνες
450 1439 498 1486 τῶν
508 1433 589 1503 ίεφών.
628 1433 758 1503 Παρθενών
773 1430 911 1504 ναδςέντῇ
956 1433 1078 1499 εύήθειαν,
1100 1440 1177 1489 ταῦτα
1194 1437 1222 1487 ἀν
1244 1434 1282 1503 εἰη
1305 1438 1467 1507 συγγνώμης·
1491 1437 1537 1488 δσκ
1560 1435 1585 1489 δέ
1608 1437 1744 1507 φαινόμεθα

124 1507 255 1579 ἀκροπόλει
269 1514 386 1582 παρθένου
404 1511 514 1581 Ἀθηνᾶς,
527 1514 646 1583 περιέχων
659 1514 762 1584 ἀγαλμα
777 1516 819 1579 τῆς
838 1516 910 1579 θεοῦ,
956 1510 1018 1582 μήτε
1039 1512 1152 1583 λέγοντες
1174 1510 1234 1581 μήτε
1248 1515 1394 1582 πράττοντες
1414 1520 1449 1584 τῷ
1465 1514 1601 1567 κωλύεσθαι
1618 1514 1665 1567 ύπό
1680 1534 1745 1576 τινος

126 1591 183 1660 όπερ
200 1589 298 1658 ἰποίησε
312 1589 411 1654 Φειδίας
428 1592 443 1645 6
464 1591 703 1664 ἀνδριαντσπλάστης
717 1592 744 1647 ἐκ
765 1596 857 1663 χρυσοῦ
871 1595 912 1647 καί
955 1589 1108 1659 κρείττονος,
1121 1590 1136 1655 θ
1149 1590 1190 1641 κεί
1204 1589 1282 1641 ἅλλῡυ
1296 1590 1361 1650 τινὸς
1381 1589 1462 1660 ἐτέρου
1475 1589 1553 1643 αἰτίου
1567 1588 1593 1642 ἰν
1609 1587 1631 1662 ᾧ
1652 1592 1683 1645 τύ
1701 1596 1745 1657 τῆς

125 1670 263 1742 ἐλέφαντος.
303 1670 328 1725 1¹¹
351 1671 398 1743 γάρ
420 1671 553 1743 ἀγάλματα
570 1666 601 1738 ἦν
620 1671 645 1724 ἐν
661 1675 692 1743 τῇ
714 1670 847 1742 ἀκροπόλει
869 1675 912 1738 τῆς
956 1667 1062 1729 ἐξουσίας
1083 1667 1159 1732 ἐστίν,
1182 1673 1258 1721 ταῦτα
1277 1671 1307 1721 ἀν
1322 1667 1359 1735 εἴη
1380 1673 1424 1735 τῆς
1445 1672 1623 1739 μεταστάσεως.
1662 1671 1700 1724 Tb
1719 1670 1745 1724 δί

128 1750 228 1820 Ἀθηνᾶς
241 1752 266 1805 ἐν
278 1754 400 1823 διαφόροις
413 1754 509 1814 τόποις·
526 1752 552 1804 ἓν
562 1752 605 1823 μὲν
620 1751 644 1813 ἐξ
655 1751 732 1823 ἀρχῆς
744 1754 877 1822 γενόμενον
888 1751 912 1813 ἐξ
955 1749 1022 1801 πένθ’
1040 1747 1196 1818 ἡμιτάλαντα
1210 1747 1265 1800 ἀντὶ
1285 1753 1327 1800 τοῦ
1347 1750 1416 1802 πέντε
1438 1748 1502 1819 παρὰ
1522 1748 1697 1819 ἡμιτάλαντον,
1713 1751 1746 1812 ὡς

126 1832 226 1896 ἐλαίας,
244 1834 302 1902 όπερ
323 1832 436 1886 ἐκαλεῖτο
457 1830 573 1892 πολιάδος
595 1824 769 1897 Ἀθηνᾶς,’διίκ
791 1830 819 1883 τό
840 1829 913 1897 αὐτῆς
956 1823 1021 1877 εἶναι
1035 1828 1136 1896 τέτταρα
1147 1827 1188 1878 καὶ
1200 1827 1283 1897 ήμισυ·
1298 1828 1420 1881 καὶτοῦτο
1436 1829 1576 1893 συνίσταται
1592 1827 1619 1881 ἔκ
1631 1835 1675 1882 τοῦ
1688 1850 1746 1883 στα·

126 1908 189 1962 εἶναι
203 1912 245 1963 τδν
260 1911 342 1963 πόλιν,
380 1910 496 1980 Δεύτερον
507 1909 533 1962 δέ
544 1909 571 1961 τό
585 1908 632 1962 ἀπό
643 1908 740 1980 χαλκοῦ
754 1911 839 1978 μόνον,
853 1910 912 1978 ὅπερ
957 1905 1020 1975 θμοῦ
1035 1905 1091 1975 παρ’
1110 1900 1245 1976 Ἡροδότῳ,

126 1987 242 2054 ἐποίησαν
260 1988 400 2054 νικήσαντες
410 1995 435 2042 σί
446 1989 472 2042 ἐν
487 1989 629 2059 Μαραθῶνι.
661 1987 793 2042 Ἐκαλεῖτο
805 1989 831 2043 δὲ
840 1995 912 2044 τοῦτο
995 1984 1083 2039 Ἀκούω
1096 1986 1118 2038 δ’
1133 1984 1224 2057 αύτδν]
1244 1986 1307 2057 ίίρδς
1325 1986 1368 2056 μὲν
1383 1985 1414 2039 τίι
1436 1988 1611 2058 προτεινόμενα
1626 1988 1691 2058 παρὰ
1703 1994 1746 2042 τοῦ

126 2069 258 2139 προμάχου
283 2066 391 2135 Ἀθηνᾶς.
429 2068 515 2139 Τρίτον
538 2065 686 2134 ἐποιήσαντο
707 2052 734 2121 ἰκ
755 2074 848 2139 χρυσοῦ
872 2070 913 2122 καὶ
956 2066 1125 2136 Δημοσθένους
1138 2065 1224 2119 ούδένα
1237 2065 1314 2137 λόγον
1332 2065 1348 2132 ἢ
1363 2063 1482 2128 ἀντίθεσις
1500 2066 1570 2136 ἔχει,
1584 2066 1643 2138 ύπέρ
1659 2068 1685 2122 δὲ
1699 2073 1743 2121 τοῦ

126 2142 270 2218 ίλὲραντος,
285 2147 318 2208 ώς
329 2146 504 2218 πλουσιώτεροι
516 2146 662 2217 γενόμενοι,
675 2146 723 2201 ἀπὸ
737 2152 780 2214 τῆς
793 2148 819 2201 ἐν
830 2148 912 2200 Σαλα·
961 2142 1130 2215 Ἀνδροτίωνος
1146 2145 1233 2208 ἔξωθεν
1246 2152 1293 2199 τῶν
1309 2147 1489 2216 προειρημένων
1504 2148 1608 2200 πίπτων
1625 2147 1744 2215 εἰσῆκται,

127 2230 181 2298 μῖνι
193 2227 275 2294 νίκης,
294 2228 345 2299 ύσιμ
365 2227 406 2279 καί
424 2228 512 2298 μείζων
530 2224 546 2293 ή
564 2227 628 2293 νίκη·
648 2227 690 2279 καὶ
705 2226 818 2281 ἐκαλεῖτο
840 2232 913 2283 τοῦτο
957 2227 1118 2296 σεσοφισμίνη
1134 2226 1175 2279 καί
1195 2224 1255 2291 αύτή
1272 2232 1320 2278 τῶν
1335 2227 1516 2296 προειρημένων
1535 2220 1680 2296 ούχήττον·
1697 2228 1744 2297 δρα

126 2308 243 2378 παρθένου
260 2304 367 2373 Ἀθηνᾶς.
381 2310 438 2363 AR.
957 2305 1006 2376 γάρ
1018 2307 1056 2358 ότι
1069 2306 1110 2358 καί
1121 2306 1246 2377 ὁμολογεῖ
1262 2306 1293 2357 δι’
1306 2304 1379 2371 αύτῆς
1394 2303 1533 2375 Ἀνδροτίων
1545 2305 1574 2358 τὸ
1595 2306 1646 2358 δεῖν
1663 2307 1746 2377 γίγνε·

163 2390 224 2457 597,
241 2405 281 2439 11.
295 2386 403 2457 Πάντες]
419 2384 538 2453 Δηλονότι
548 2386 581 2448 ὡς
595 2387 681 2448 παῖδες
691 2386 759 2449 όντες
768 2387 810 2441 καί
819 2386 913 2460 ἀπόγο·
958 2384 1014 2435 σθαι
1025 2383 1067 2445 τάς
1081 2389 1152 2448 ναῦς,
1166 2384 1207 2437 καί
1220 2385 1249 2436 ιδ
1262 2386 1375 2454 συμφορᾷ
1388 2386 1522 2454 κεχρῆσθαι
1536 2382 1581 2449 τὴν
1601 2382 1692 2454 βουλὴν
1706 2403 1748 2439 πε·

127 2487 165 2519 νοι
176 2466 273 2520 ἐκείνων
286 2472 335 2519 τῶν
346 2470 421 2519 ταῦτα
435 2465 586 2537 πραξάντων.
600 2472 634 2521 A.
959 2469 1103 2534 ριπεσοῦσαν
1116 2463 1254 2529 ἀύουλήτου
1267 2463 1354 2534 ἀνδρός
1367 2465 1480 2534 πονηρίᾳ.
1498 2466 1598 2518 FLYP.

163 2548 225 2616 597,
252 2564 293 2614 17.
318 2544 394 2614 Εἶεν]
416 2546 677 2617 Παρακελευσματικδν
696 2548 725 2600 τδ
751 2552 854 2619 σχῆμα,
881 2550 915 2611 ὡς
996 2546 1063 2613 598,
1086 2546 1129 2597 23.
1150 2543 1264 2615 Ἀποδρὰς
1284 2545 1386 2616 ᾤχετο]
1401 2542 1448 2596 Ἐκ
1467 2544 1628 2614 παραλλήλου
1648 2543 1748 2598 τδαύτδ

127 2624 373 2696 ἀναμιμνησκομένου
383 2624 413 2677 τίι
423 2625 623 2695 ἐφεξῆς,άδόῖει
636 2627 762 2690 καίούτως
775 2630 913 2698 σχεδιάζειν
959 2622 1082 2691 σημαίνει.
1119 2622 1153 2674 Tb
1168 2621 1296 2691 δέἶῧίωμε
1311 2620 1426 2674 Ἀττικόν·
1440 2627 1473 2675 Α.

129 2702 216 2774 καὶμὴ
232 2703 393 2775 ἐσκεμμένως.
407 2707 465 2757 AR.

165 2787 226 2853 597,
247 2788 287 2837 18.
317 2782 468 2854 Ἑοράκατε]
491 2782 570 2834 Πάλιν
585 2783 663 2837 λείπει
683 2784 712 2836 τδ
727 2783 857 2839 ἀκούσατε.
877 2793 911 2839 Α.

165 2865 225 2931 597,
243 2865 287 2917 25.
306 2863 376 2914 Πόσα
388 2861 473 2934 δεινά]
488 2862 523 2915 Τό
543 2866 631 2934 σχῆμα
645 2861 768 2933 ύπερύσλίη
787 2864 849 2918 κατά
868 2886 915 2919 πα·

144 2944 244 2997 ἔνθεσιν.
259 2942 292 2996 A.

129 2961 142 3012 ρ
165 3024 232 3092 597,
250 3038 295 3091 29.
315 3020 490 3093 Παρέστησαν]
509 3020 573 3074 Ἀντί
585 3025 629 3074 τοῦ
644 3018 820 3091 ἰχειρώθησαν,
836 3022 915 3076 ἰάλω-

130 3121 184 3157 σαν.
206 3104 262 3156 Al..

164 3179 199 3232 Τό
218 3180 349 3250 ναυτικδν]
366 3177 409 3231 Ἐν
423 3178 497 3249 Ἀίγδς
512 3179 622 3251 Ποταμιῗρ
632 3177 772 3250 ἐπιθέμενος
785 3179 799 3231 6
823 3180 915 3233 Λύσαν·

129 3258 185 3328 δρος
199 3258 286 3310 έλαύεν
305 3256 378 3322 αύτδ,
398 3256 492 3324 ώςήδη
512 3256 625 3328 ἔγνωμεν
643 3258 723 3310 πεῖσαν
742 3255 787 3322 τήν
806 3257 915 3329 ἱστορίαν

129 3336 155 3390 ἐν
166 3342 201 3407 τῷ
214 3336 328 3407 Εύαγόρφ
342 3334 503 3406 Ἰσοκράτους.
527 3337 589 3389 Τότε
600 3336 649 3407 γάρ
666 3334 741 3399 ἐστιν,
756 3337 797 3390 ότε
811 3338 852 3389 καί
863 3341 916 3400 ταῖς

131 3415 200 3478 ἰδίαις
219 3416 291 3487 χερσί
307 3418 490 3486 κατηνάγκασεν
513 3416 528 3468 6
549 3417 684 3486 Λύσανδρος
703 3416 757 3477 τούς
782 3416 917 3483 Ἀθηναίους

131 3496 282 3565 κατασκάψαι
295 3494 326 3548 τά
346 3493 397 3547 ίδια
408 3497 493 3565 τείχη,
512 3495 649 3558 καταλύσας
663 3495 741 3548 αύτών
755 3493 800 3562 τὴν
815 3498 916 3568 δύναμιν

132 3570 158 3624 ἐν
171 3573 244 3643 Ἀίγδς
256 3573 373 3645 ίίοταμῷ.
411 3574 458 3626 Aah
473 3575 538 3627 ούτω
552 3576 624 3646 πέρας
638 3575 710 3645 ἔσχεν
725 3575 741 3627 6
758 3575 914 3644 Πελοποννη·

131 3652 215 3712 σιακδς
231 3652 245 3704 6
258 3652 298 3705 καί
310 3653 451 3715 Δεκελεικδς
464 3653 599 3725 λεγόμενος
609 3654 733 3725 πόλεμος,
749 3656 790 3707 καί
803 3655 827 3708 οί
841 3659 917 3711 Λακε·

131 3731 254 3801 δαιμόνιοι
264 3733 414 3799 κατέστησαν
426 3738 474 3784 τῶν
488 3733 511 3784 λ’
525 3733 673 3805 όλιγαρχίαν
688 3732 712 3787 ἐν
729 3736 782 3796 ταῖς
800 3732 916 3801 Ἀθήναις,

132 3810 156 3872 ἐξ
169 3810 248 3864 αὐτῶν
260 3817 308 3864 τῶν
325 3810 453 3878 Ἀθηναίων
465 3812 531 3874 τινάς
541 3811 676 3884 ὀλιγαρχίᾳ
688 3814 827 3885 χαίροντας.
842 3819 898 3868 AR.

168 3892 235 3960 598,
254 3908 278 3946 2.
295 3890 343 3944 Τδν
358 3891 516 3964 τελευταῖον]
533 3890 562 3945 ‘0
575 3895 707 3965 γενόμενος
719 3894 774 3964 περὶ
786 3894 916 3965 Κέρκυραν,

131 3964 160 4020 οὗ
172 3971 213 4022 καί
228 3971 349 4042 μέμνηται
360 3971 474 4043 Ξενοφῶν
487 3971 512 4026 ἐν
527 3976 558 4044 τῇ
576 3973 600 4035 ζ’
613 3975 657 4043 (c.
671 3978 697 4038 6,
713 3977 748 4042 2)
762 3979 810 4027 τῶν
828 3972 919 4043 Ἑλλη-

134 4055 214 4104 νικῶν.
230 4051 282 4105 AR.

168 4129 236 4196 598,
252 4134 278 4193 l..
297 4128 432 4201 ’θρόόους]
449 4130 554 4202 ’θρούος
570 4129 636 4194 εἶδος
651 4132 743 4203 κριθῆς.
758 4132 777 4183 B

169 4207 234 4259 Ἴστε
248 4206 348 4279 όρόόους
361 4209 433 4271 ὄντας
444 4209 529 4273 ὠνίους
540 4214 549 4283 ]
569 4210 614 4265 Ἐκ
626 4212 713 4265 τούτου
723 4212 801 4278 δηλοῖ
810 4208 918 4280 ἐσχάτην

133 4284 251 4355 ἀπορίαν·
265 4288 354 4357 ’όρούος
366 4288 414 4358 γάρ
434 4288 500 4352 εἶδος
518 4294 601 4361 κριθῆς
622 4291 734 4363 ούδεμισῖς
752 4294 823 4361 τιμῆς
841 4290 917 4356 ἀξιον,

132 4367 161 4417 δν
181 4366 235 4435 βόες
248 4364 354 4419 ἰσθίουσι
366 4368 407 4418 καί
419 4365 553 4438 ἐρέπτουσι.
571 4373 601 4424 Ρ.

170 4448 237 4513 598,
251 4461 296 4500 20.
316 4443 404 4497 Ἀκούω
419 4447 440 4497 δ’
454 4447 545 4519 αύτδν]
563 4447 620 4503 ’ίίπί
633 4448 810 4520 μεταστατικήν
825 4447 918 4501 ἀντίθε-

133 4541 171 4575 σιν
187 4526 275 4593 χωρεῖ.
313 4523 466 4588 θίετάστασις
477 4528 502 4580 δέ
519 4527 595 4595 ἐστιν,
611 4530 669 4582 όταν
690 4529 871 4599 ἐγκαλούμενός
885 4548 919 4590 τις

134 4602 188 4671 περί
201 4621 266 4663 τινος
280 4599 436 4673 ἰγκλήματος
447 4604 562 4678 ὁμολογῇ
575 4607 658 4675 μέντδ
672 4607 805 4677 ἁμάρτημα
814 4612 919 4678 γεγενῆ-

134 4682 204 4744 σθαι,
225 4682 345 4753 μεταφίρῃ
372 4681 399 4735 δέ
418 4683 477 4736 αύτδ
497 4684 531 4747 είς
553 4684 642 4748 ἀλλον,
667 4685 799 4757 ἐλευθερῶν
822 4687 918 4752 ἐαυτὸν,

136 4762 218 4832 ὥσπερ
231 4761 273 4815 καί
290 4760 394 4815 ἐνταῦθα
404 4761 495 4834 εἰσάγει
509 4764 551 4818 τδν
567 4764 723 4836 Ἀνδροτίωνα
734 4765 867 4838 ἁμάρτημα
877 4768 920 4840 μέν

134 4843 282 4912 γεγενῆσθαι
293 4841 322 4895 τό
336 4837 369 4912 μὴ
382 4845 481 4909 ποιῆσαι
496 4844 538 4906 τάς
555 4845 658 4915 τριήρεις
672 4846 858 4916 ὁμολογοῦντα,
881 4868 921 4919 με·

135 4921 270 4990 ταρέροντα
280 4920 306 4974 δέ
317 4918 360 4987 τήν
371 4921 450 4974 αἰτίαν
466 4922 502 4976 ἐπ’
514 4924 592 4976 άλλον
604 4924 671 4989 τινὰ,
685 4924 765 4988 λέγων
777 4923 807 4991 δή
822 4926 864 4979 τὸν
878 4946 920 4978 τα·

137 4998 204 5067 μίαν,
219 4998 261 5051 τόν
277 5001 358 5070 ὥσπερ
369 4998 503 5068 ἀποδέκτην
517 5008 565 5054 τῶν
578 5003 713 5074 χρημάτων
726 5007 773 5054 τῶν
788 5002 920 5056 ἀναλισκο-

138 5077 216 5146 μένων
228 5081 280 5139 τοῖς
292 5082 497 5143 κατασκευάζουσι
508 5080 551 5143 τάς
563 5083 666 5154 τριήρεις
675 5122 682 5149 ,
691 5083 788 5152 φάσκων
801 5082 874 5137 αύτθν
885 5085 922 5136 δε·

139 5155 242 5224 ξάμενον
253 5156 283 5209 τὰ
295 5157 412 5229 χρήματα
422 5162 574 5230 πεφευγέναι.
587 5165 619 5214 A.

176 5233 264 5290 Ἀκούω
271 5238 308 5309 δὲ]
319 5236 619 5313 Ἀντίθεσιςδικαιολογικὴ
629 5239 806 5313 Ἀνδροτίωνος,
814 5243 884 5315 ώςέχ
885 5263 919 5298 ειν

997 2703 1062 2769 598,
1076 2706 1120 2763 κά.
1136 2701 1181 2752 Καί
1193 2701 1221 2753 τό
1235 2704 1337 2772 πρᾶγμα
1349 2700 1484 2771 ἀτύχημα]
1502 2687 1662 2755 Πάλινίτούτο
1673 2701 1688 2755 6
1701 2703 1745 2773 μή·

960 2795 1009 2847 τωρ
1023 2782 1053 2848 τῇ
1069 2777 1186 2831 ἀντιθέσει
1203 2780 1362 2849 προσέθηκεν,
1376 2780 1419 2829 ἵνα
1433 2778 1457 2840 ἐξ
1474 2778 1547 2832 αύτοῦ
1562 2779 1605 2846 τήν
1623 2780 1692 2832 λύσιν
1708 2779 1747 2851 ἐρ-

960 2859 1067 2927 γάσηται
1089 2859 1186 2929 λέγων·
1210 2858 1334 2930 ἠγνόησας
1354 2854 1397 2911 σύν
1417 2861 1455 2912 ὅτι
1472 2864 1594 2930 συμφορᾶς
1615 2860 1659 2913 οἰικ
1676 2859 1746 2926 εἰσίν,

960 2936 1027 2988 ἀλλά
1052 2939 1248 3008 κατορθωμάτων
1270 2938 1293 2991 οί
1318 2940 1441 3008 στέφανοι.
1464 2941 1586 2995 FLYTP.
1629 2939 1659 2992 ‘fl
1679 2941 1747 3005 λύσις

960 3016 1032 3083 ἠθική
1048 3018 1091 3088 μὲν
1105 3019 1138 3080 ιὀς
1152 3016 1177 3071 ἐν
1189 3018 1342 3089 χλευασμῷ,
1358 3019 1426 3072 ούδέν
1440 3020 1465 3072 δὲ
1477 3014 1551 3086 ήττον
1566 3022 1745 3092 μεταληπτική.

998 3176 1064 3243 598,
1080 3192 1124 3244 29.
1146 3174 1181 3227 05
1197 3196 1259 3247 φημι
1273 3177 1366 3230 δίκαιον
1390 3174 1471 3247 εἶναι]
1495 3177 1610 3247 Πειρᾶται
1624 3179 1746 3232 δεικνύναι

961 3252 1004 3304 τὀν
1019 3251 1141 3306 ἀντίδικον
1155 3254 1261 3325 λέγοντα
1275 3255 1341 3326 αύτῷ
1357 3254 1483 3309 τάναντία.
1521 3257 1647 3327 Συγκρίνει
1664 3256 1690 3311 δί
1703 3258 1748 3324 τήν

962 3351 988 3385 τε
1001 3331 1027 3384 ἔκ
1041 3338 1085 3385 τοῦ
1099 3334 1204 3405 νομίμου
1222 3335 1298 3387 πάλαι
1314 3336 1432 3405 ῥηθεῖσαν
1454 3335 1575 3391 ἀντίθεσιν
1590 3338 1632 3391 καί
1645 3340 1747 3405 ταύτην.

966 3409 1008 3462 Ἐν
1024 3412 1129 3484 μὲνγὰρ
1148 3413 1227 3485 ἐκείνη
1241 3414 1382 3484 προείρηται
1396 3414 1458 3468 κατὰ
1477 3417 1554 3486 νόμον
1570 3417 1748 3488 ἐστεφανῶσθαι

962 3488 1006 3556 τήν
1023 3490 1124 3560 βουλήν,
1141 3491 1165 3545 ἐν
1180 3494 1255 3563 ταύτῃ
1270 3492 1314 3558 δὲ,
1330 3494 1368 3546 ότι
1387 3495 1514 3563 προείλετο
1529 3495 1572 3566 μέν
1586 3501 1686 3563 ποιῆσαι
1704 3496 1747 3559 τὰς

962 3576 1028 3635 ναῦς,
1042 3570 1152 3638 ἐκωλύθη
1165 3571 1191 3624 δὲ
1204 3571 1349 3642 ἀποδράντος
1358 3576 1402 3625 τοῦ
1414 3579 1461 3626 τών
1473 3582 1633 3645 τριηροποιών
1648 3577 1745 3645 ταμίου.

962 3650 1071 3711 Εἰκότως
1086 3645 1130 3727 ρύν
1143 3651 1184 3713 τὰς
1206 3652 1357 3714 ἐναντιώσεις
1371 3652 1509 3722 ἐθήρευσεν.
1549 3655 1620 3707 Ἔστι
1639 3655 1665 3707 δέ
1679 3654 1750 3708 οἰιδέν

961 3723 1036 3794 ήττον
1048 3731 1090 3781 καὶ
1103 3735 1175 3784 τοῦτο
1190 3732 1305 3801 σόφισμα,
1326 3731 1355 3783 Τί
1373 3730 1420 3802 γὰρ
1432 3731 1520 3785 κωλύει
1532 3731 1574 3786 τδν
1592 3732 1752 3803 Ἀνδροτίωνα

964 3810 1023 3863 ποτέ
1038 3810 1080 3880 μὲν
1095 3811 1210 3864 δεικνύειν
1223 3812 1262 3863 ότι
1273 3810 1336 3864 κατά
1349 3812 1391 3865 τδν
1404 3813 1482 3882 νόμον
1496 3811 1596 3883 εἴληφεν
1614 3812 1649 3883 ἐφ’
1664 3813 1753 3884 ἑτέροις

962 3888 1006 3955 τήν
1019 3890 1121 3967 δωρεάν,
1135 3891 1176 3943 καί
1189 3891 1262 3944 πάλιν
1274 3892 1329 3962 περί
1340 3897 1388 3945 τῶν
1404 3892 1509 3963 τριήρων
1524 3893 1597 3960 ούσης
1610 3897 1653 3959 τῆς
1669 3897 1753 3965 μάχης

965 3972 1106 4041 μεθιστάναι
1117 3969 1161 4035 τήν
1176 3971 1255 4024 αἰτίαν
1269 3971 1308 4026 ἐπὶ
1321 3973 1363 4026 τδν
1377 3974 1482 4043 ταμίανς
1645 4024 1647 4027 ,

1000 4052 1062 4119 599,
1086 4056 1112 4105 6.
1137 4051 1215 4122 Χωρίς
1228 4052 1254 4105 δέ
1270 4053 1380 4123 τούτων]
1395 4053 1432 4123 Τῇ
1452 4052 1549 4105 ἐκύάσει
1569 4051 1637 4120 λέγει
1658 4051 1750 4115 πάλιν,

964 4132 1006 4179 καί
1021 4128 1136 4183 ἀνεκτέον
1153 4129 1196 4196 τὴν
1211 4130 1308 4183 ἔκύασιν
1322 4130 1355 4193 εἰς
1367 4132 1395 4183 εδ
1407 4133 1538 4201 συμφέρον.
1552 4131 1715 4183 FLRSTYP.

1004 4210 1065 4277 599,
1082 4213 1123 4271 τίς.
1140 4209 1234 4279 Πικρῶς
1247 4211 1288 4261 καί
1304 4210 1403 4280 άπλῶς]
1419 4210 1513 4278 Πικρῶς
1531 4208 1555 4261 ἐν
1571 4215 1605 4279 τῷ
1619 4208 1750 4271 κολάζειν,

967 4285 1050 4348 άπλῶς
1063 4287 1089 4340 δέ
1103 4287 1176 4359 ἐντῷ
1190 4289 1265 4358 χωρίς
1276 4290 1420 4359 κακουργίας
1429 4287 1535 4341 ἀκούειν.

1002 4366 1095 4436 Πικρῶς
1108 4367 1150 4437 μὲν
1168 4367 1223 4420 ἀντὶ
1239 4372 1282 4420 τοῦ
1294 4368 1408 4433 δικαίως,
1422 4368 1505 4427 άπλίυς
1519 4366 1545 4419 δέ
1567 4364 1622 4418 ἀντὶ
1634 4370 1678 4419 τοῦ
1688 4365 1752 4420 ἀπα·
1804 4406 1807 4413 .

966 4448 1124 4517 νουργεύτως.
1137 4454 1170 4500 Λ.

1002 4530 1064 4595 599,
1091 4544 1134 4595 ε9.
1160 4526 1217 4579 Ὅτι
1235 4527 1333 4598 τοίνυν]
1360 4527 1468 4598 Τετάρτῃ
1492 4526 1609 4595 κέχρηται
1628 4524 1697 4578 λύσει
1718 4528 1751 4597 τῇ

966 4610 1113 4677 περιτροπῇ,
1129 4606 1197 4660 υύδὲν
1223 4600 1297 4671 ήττον
1324 4606 1365 4658 καί
1389 4605 1451 4677 αὐτῇ
1471 4608 1646 4677 μιταστατικῇ.
1666 4607 1687 4659 F
1690 4607 1754 4660 Lus

1002 4767 1063 4834 599,
1085 4781 1129 4817 αα,
1145 4765 1180 4816 Tb
1194 4763 1220 4817 δὲ
1244 4763 1389 4816 «ἀνελοῦσα
1406 4762 1455 4834 γδιρ
1473 4762 1489 4829 ἦ
1508 4760 1584 4833 βουλή
1609 4764 1653 4816 τδν
1676 4765 1752 4833 νόμον

965 4848 1051 4897 τοῦτον
1067 4866 1078 4893 ν
1094 4843 1158 4895 ούτω
1176 4845 1342 4896 συντάσσεται.
1381 4843 1413 4896 Εἰ
1428 4844 1471 4914 μὲν
1486 4842 1519 4905 εἰς
1531 4845 1560 4897 τδ
1573 4848 1660 4898 τοῦτον
1677 4844 1754 4906 στίξο-

968 4942 1012 4993 μεν
1022 4950 1035 4987 ,’
1046 4921 1115 4974 ίσται
1129 4922 1143 4974 ό
1157 4926 1212 4984 νοῦς
1224 4928 1348 4986 τοιοῦτος,
1365 4920 1488 4992 ύπερύᾶσα
1500 4922 1548 4993 γάρ
1568 4922 1583 4990 ή
1599 4922 1676 4994 βουλὴ
1695 4928 1752 4976 τού·

968 5022 1009 5055 τον
1022 5002 1064 5055 τ’σν
1078 5003 1169 5073 νόμον,
1183 5003 1226 5055 τόν
1236 5002 1280 5054 ούκ
1291 5001 1368 5055 ἐῶντα
1380 5041 1387 5066 ,
1401 5001 1422 5055 εἰ
1434 5000 1467 5073 μὴ
1479 5004 1591 5071 γίνοιντο
1603 5003 1628 5055 αί
1638 5003 1752 5073 τριήρεις,

965 5084 1101 5154 τιμᾶσθαι,
1124 5082 1308 5152 ἐχειροτόνησεν
1332 5079 1424 5147 αύτὴν,
1451 5080 1506 5135 ἀντὶ
1525 5086 1570 5135 τοῦ
1587 5082 1753 5154 ἰστεφάνωσεν

967 5163 1065 5230 ἑαυτήν.
1107 5160 1167 5214 Ἐὰν
1181 5163 1208 5216 δί
1222 5162 1339 5232 στίξωμεν
1358 5162 1416 5232 ἀχρι
1427 5166 1469 5215 τοῦ
1484 5161 1526 5215 τόν
1537 5164 1629 5234 νόμον,
1641 5166 1753 5217 τοιοῦτόν

968 5244 1035 5310 ἐστι,
1045 5243 1250 5314 καταφρονήσασα
1259 5242 1275 5310 η
1284 5240 1360 5313 βουλὴ
1373 5248 1416 5296 τοῦ
1426 5245 1503 5315 νόμου
1513 5244 1655 5307 κελεύοντος
1665 5246 1755 5317 γνώμη
