3967 5967
793 461 1003 531 xxthTA
1025 461 1196 524 memor.
1734 481 1787 530 661

196 593 259 663 γίας.
296 591 421 664 Φαμίνδέ
434 590 605 663 καθήμτῖςδτι
619 590 725 663 ἀσελγὴς
741 591 866 659 λίγεταιό
882 590 916 664 μὴ
929 611 971 663 με·
1017 593 1314 663 καταρρονήσανταίνικα
1328 601 1376 649 τῶν
1390 595 1498 650 δικαίων·
1516 596 1634 667 όρορᾶται
1647 597 1673 650 δὲ
1691 598 1794 660 τουςδι·

196 673 274 742 τάχιον
290 672 351 743 μήτε
365 672 517 740 δικαιοσύνης
538 672 599 743 μήτε
621 671 714 744 ἀρετῆς.
759 673 839 744 Σέλγη
857 674 905 745 γάρ
923 670 974 725 ἐστι
1017 669 1642 745 καοτάςμὴχρήμασιπεισθίντεςκαταχαρίσωνται
1655 675 1697 729 τὸν
1711 675 1795 746 ἀγῶνα

196 750 241 819 μία
251 750 321 812 πόλις
334 753 377 817 τῆς
396 749 553 821 Παμφυλίας,
569 749 595 804 ίν
615 745 731 822 ήπάνης
749 752 838 805 δίκαιοι
851 748 912 819 ήσαν
933 752 975 805 καί
1018 749 1161 820 τῷΜειδίᾳ.
1199 749 1241 818 Μή
1255 741 1335 824 λίγίον
1346 747 1389 806 οθν
1403 754 1641 825 ρανιρῶςθεραπεθεε
1652 755 1681 807 τὸ
1690 754 1793 810 λυποῦν.

195 827 282 898 ἀρετῆς
304 828 445 901 ἀνάμιστοι.
500 825 615 898 ’λοελγής
637 823 715 881 οθνό
742 828 776 901 μή
801 830 910 901 μετίχων
932 834 975 896 τῆς
1018 826 1199 900 Είδίόδῆμος
1213 830 1394 902 οθπροσήκατο
1410 833 1452 896 τὸς
1462 833 1620 903 θετοσχίσεις,
1637 833 1689 886 οὗθ’
1703 834 1736 896 τίς
1752 836 1794 888 τὸν

196 908 299 979 Σίλγης.
1018 908 1124 963 πλοῦτον
1138 909 1288 980 ἀπέδλοθεν,
1306 911 1362 966 οθδθ
1382 913 1562 982 ταῖςρανεραῖς
1574 910 1737 981 ίιιτοιτχίιτεοινΙ
1751 910 1796 978 ἧτ·

232 990 293 1052 514,
309 992 336 1051 4.
358 985 427 1057 Ἐγὼ
448 985 481 1049 δ’,
502 984 561 1056 ὅπερ
582 986 612 1037 ἀν
634 985 676 1038 καί
692 985 760 1056 θμῶν
783 986 900 1057 ἕκαστος]
922 983 976 1038 Ἐν·
1018 987 1090 1055 τήθη,
1104 989 1174 1061 πόσῳ
1188 988 1286 1061 μᾶλλον
1295 990 1366 1060 θμεῖς
1376 990 1386 1061 4
1393 988 1447 1061 οθκ]
1457 989 1566 1060 ὀφείλετε
1579 989 1654 1059 κρθρα
1665 993 1797 1062 γεγενημέ-

196 1067 278 1120 τεθθεν
293 1066 429 1136 τὸπρῶτον
447 1066 517 1136 μέρος
532 1067 576 1117 τοθ
592 1065 702 1135 δευτίρου
715 1066 799 1136 μίρους
821 1068 863 1131 τῆς
883 1067 973 1136 προτά-
1018 1085 1083 1132 ναις;
1096 1067 1197 1131 τίνεςδέ
1214 1064 1276 1135 ήσαν
1296 1068 1322 1121 αί
1336 1067 1704 1139 πρὸςτὸνδῆμουῦποσχίσειςς
1725 1068 1797 1140 ἡμεῖς

197 1165 265 1208 οεως.
307 1143 595 1210 Ἐπειδήδέδιαόάλλων
609 1143 642 1207 τίς
657 1145 785 1212 δεινότητα
798 1143 871 1197 αθτὸν
887 1144 973 1198 όΜει-
1019 1144 1172 1218 εἰσοίσομεν,
1194 1146 1386 1219 χορηγήοομεν,
1415 1148 1638 1218 τριηραρχήσομεν.
1689 1147 1746 1202 Ὅτι
1768 1148 1795 1201 δέ

196 1225 248 1287 δίας
261 1223 441 1296 ίλτγεν,οθδέν
453 1224 555 1277 πέπονθε
568 1222 663 1289 δεινὸν,
679 1222 745 1276 ἀλλά
754 1226 785 1295 τῇ
799 1224 874 1296 τίχνη
882 1229 974 1295 θαρρῶν
1017 1224 1148 1295 ήευδεῖςαί
1167 1225 1323 1297 θποσχίσιις,
1343 1229 1436 1298 προϊών
1450 1245 1522 1297 ρηοιν
1547 1224 1616 1297 ιέμθ
1633 1222 1714 1281 οίεσθε
1735 1228 1795 1300 ὸμῖν

197 1301 288 1374 ἐπαίρει
309 1303 340 1355 τὸ
359 1304 492 1375 πράγματα
511 1302 553 1355 καί
571 1302 602 1355 τὸ
623 1300 697 1373 μικρά
714 1300 811 1373 μεγάλα
832 1303 912 1366 ποιεῖ,
934 1301 974 1354 διὰ
1021 1301 1177 1368 ιείσοίσειν,
1191 1303 1254 1375 θμσῖς
1269 1303 1295 1356 δέ
1307 1306 1467 1375 νεμεῖσθαι.»

197 1387 270 1436 τοῦτο
283 1383 409 1439 ἐπιείκειαν
422 1382 463 1435 καί
477 1383 622 1453 μετριότητα
630 1381 782 1452 θνοοαρίνεται
793 1379 891 1451 λόγων,
906 1383 921 1433 ὸ
934 1380 975 1434 καθ
1055 1380 1115 1447 515,
1131 1398 1158 1435 2.
1180 1381 1253 1436 Ἆλλθι
1269 1386 1312 1453 μιᾷ
1329 1385 1436 1457 γνώμη]
1448 1383 1535 1446 Οθδεὶς
1550 1384 1667 1454 διεσφάλη
1683 1389 1727 1438 τοῦ
1743 1388 1796 1457 πρό·

197 1461 265 1532 θμῶν
289 1463 390 1524 ἕκαστος
407 1463 436 1514 ἀν
456 1459 568 1528 ἐποίησεν
593 1460 727 1531 θόρισθείς,
749 1463 821 1513 τοῦτο
841 1458 912 1531 κάγὼ
932 1464 974 1512 νῦν
1017 1477 1105 1522 ποντος
1110 1499 1118 1524 ,
1132 1460 1209 1523 οὐδεὶς
1218 1459 1325 1532 ἠγνόησε
1339 1462 1371 1517 τὸ
1378 1461 1449 1523 εἰκός·
1461 1464 1517 1516 τότε
1528 1467 1623 1532 πρῶτον
1634 1461 1649 1515 ὸ
1660 1465 1706 1525 πᾶς
1719 1465 1797 1534 δῆμος

198 1540 314 1609 ἐποίησα,
329 1541 344 1594 ό
358 1542 517 1614 νομιζόμενος
530 1539 619 1611 ῥήτωρ.
1019 1542 1074 1609 μιᾶς
1091 1537 1188 1610 ἐγίνετο
1209 1542 1326 1611 γνώμης,
1350 1542 1383 1594 ἵν’
1413 1542 1513 1601 ἕκαστος
1534 1542 1726 1613 καταήηρίσηται
1750 1551 1795 1598 τοῦ

234 1620 295 1684 514,
314 1621 339 1675 5.
353 1621 431 1674 Τοθτο
442 1620 483 1674 καί
495 1619 565 1682 αθτὸς
574 1618 692 1689 ἐποίησα]
709 1616 821 1671 Ἐκεῖνον
836 1616 878 1687 μίν
888 1636 973 1688 τυραν-
1018 1615 1135 1682 Μειδίου,
1151 1618 1309 1690 ροόοθμενος,
1322 1618 1540 1690 ήαίσχυνοθμενος
1552 1618 1668 1674 τάναντία
1681 1623 1733 1684 τοῖς
1750 1624 1795 1675 ἀλ-

199 1697 282 1762 νικὸν,
305 1698 389 1753 ἑαυτὸν
403 1699 431 1753 δέ
443 1699 476 1761 ὥς
491 1698 536 1751 ἕνα
552 1702 599 1751 τῶν
613 1695 712 1751 πολλῶν
729 1695 830 1764 (ἀξιον)
841 1693 974 1749 ἐπιδιοινθ-
1019 1692 1072 1756 λοις
1085 1701 1187 1766 γνῶναι.

199 1795 279 1847 μινυς.
1053 1772 1149 1826 Πολλοί
1162 1792 1203 1844 μοι
1219 1776 1374 1845 προσιόντες,
1389 1770 1505 1845 ὦάνδρες
1522 1775 1651 1846 δικασταὶ]
1671 1773 1796 1829 λαίθανον

235 1856 297 1921 514,
315 1862 356 1910 16.
381 1856 428 1908 Καὶ
447 1853 621 1926 προθόαλόμην
642 1850 734 1907 ἀδικεῖν
751 1851 847 1906 τουτονί
865 1852 919 1922 περὶ
930 1851 974 1918 τήν
1019 1848 1085 1913 ίδοξε
1097 1851 1125 1904 τὸ
1139 1853 1219 1923 νόημα
1240 1855 1278 1908 ότι
1292 1854 1336 1907 καί
1348 1854 1372 1907 οί
1389 1854 1501 1908 δικασταί
1518 1854 1687 1926 παρωξύνοντο
1705 1849 1738 1919 είς
1750 1857 1795 1924 τὴν

199 1932 301 2003 ἑορτήν]
319 1932 382 1988 Ἀντὸ
391 1938 434 1988 τοῦ
446 1933 588 2005 ιίοήγαγον.
627 1930 723 1993 Ἔδειξε
740 1930 900 1986 δέἐκτοθτου
911 1932 976 1994 τίνος
1020 1930 1220 2001 κατηγορίαν,,εί
1235 1931 1273 2002 μή
1291 1932 1422 2004 προλαόὼν
1441 1933 1509 1996 τθθὸς
1529 1934 1554 1987 ἐν
1567 1933 1633 2005 ἀρχῇ
1651 1935 1743 1999 πάντας
1762 1932 1792 2003 ήν

199 2014 274 2081 κρίνει
287 2012 329 2066 τὸν
342 2014 454 2067 Μειδίαν.
492 2013 527 2067 Οθ
538 2011 587 2083 γάρ
598 2009 667 2065 εἶπεν
686 2009 800 2076 ἀσεόεῖν,
814 2010 871 2064 ἀλλ’
883 2010 975 2066 ἀδικεῖν
1018 2007 1094 2070 &stu
1105 2009 1268 2080 ὖθρῑῦμόθθυςο
1722 2072 1725 2073 ⁷

199 2089 417 2163 περίτὸνίορτήν.
453 2091 568 2146 Τοῦτοδθ
582 2092 711 2162 δημόσιον.
725 2088 840 2159 Προδολή
852 2092 900 2161 γάρ
910 2091 974 2146 ἐστιν
1055 2089 1116 2154 515,
1132 2107 1158 2158 7.
1176 2088 1219 2153 Ὧς
1240 2090 1283 2162 μὲν
1303 2088 1359 2162 ἐμοὶ
1377 2091 1461 2164 δοκεῖ]
1479 2089 1610 2146 Ἐντεῦθεν
1628 2091 1645 2159 ἢ
1660 2093 1796 2167 κατασκεαὸ

199 2170 279 2241 ὄνομα
291 2171 358 2238 δίκης
370 2170 432 2224 κατὰ
445 2176 493 2225 τῶν
506 2169 561 2241 περὶ
574 2166 618 2235 τὴν
632 2166 718 2239 θυρτὴν
729 2166 887 2225 άδσιοθντιυν.
1019 2171 1061 2221 τοθ
1074 2169 1184 2241 δευτέρου
1199 2170 1283 2241 μόρους
1295 2174 1338 2238 τῆς
1352 2172 1498 2241 προτάσεως.
1536 2172 1571 2224 To
1584 2170 1702 2225 ἀπίθανον
1717 2174 1743 2227 δέ
1753 2178 1797 2240 τῆς

235 2251 296 2313 514,
312 2267 339 2319 7.
360 2249 396 2303 Οθ
414 2250 490 2321 μόνον
513 2248 623 2319 πληγάς]
640 2245 765 2300 Ἐντεθθίν
784 2245 848 2300 ἐστιν
864 2245 881 2314 ή
900 2267 975 2301 κατα·
1018 2247 1156 2316 προτάσεως
1165 2251 1231 2321 θραιρ
1244 2249 1355 2314 ὸιέλυσε,
1369 2250 1410 2302 καθ
1419 2250 1463 2303 ἵνα
1479 2249 1512 2320 μή
1526 2270 1588 2303 τισιν
1601 2249 1711 2323 ἐπίορκος
1718 2253 1794 2326 δόξῃ,

198 2327 271 2396 σκευή
284 2334 328 2382 τοθ
340 2331 437 2401 πριθτου
447 2331 532 2402 μόρους
543 2332 587 2395 τῆς
596 2327 742 2398 προτάσεως.
763 2326 807 2379 Διὰ
817 2325 860 2397 μίν
871 2327 920 2399 γάρ
933 2335 978 2383 τοῦ
1019 2326 1048 2379 τὸ
1062 2327 1224 2398 στοχαστικὸν
1235 2329 1391 2400 προσίθηκεν.

198 2408 279 2480 λέγειν
295 2431 305 2459 ι
324 2412 376 2471 τοῖς
387 2410 519 2471 Διονυσίοις
536 2409 672 2461 »συνάπτει
687 2407 715 2460 τὸ
727 2407 857 2477 δημόσιον.
888 2408 934 2460 Καί
947 2409 976 2463 τὸ
1057 2404 1118 2471 515,
1134 2424 1176 2463 10.
1191 2407 1236 2461 Ὃν
1251 2407 1349 2463 ἐπὶτῶν
1364 2407 1450 2459 ἀλλων
1464 2405 1607 2480 ίτεθίσντο]
1623 2407 1740 2481 λντικρθς
1757 2410 1797 2463 διά

201 2510 212 2536 ι
231 2489 297 2558 βίαια
307 2487 333 2541 δὲ
343 2489 427 2542 παθὼν
439 2487 504 2559 παρὸ
516 2488 596 2543 πᾶσαν
607 2483 652 2552 τήν
665 2485 786 2556 χορηγίαν
801 2485 899 2548 νοθτως
911 2486 975 2559 ἔχει.
1019 2485 1112 2538 τούτων
1128 2485 1258 2539 αἰνίττεται
1272 2485 1315 2539 τὸν
1328 2487 1456 2558 τθραννον.
1493 2484 1526 2539 Εἰ
1539 2486 1587 2558 γὰρ
1608 2486 1633 2541 ἐν
1646 2488 1798 2559 δημοκρατίᾳ

198 2566 321 2634 Σκνῆπται
336 2566 384 2638 γάρ
400 2566 474 2620 πάλιν
486 2564 663 2637 ἀμφότερακαὶ
679 2564 708 2617 τὸ
726 2562 788 2618 ίδιον
803 2565 845 2619 καὶ
859 2563 888 2618 τὸ
898 2567 976 2637 δημό·
1019 2562 1123 2625 ζῶνσθκ
1138 2563 1191 2618 ἔστι
1209 2565 1340 2629 καθεκτὸς,
1359 2566 1384 2618 τί
1397 2564 1461 2617 ἀλλο
1480 2564 1496 2630 ἢ
1512 2565 1626 2635 τθρσννος
1642 2566 1656 2618 ό
1673 2571 1795 2630 τοιοῦτος;

199 2664 263 2701 σιον.
309 2645 389 2707 Δόξιιε
402 2647 424 2697 δ’
439 2646 469 2698 ἀν
482 2644 515 2706 ὡς
532 2642 634 2697 ἔλαττον
650 2641 788 2711 προτιθίναι
805 2640 834 2694 τὸ
849 2647 898 2695 τῶν
912 2644 975 2711 πλη·
1020 2642 1131 2713 προσθεὶς
1144 2644 1211 2699 δὲτὸ
1224 2643 1345 2697 ίδιωτικὸν
1359 2649 1394 2715 τῷ
1407 2644 1461 2695 καθ’
1473 2641 1559 2697 ἑαυτὸν
1573 2645 1612 2698 ότι
1623 2646 1690 2698 δεινὰ
1709 2648 1797 2700 πέπον-

199 2729 260 2792 γῶν.
272 2723 346 2792 Ἔχει
358 2722 385 2776 δὲ
395 2721 442 2792 οθχ
453 2722 537 2785 οθτως,
549 2720 615 2773 ἀλλὰ
627 2719 667 2771 διθι
675 2723 718 2786 της
726 2719 837 2787 τοιαθτης
848 2721 978 2784 συνθίσεως
1021 2722 1072 2785 θεν,
1087 2719 1196 2791 ἐπήγαγε
1210 2721 1238 2774 τὸ
1249 2722 1382 2794 δημόσιον,
1397 2722 1435 2774 ότι
1447 2721 1488 2774 καί
1498 2721 1556 2793 θπλρ
1569 2729 1617 2775 τῶν
1628 2724 1712 2777 ἄλλων
1727 2722 1799 2791 ήόοθ-

198 2801 343 2855 ἀντιπῖπτον
357 2800 515 2872 θπυτίμντται
535 2799 577 2852 καί
593 2796 693 2869 προλθει
715 2796 744 2850 τὸ
758 2798 975 2869 συγγνωμονικόν,
1020 2799 1091 2852 λεσθε
1105 2799 1173 2867 δίκην
1189 2799 1284 2854 λαθεῖν.

199 2883 238 2935 δτι
251 2881 282 2934 δι’
294 2879 370 2953 ἀργὴν
383 2879 485 2947 ἐπληξα.
520 2877 610 2949 Εέγθιρ
625 2874 896 2930 καίάλλαπυλλάκαθ
911 2878 977 2948 βίαια
1057 2877 1117 2943 515,
1136 2876 1259 2932 11.ί)θτω
1272 2877 1299 2931 δέ
1311 2877 1403 2931 τούτων
1415 2876 1709 2959 ἐχόντωνήθίρδεθτερον
1724 2885 1797 2933 τοῦτο

119 3002 122 3013 .
200 2961 242 3014 καί
256 2960 303 3031 πρὸ
319 2964 360 3027 τῆς
373 2959 458 3030 ίορτῆς
470 2957 585 3025 πεποίηκε
600 2954 723 3027 πρόδηλον
735 2955 774 3008 ότι
793 2953 822 3007 οδ
837 2956 869 3006 δι’
883 2955 975 3028 ἀργήν,
1022 2957 1167 3028 προοίμιον,
1189 2957 1223 3017 ῶς
1245 2974 1307 3018 τινες
1329 2955 1462 3028 ᾠήθησαν,
1480 2954 1546 3009 ἀλλά
1564 2957 1723 3028 συμπέρασμα
1747 2963 1796 3012 τιῖιν

200 3039 258 3091 ἀλλ’
268 3039 295 3093 ἐκ
309 3038 431 3110 προνοίας,
1021 3036 1138 3106 κειμένων
1156 3032 1181 3087 ἐν
1198 3036 1331 3106 τῷπριότῳ
1343 3036 1410 3106 μίρει
1425 3038 1467 3088 τοῦ
1481 3035 1619 3106 προοιμίου.
1636 3035 1794 3094 BFRSTCV,

235 3120 296 3183 514,
311 3138 337 3188 9.
353 3114 452 3184 Ἐπειδὴ
466 3115 583 3178 δίκαλῶς
600 3113 642 3168 καί
659 3114 689 3169 τὸ
703 3116 791 3169 δίκαια
804 3118 895 3189 ποιῶν]
920 3115 977 3170 Ἐν.
1020 3113 1107 3165 Τοίνυν
1118 3111 1227 3167 ἐντεθθέν
1240 3110 1330 3166 ἐστιτὸ
1348 3112 1507 3182 συμπέρασμα
1520 3116 1566 3165 τοῖν
1580 3113 1724 3183 προοιμίου,
1741 3109 1798 3185 ἐνῷ

198 3200 282 3252 τεῦθον
292 3198 322 3251 τὸ
340 3198 451 3269 δεότερσν
470 3200 515 3250 τοῦ
536 3196 646 3266 δευτίρου
668 3196 754 3267 μόρους
766 3196 809 3262 τῆς
829 3197 976 3266 προτάσεως.
1021 3190 1072 3245 ἐστι
1087 3191 1129 3244 καί
1144 3189 1161 3259 ἡ
1175 3190 1298 3262 προσοχή.
1345 3189 1419 3261 Ἐχει
1432 3189 1458 3243 δέ
1480 3194 1628 3257 κατασκευῆς
1644 3191 1747 3262 δύναμιν
1769 3194 1798 3245 τὸ

198 3278 294 3349 Σχεδὸν
318 3277 345 3331 δέ
365 3279 447 3348 ὥσπερ
464 3274 597 3328 ἀσόοτατον
621 3273 663 3328 καί
690 3277 814 3346 μονομερή
839 3274 882 3329 τὸν
898 3274 976 3339 λόγον
1021 3269 1160 3323 τελευταῖον
1175 3273 1245 3340 μέρος
1264 3271 1307 3323 τοῖν
1320 3269 1458 3340 προοιμίου.
1506 3269 1554 3322 Δθο
1571 3270 1618 3340 γάρ
1638 3268 1697 3323 τίσιν
1716 3270 1742 3325 ἔν
1763 3275 1799 3342 τῷ

199 3357 369 3430 ἀπεργάζεται.
380 3355 470 3427 Είγθιρ
480 3352 876 3426 ρθάνιιπροκατιγνωσμένοςθπὸ
889 3356 977 3418 παντὸς
1021 3348 1091 3420 λόγῳ
1106 3347 1316 3420 προκατασκευαί,
1334 3347 1378 3418 μία
1396 3346 1439 3418 μὲν
1458 3348 1521 3400 ὥστε
1537 3346 1569 3418 μὴ
1585 3346 1706 3401 ίδιωτικὸν
1727 3368 1797 3420 νομι-

198 3440 243 3489 τοῖι
257 3435 351 3506 δήμου,
365 3432 487 3504 πρόδηλον
501 3433 540 3486 δτι
552 3430 666 3501 οθδεμίαν
683 3429 737 3501 ἔχει
750 3429 896 3502 ἀπολογίαν.
934 3433 980 3486 Δεῖ
1021 3429 1108 3494 σθῆναι
1121 3427 1164 3481 τὸν
1174 3426 1275 3499 ἀγῶνα,
1296 3428 1326 3494 ήν
1341 3426 1381 3479 διά
1400 3429 1448 3493 τῆς
1462 3424 1625 3497 ἀναγνώσεως
1642 3432 1691 3481 τῶν
1714 3431 1797 3498 νόμων

198 3513 225 3567 δέ
236 3514 278 3568 τὸν
290 3514 443 3583 κατήγορον,
457 3511 503 3563 κθν
515 3506 549 3581 μή
565 3507 643 3571 οθτως
661 3507 710 3582 ίχη
721 3506 752 3562 τὸ
767 3510 912 3581 πράγματα,
929 3531 978 3567 πει.
1020 3506 1208 3572 κατεσκεθασιν,
1222 3505 1290 3577 ἒτίρα
1302 3504 1329 3558 δέ
1341 3507 1405 3559 ῶστι
1418 3504 1456 3576 μὴ
1465 3506 1604 3567 πεισθίντας
1621 3504 1677 3569 τοθς
1684 3506 1798 3571 δικαστάς

199 3594 286 3662 ρεῖοθαι
298 3593 421 3662 μονομερῆ
433 3589 476 3642 τὸν
490 3587 567 3659 λόγον
576 3588 724 3653 ποιεῖν,ίνα
733 3587 757 3642 σί
773 3590 977 3664 δικασταίθιςθφ’
1020 3585 1151 3655 προδοῦναι
1162 3584 1205 3638 τὸν
1219 3583 1312 3654 ἀγῶνα.
1349 3582 1508 3654 Τοθτωνγάρ
1522 3582 1639 3653 ὁπότερον
1654 3586 1683 3637 ἐν
1696 3586 1796 3657 συμόῇ,

199 3670 406 3742 όμολογουμένοις
420 3667 641 3739 κατσήηρίσωνται.
1021 3660 1118 3733 οἴχεται
1131 3661 1161 3716 τθι
1170 3666 1213 3728 τής
1228 3661 1374 3732 κατηγορίας
1390 3667 1425 3733 τῷ
1438 3660 1541 3732 ῥήτορι,
1558 3663 1600 3715 καὶ
1610 3662 1650 3715 διὸ
1661 3667 1734 3718 τοῦτο
1749 3685 1795 3736 μα·

235 3750 297 3813 514,
315 3766 357 3804 1ο.
376 3746 405 3800 '0
423 3747 501 3817 δῆμος
521 3746 596 3814 άπας]
614 3744 750 3799 Κάνταῦθα
768 3746 842 3801 πάλιν
856 3746 976 3803 ἀντίθεσιν
1020 3742 1134 3812 πρότερον
1147 3742 1220 3795 δοκεῖ
1228 3740 1568 3812 γεγενήσθαιτὸπροοίμιον,
1580 3742 1644 3795 ὥστε
1657 3738 1702 3807 τὸν
1716 3741 1797 3796 ἐπιθο-

198 3828 356 3901 τιρολίλυκεν.
393 3825 516 3897 Φησὸγθρ
528 3824 543 3878 ό
554 3825 654 3887 Μειδίας
665 3826 711 3898 (ρ,
726 3826 787 3897 577,
800 3828 834 3896 4)
844 3828 882 3880 ότι
893 3817 978 3898 χὀρεο.
1021 3820 1077 3890 μίαν
1092 3818 1135 3886 τήν
1150 3820 1212 3874 κατά
1221 3820 1252 3873 τδι
1262 3819 1378 3891 χρήματα
1393 3826 1442 3873 τῶν
1455 3821 1576 3874 δικαστῶν
1588 3819 1688 3883 ἐξελεῖν.

198 3908 290 3962 τοῖικαθ
301 3907 362 3970 ξίνοι
375 3907 416 3959 καί
427 3904 533 3958 τοιοῦτοί
548 3922 609 3966 τινες
623 3907 867 3975 κατεχειροτόνησαν.
909 3904 977 3961 Ὅὸὸ
1056 3903 1117 3969 515,
1133 3921 1174 3958 12.
1187 3903 1257 3958 Ὅσα
1271 3903 1314 3977 μίν
1327 3898 1388 3977 σὸν]
1402 3907 1526 3959 τουτέστιν
1539 3905 1651 3971 ἐπείσθην
1664 3904 1732 3978 όμῖν.
1752 3906 1797 3958 ίίαὶ

198 3990 329 4060 προλαόιόν
339 4005 411 4059 φησιν
426 3985 580 4056 ότιόδῆμος
591 3984 719 4048 όπας,καὶ
733 3983 976 4055 δείκνυσινοθμόνον
1020 3991 1164 4055 κατηγορῶν
1183 3984 1264 4038 πάντα
1284 3984 1354 4046 δείξω
1376 3986 1542 4055 τετηρημίνα,
1558 3984 1586 4037 οθ
1601 3983 1729 4054 προῦδωκα
1751 3982 1797 4050 τήν

198 4069 241 4122 τὸν
253 4071 348 4139 δῆμον,
364 4063 430 4118 ἀλλά
443 4063 550 4126 καθτοὸς
566 4062 680 4126 δικαστὰς
695 4062 769 4117 αθτοθ
782 4064 974 4134 κατεγνωκότας.
1020 4063 1168 4133 κατηγορίαν
1181 4061 1212 4114 δι’
1225 4062 1302 4132 όμᾶς,
1318 4061 1374 4115 οθδέ
1386 4062 1510 4133 χρήμασιν
1527 4060 1649 4128 ἐπείσθην.
1688 4059 1729 4126 Μή
1749 4064 1798 4116 τοί-

199 4147 230 4200 El
243 4148 290 4219 γάρ
312 4146 381 4218 μέρος
396 4145 420 4198 οἱ
436 4143 547 4198 δικασταί
559 4147 603 4197 τοθ
624 4142 720 4214 δήμου,
740 4141 863 4213 πρόδηλον
882 4143 920 4196 ότι
931 4143 976 4197 κά·
1021 4160 1062 4193 νυν
1075 4140 1132 4212 μηδ’
1146 4139 1224 4211 θμεῖς.
1262 4138 1309 4192 Καὶ
1325 4140 1353 4193 τὸ
1366 4140 1408 4211 μέν
1420 4139 1556 4195 ἀκόλουθον
1568 4144 1641 4193 τοῦτο
1654 4135 1694 4205 ήν.
1730 4138 1760 4193 Ὁ
1770 4142 1797 4196 δέ

199 4232 276 4281 κεῖνοι
290 4226 501 4297 ουγκατίγνωοαν.
1020 4219 1187 4286 ἀειεοιιῖκτησεν
1206 4218 1265 4289 θπέρ
1282 4222 1326 4272 τοθ
1344 4218 1377 4291 μὴ
1390 4220 1519 4290 προδήλως
1538 4218 1674 4288 ίξελίγχειν
1688 4218 1744 4281 τοὸς
1764 4221 1799 4272 δι-

236 4308 297 4369 5142
316 4321 358 4359 11.
373 4297 977 4374 Κθθῡθθθθαίίίθαθθξθθθῐῑῖθωθίθθῑθθῆμος
1020 4301 1118 4361 καστάς.
1156 4296 1569 4369 Φιλονεικοτέρουςγὸρθναθτοθς
1582 4297 1738 4362 κατίστηαεν.

202 4406 214 4432 ι
230 4383 271 4435 καί
284 4384 375 4453 σφόδρα
389 4402 400 4430 ν
417 4380 469 4450 μετ’
484 4380 614 4440 ἐπιτάσεως
623 4377 692 4442 εἷπε,
708 4378 801 4431 καθότι
816 4376 844 4430 οὗ
856 4378 976 4447 δεινότητι
1055 4380 1116 4443 515,
1132 4381 1171 4441 14.
1189 4376 1289 4442 Ἐτειδή
1300 4395 1335 4438 τις
1349 4375 1456 4447 εἰσάγει]
1470 4375 1540 4429 Μιτά
1550 4376 1597 4447 γάρ
1610 4375 1639 4429 τὸ
1652 4374 1797 4447 ἀποκληρω-

200 4467 231 4536 τή
246 4460 293 4533 ἐμῇ
305 4459 452 4530 ταραχθείς,
466 4483 478 4504 ι
492 4458 527 4528 ἐρ’
538 4456 575 4519 οίς
590 4455 729 4529 ἠδικημένῳ
741 4476 791 4527 μοι.
810 4479 820 4505 ι
1020 4462 1091 4525 θῆναι
1103 4458 1132 4511 τὸ
1145 4457 1298 4527 δικαστήριον
1308 4454 1415 4510 ἐδίδοντο
1427 4460 1478 4519 τοῖς
1494 4458 1647 4528 θεσμοθέταις
1658 4457 1683 4509 αί
1696 4459 1796 4528 γραφαί,

235 4541 296 4603 514,
314 4554 354 4591 12.
367 4536 444 4588 Ὥστε
452 4537 531 4588 πάντα
538 4538 663 4596 ποιοθντος
676 4535 778 4605 τούτου]
787 4535 883 4605 Σφόδρα
895 4536 977 4605 βιαίως
1020 4537 1127 4591 κάκεῖνοι
1140 4533 1242 4606 ἠρώτων
1256 4533 1359 4598 λοιπὸν,
1375 4535 1458 4605 βοθλει
1469 4536 1632 4606 κατηγορεῖν;
1647 4534 1663 4600 ἢ
1678 4536 1798 4606 μάρτυρας

198 4618 227 4672 οθ
247 4620 322 4690 μόνον
335 4614 449 4675 δικαστὰς
460 4614 501 4665 καί
512 4614 608 4682 δῆμον,
619 4611 685 4663 ἀλλά
698 4612 739 4665 καί
752 4612 825 4666 αὺτὸν
840 4613 925 4671 ίαυτοθ
936 4634 977 4667 κα·
1020 4615 1085 4685 ίχιις
1097 4613 1130 4676 είς
1138 4613 1181 4675 τάς
1192 4612 1322 4676 ἀποδείξεις
1336 4613 1460 4685 ίτοίμυυς;
1476 4613 1517 4666 καί
1528 4612 1549 4666 εί
1560 4614 1706 4683 συνέφησεν,
1721 4613 1798 4676 οὕτως

198 4698 339 4771 τεγνωκότα
354 4695 494 4760 πεποίηκεν.
543 4690 573 4743 Εί
589 4690 690 4761 γάρκαθ
710 4691 826 4756 ίκίτευεν,
851 4693 975 4763 πρόδηλον
1021 4695 1066 4762 ήδη
1079 4692 1167 4747 λοιπὸν
1181 4692 1302 4765 είοήγετο.
1340 4685 1482 4747 Τοῦτ’όέστι
1499 4693 1528 4746 τὸ
1544 4691 1627 4758 ἐπειδή
1641 4710 1676 4755 τις
1693 4691 1794 4765 είοάγει.

197 4777 237 4829 ότι
247 4776 399 4845 ιατίγνωκεν
410 4770 506 4823 ἐαυτοθ.
529 4767 565 4820 Τὸ
579 4767 625 4838 γάρ
634 4767 748 4821 ίκιτεθειν
759 4774 808 4821 τῶν
818 4768 974 4826 ἑαλωκότων.
1021 4773 1148 4844 Ἄρχοντες
1159 4770 1186 4824 δέ
1207 4766 1268 4837 ήσαν
1288 4771 1312 4824 οί
1326 4769 1351 4825 ἐν
1375 4771 1468 4843 ἑκάστῳ
1486 4771 1634 4841 δικαστηρίῳ
1651 4770 1694 4833 τάς
1709 4774 1797 4843 κρίσιες

233 4855 279 4907 Καί
288 4873 361 4908 τινων
378 4851 462 4904 ἀλλων
474 4848 531 4919 θπέρ
545 4847 634 4918 αὐτοῦ]
650 4846 830 4917 Προδιαόάλλιι
843 4850 898 4911 τοθς
918 4851 976 4920 μάρ-
1019 4851 1164 4921 τέοιίγοντες.
1214 4848 1347 4920 Εἰσαγωγὴ
1365 4851 1411 4920 γάρ
1433 4848 1497 4903 ἐστιν
1522 4848 1645 4916 Ἀθήνησιν
1664 4847 1729 4922 ἀρχὴ
1748 4856 1796 4904 τῶν

196 4936 318 5004 τυραςτοθ
327 4931 428 4985 Μειδίου
438 4929 471 4990 ίος
479 4925 521 4980 καί
530 4925 615 4988 αὗτοὸς
626 4928 864 4996 συγκατεγνωκότας.
877 4929 974 4998 Προϊὼν
1019 4929 1050 4984 τά
1063 4929 1207 5000 ἐγκλήματα
1221 4926 1379 4999 εἰσαγόντων.

197 5015 244 5084 γάρ
255 5032 342 5083 φησιν,
359 5009 519 5080 «Εὐκτήμων
534 5005 548 5060 ό
562 5006 685 5077 κονιορτὸς
702 5006 744 5057 καί
761 5007 860 5075 τοιαίτη
874 5009 910 5070 τίς
925 5007 976 5062 ἐστι
1055 5009 1116 5071 515,
1137 5010 1179 5061 15.
1199 5007 1285 5059 Πολλά
1299 5005 1356 5078 μίν,
1372 5002 1393 5060 ὦ
1407 5005 1490 5077 ἀνδρες
1512 5004 1650 5076 Ἀθηναῖοι]
1665 5006 1795 5077 Πόρρωθεν

200 5118 211 5143 ι
228 5095 282 5164 περὶ
292 5093 365 5146 αὐτὸν
379 5090 506 5162 μαρτθρων
529 5093 668 5141 συνεστῶσα
686 5084 787 5155 ἑταιρία.
808 5108 819 5136 ν
832 5086 887 5149 Πῶς
897 5082 973 5159 [οὖν]
1019 5088 1146 5158 ἀποτράπει
1158 5091 1202 5139 τοῦ
1213 5085 1342 5157 λήμματος
1352 5085 1407 5147 τοθς
1417 5085 1538 5145 δικαστάς.
1547 5082 1582 5137 E?
1594 5084 1642 5154 γάρ
1652 5082 1702 5154 ἐγὼ
1714 5085 1797 5149 πολλή

198 5172 312 5224 δύνανται
326 5170 421 5236 τάληθῆ
437 5169 566 5238 μαρτυρεῖν
580 5166 604 5218 οί
619 5165 671 5236 μετ’
685 5162 759 5218 οεθτοῦ
769 5166 972 5230 συνικετεύοντεςς
1018 5167 1151 5238 λαμόάνων
1166 5164 1210 5219 οθκ
1219 5164 1351 5237 ἐδεξάμην,
1364 5170 1413 5227 πῶς
1427 5163 1596 5236 ίιμεῖςόλίγα;
1610 5165 1732 5234 πρόδηλον
1748 5166 1796 5239 γάρ

236 5252 296 5318 515,
316 5269 337 5305 1.
352 5250 402 5303 (λλκ
423 5249 538 5320 ἐπείσθη]
554 5247 667 5302 Ἐπαινιῖ
677 5246 718 5300 τὸν
738 5246 863 5316 δῆμονὼς
876 5248 973 5301 πάντων
1019 5248 1057 5301 ὅτι
1070 5245 1105 5299 ἐνί
1120 5244 1163 5316 μὲν
1172 5244 1256 5307 ,διδοὸς
1270 5244 1311 5298 καί
1325 5243 1390 5317 αὐτῷ
1406 5249 1442 5317 τῷ
1455 5243 1584 5298 πεπονθότι
1598 5243 1679 5298 πολλά
1691 5242 1796 5310 ἠδύνατο
