3967 5967
720 408 759 469 ΙΙ.
785 410 875 472 ΠΒΡΙ
898 412 1233 478 ΠΛΡΛΙΙΡΕΣΒΕΙΛΣ.
1721 440 1776 492 5⁰1

215 536 347 606 Ἀθηναῖοι]
360 537 480 607 Ἀθηναῖοι
489 539 537 611 γάρ
549 537 608 593 εἰσιν
618 538 642 592 οἱ
653 542 696 607 τῆς
709 538 804 612 ’Λρχίου
817 544 955 613 τοραννίδος
1000 545 1123 617 παύσομαι
1134 547 1232 618 λέγων,
1246 548 1346 601 δύναται
1355 547 1381 602 έν
1393 554 1429 622 τῷ
1442 549 1522 624 λοιπῷ
1533 554 1599 624 μίρει
1611 559 1687 610 ταῦτα
1706 561 1781 629 κράτ-

175 618 261 682 αδτοίις
276 619 458 682 ἀπαλλάξαντες
471 620 514 673 καί
532 617 577 685 τήν
593 620 793 693 Λακεδαιμονίων
807 624 913 695 ρρουράν
928 624 955 678 ἐκ
999 626 1091 678 τεσθαι.
1106 629 1168 682 LM.

175 703 218 766 τῆς
231 700 350 772 Καδμείας
359 698 513 761 ἰκόαλόντες.
524 701 587 755 LM.
1038 706 1096 760 130.
1110 708 1235 778 Λογισμόν
1251 711 1322 780 τινα]
1337 708 1392 762 ἀντί
1405 715 1449 763 τοῦ
1462 710 1576 784 ἀριθμόν.
1587 716 1618 770 F.

209 780 292 855 Λρήση
300 781 327 836 δί
341 780 449 853 ἰχθροῖς]
460 782 513 843 τοῖς
522 780 654 849 Θηόαίσις,
665 782 727 835 καθδ
739 781 870 853 ἀχάριστοί
882 783 952 838 εἰσιν.
1033 783 1182 857 Φαλαίκου]
1201 781 1278 848 Οὗτος
1292 785 1451 858 Ὀνομάρχου
1467 789 1666 864 (Ὀνομακρίτου
1676 796 1756 851 σοάἀ.
1769 803 1781 867 )

173 861 257 915 FLM.
562 864 564 867 ’
998 860 1049 923 νίδς
1058 904 1068 931 ,
1089 863 1199 922 Φωκίων
1220 865 1353 935 τύραννος,
1365 866 1536 939 διαδεξάμενος
1553 868 1599 935 τὴν
1617 871 1696 943 ἀργὴν
1715 877 1779 946 παρὰ

211 955 270 1009 119.
283 938 372 993 Ἥκων
382 939 561 1011 ἀπήγγελλον]
572 937 631 993 Ὅτι
639 940 737 1002 πάντως
745 943 822 994 ταῦτα
833 942 953 1008 ποιήσιιό
997 938 1127 997 Φαόλλου.
1164 943 1349 1015 Δρομοκόρυκες
1367 945 1393 999 δὲ
1406 945 1431 998 οί
1448 946 1582 1019 λιγόμενοι
1592 949 1774 1025 ἣμεροδρόμοι,

172 1019 304 1081 Φίλιππος.
316 1021 403 1075 FLM.
997 1014 1033 1071 ὧν
1054 1021 1157 1091 γέγονεν
1180 1020 1366 1092 ἰπιρανέστανος
1385 1023 1535 1094 Φιλιππίδης
1555 1026 1688 1095 Ἀθηναῖος,
1713 1035 1775 1088 LM,

207 1100 255 1162 Τάς
279 1100 363 1167 θήόας
382 1099 521 1167 Βοιωτίαν]
537 1102 648 1154 τουτίστι
666 1098 711 1162 τάς
730 1099 814 1166 Θηόας
833 1100 894 1168 δλης
911 1104 953 1168 τῆς
998 1097 1094 1161 θίτινες
1110 1098 1151 1152 διδ
1161 1105 1206 1154 τοῖν
1218 1102 1311 1173 δρόμου
1321 1102 1364 1155 καί
1376 1107 1420 1156 τοῖν
1435 1105 1525 1175 τάχους
1538 1108 1654 1162 δύνανταί
1664 1128 1719 1163 τινα
1733 1111 1779 1182 ἀγ-

172 1179 289 1242 Βοιωτίας
303 1180 376 1251 μέρος
392 1177 458 1234 τίνοι
478 1178 520 1232 καί
533 1175 568 1251 μὴ
581 1177 627 1245 τὴν
644 1178 707 1246 δλην
726 1179 846 1233 Βοιωτίαν
860 1179 886 1234 έν
900 1180 952 1248 θη.
996 1177 1095 1248 γεῖλαι,
1105 1179 1140 1241 ὡς
1150 1183 1193 1233 νῖν
1203 1180 1327 1253 καλοῦμεν
1339 1182 1395 1243 τυδς
1409 1183 1570 1255 βερεδαρίους.
1584 1189 1616 1243 F.

172 1260 226 1322 όαις
236 1258 313 1314 εἰναι.
326 1260 355 1313 Β.
1033 1259 1093 1315 131.
1106 1260 1364 1334 Κατεμισθορόρησαν]
1376 1260 1430 1318 οίσν
1445 1262 1478 1326 εἰς
1488 1264 1531 1318 τδν
1545 1265 1632 1338 μισθδν
1640 1271 1690 1320 τῖον
1704 1266 1777 1330 ξένων

208 1355 268 1393 120.
288 1336 583 1410 Τοδς-μικροπολίτας]
599 1335 727 1391 Ἐπίθετόν
742 1336 863 1403 ἰστιν,όις
872 1339 902 1392 ἀν
917 1359 952 1403 τις
995 1339 1196 1406 κατεδαπάνησαν
1209 1337 1245 1394 ὧν
1260 1341 1414 1413 ἰμισθοῦντο.
1430 1345 1513 1400 FLM.

170 1417 250 1486 είποι,
262 1419 319 1482 τοδς
331 1417 459 1480 οἰκοῖνεάς
471 1436 539 1480 τινας
548 1416 634 1489 μικράς
646 1419 746 1483 πόλεις,
756 1420 838 1489 ὥσπερ
851 1419 881 1472 ἀν
895 1419 952 1482 τοδς
1032 1418 1091 1474 132.
1107 1418 1279 1492 'Mamm—J
1293 1421 1378 1485 πόλεις
1388 1424 1521 1493 Λοκρικαὶ,
1531 1419 1567 1477 ὧν
1581 1423 1597 1492 ἡ
1618 1424 1709 1479 Νίκαιά
1726 1426 1777 1480 ἐστι

169 1497 312 1561 Χαλκιδέας.
350 1498 434 1552 Οίονεί
447 1495 672 1569 ροόοόμιθαθγμιῖς
687 1498 713 1551 οἰ
732 1497 906 1569 μικροπολῖται
921 1500 950 1553 τδ
994 1497 1207 1567 οαραθαλάσσιος,
1236 1500 1363 1571 ἀπέχουσα
1395 1501 1562 1574 θιρμοπυλῶν
1594 1506 1706 1568 σταδίους
1737 1506 1774 1578 μ’.

168 1574 293 1647 ἰγγραρον
311 1578 341 1631 τδ
356 1577 382 1632 ἰν
403 1583 439 1651 τῷ
460 1578 595 1650 ψηφίσματι
616 1577 646 1630 τ“ο
664 1578 707 1630 καὶ
724 1578 791 1631 ἀλλο
807 1597 831 1632 τι
848 1583 950 1646 ποιησαι
993 1575 1058 1630 LM.

168 1654 278 1726 ἀγαθόν,
301 1658 336 1728 μή
355 1679 406 1721 πως
425 1658 480 1729 περὶ
508 1656 580 1729 ἡμῶν
600 1656 753 1725 αἰνίττηται,
774 1660 838 1712 ὥστε
861 1659 949 1713 λαόεῖν
1031 1656 1091 1711 133.
1104 1656 1162 1719 Τοῖς
1173 1658 1357 1730 σπονδοφόροις]
1369 1661 1422 1722 τοῖς
1435 1660 1614 1733 καταγγελεῖισι
1625 1668 1674 1716 τῶν
1687 1683 1777 1734 μυστη·

166 1734 230 1807 ἡμᾶς
247 1737 372 1793 Φίλιππον
393 1740 435 1791 καί
453 1739 605 1809 παραδοῦναι
622 1737 681 1809 δμῖν
703 1736 759 1791 ἀντί
773 1738 946 1810 Ἆμρικόλειος.
993 1736 1064 1807 ρίων.
1101 1737 1215 1790 Καθόλου
1231 1739 1319 1799 πάντες
1332 1738 1357 1791 οί
1378 1738 1410 1792 τδ
1431 1741 1551 1811 μυστήρια
1564 1745 1776 1813 καταγγέλλοντες

166 1818 250 1872 PLM.
995 1816 1056 1869 σπον
1151 1836 1168 1870 ι.
1182 1819 1245 1872 Lm.

204 1913 263 1950 τοι.
286 1896 474 1968 ἀναιρούμενος]
490 1896 567 1949 οίονεί
580 1900 661 1966 σαρῶς
678 1895 759 1967 λέγων
779 1897 822 1949 καί
838 1896 949 1969 ἀντικρυς
1029 1816 1242 1967 Μνσδοάηόβίώτιδας]
1253 1894 1284 1948 τίι
1299 1900 1348 1948 τῶν
1365 1895 1526 1952 Ἐλευσινίων
1540 1899 1625 1971 λέγει,
1639 1902 1700 1974 ἀπερ
1713 1903 1776 1965 έξαι·

165 1974 228 2028 κατά
242 1976 358 2047 διαίρεσιν
370 1975 412 2028 καί
426 1980 542 2046 φανερῶς.
556 1976 642 2032 FLM.
682 1973 719 2027 Ἥ
736 1974 890 2047 δπομερίζων
906 1977 947 2030 καί
992 1971 1065 2040 ρέτως
1080 1973 1327 2044 μυπιίριαίκάλυυν.
1367 1975 1466 2029 Τούτων
1478 1971 1521 2029 οδν
1535 1977 1664 2050 ἀγυμίνων
1678 1984 1774 2054 περιῄε·

164 2055 322 2120 διαβάλλων,
337 2055 370 2117 ὡς
384 2054 512 2125 Σοφοκλῆς
524 2052 615 2108 Λίαντι
628 2054 664 2123 (θ)
679 2055 766 2125 ρόσκει
781 2055 943 2126 δατοόμενος·
993 2052 1038 2104 σάν
1060 2072 1123 2115 τινες
1155 2056 1369 2125 χειροτονηθέντες
1390 2055 1496 2119 σπονδὰς
1518 2064 1643 2123 ποιοῦντες
1671 2062 1696 2114 έν
1721 2065 1774 2125 ταῖς

164 2134 439 2205 ὡγὰρφδςδδύοαςαι,
478 2133 512 2187 Ἢ
527 2134 587 2205 ἐμοῦ
604 2133 647 2205 μὲν
661 2137 810 2205 κατηγορεῖν
823 2136 945 2208 βουλόμ.
991 2129 1109 2197 πόλεσιν,
1130 2134 1194 2186 ὥστε
1210 2130 1243 2204 μὴ
1266 2133 1385 2205 πολεμεῖν
1404 2154 1460 2187 τινα
1479 2141 1528 2189 τῶν
1550 2134 1696 2205 Ἑλλήνων,
1715 2138 1774 2192 ἀλλ’

163 2214 446 2286 νος,ἀπολογεῖσθαιδί
459 2212 517 2286 ίπὲρ
534 2213 631 2269 ίαυτοό.
670 2214 787 2277 Τοιοῦτος
799 2214 849 2287 γδρ
869 2216 942 2284 όΔη·
991 2207 1124 2281 ἡσυχάζειν
1136 2211 1162 2266 ἰν
1174 2212 1253 2284 τούτῳ
1263 2218 1298 2284 τῷ
1307 2218 1392 2285 καιρῷ.
1404 2215 1487 2270 FLM.

164 2296 282 2365 μοσθένης
291 2294 316 2348 ἰν
327 2295 422 2368 τῷκατ’
434 2294 555 2366 Αἰσχίνου
568 2294 685 2366 μάλιστα.
700 2295 763 2349 LM.
1027 2291 1078 2345 Οὔκ
1090 2291 1243 2363 ἐσπείσαντο]
1255 2292 1299 2345 οδκ
1311 2292 1424 2355 ἐδέξαντο
1433 2293 1476 2356 τάς
1485 2294 1633 2367 ἐπαγγελίας
1657 2299 1717 2353 LM.

199 2392 260 2433 122.
271 2374 450 2447 Παρακληθείς]
461 2374 516 2428 ἀντί
525 2377 570 2429 τοδ
581 2373 735 2446 προτραπείς.
751 2376 782 2430 F.
1028 2371 1086 2424 1351
1101 2371 1176 2426 Οὔπω
1189 2371 1349 2444 διελέλυσθε]
1361 2372 1445 2439 οὔπω,
1458 2376 1532 2446 ρησί,
1545 2376 1697 2449 διηλλάγητε
1715 2379 1774 2450 πρὸς

199 2457 257 2508 123.
273 2453 315 2524 Εῖ]
326 2453 382 2508 ἀντί
392 2459 436 2508 τοῦ
449 2453 517 2526 είπερ
529 2455 594 2508 τότε.
634 2453 708 2507 Ἔστι
719 2453 746 2507 δί
758 2455 943 2527 παραγραρικδν
989 2449 1133 2516 Φίλιππον,
1145 2451 1203 2504 ἀλλ’
1216 2451 1253 2505 ἔτι
1264 2452 1374 2524 πόλεμος
1387 2449 1428 2520 ἦν.
1441 2455 1503 2512 LM.

162 2535 210 2588 ἀπὸ
224 2536 325 2605 χρόνου.
341 2534 425 2590 FLM.
1026 2532 1084 2584 136.
1106 2532 1414 2605 Παραναγινωσκομίνων]
1430 2528 1484 2588 οἷον
1503 2535 1604 2603 πλησίοι
1614 2542 1663 2591 τῶν
1682 2557 1772 2609 μαρτυ-

197 2613 506 2683 ἰίάκείνης-κατηγορεῖν]
520 2611 583 2664 καθδ
595 2610 638 2681 μίν
653 2610 781 2682 ἰγγράρως
796 2609 825 2664 οδ
836 2614 944 2683 αατηγό·
989 2616 1056 2681 ρυῖιν.
1071 2614 1157 2668 FLM·

161 2714 219 2765 ρησε
240 2697 284 2760 τῆς
296 2694 413 2763 προτέρας
432 2693 514 2761 ὥσπερ
527 2694 570 2756 τῆς
588 2691 712 2760 δευτέρας,
729 2690 797 2761 λέγει
817 2688 891 2743 αὐτόν
907 2691 941 2769 μὴ
1023 2685 1114 2761 Οὗτος]
1136 2689 1306 2752 όΦάλσιικος.
1349 2688 1450 2744 Ὧσανεί
1470 2690 1573 2764 ἔλεγεν,
1593 2693 1651 2745 ἀλλ’
1666 2695 1719 2765 ἔχει
1737 2716 1772 2759 τις

160 2773 369 2844 κατηγορηκέναι,
385 2770 446 2824 καθδ
459 2769 486 2823 δδ
500 2767 569 2824 εἶπεν
581 2771 620 2823 δτι
636 2769 755 2823 ἰλάνθανί
771 2788 802 2840 με
815 2773 942 2840 πεπρακὼς
986 2766 1064 2821 εἰπεῖν
1076 2768 1110 2830 ίος
1122 2770 1162 2822 ότι
1174 2768 1246 2831 αθτδς
1260 2770 1334 2841 μόνος
1346 2768 1361 2822 δ
1374 2770 1501 2833 Φάλαικος
1518 2769 1604 2842 ἠγνόει
1615 2771 1660 2838 τὴν
1673 2774 1768 2829 Φιλίπ·

160 2853 247 2907 έαυτδν
259 2853 333 2915 τίως,
350 2850 391 2903 διδ
402 2849 509 2922 βήματος
521 2849 689 2919 κατηγόρησεν
702 2846 786 2902 αιίτοῖ.
798 2849 885 2905 FLM.
986 2868 1034 2902 που
1051 2852 1165 2922 γνώμην.
1204 2850 1265 2922 ’Λρα
1275 2851 1303 2905 δί
1320 2851 1363 2905 καί
1373 2851 1444 2923 δμεῖς
1457 2851 1506 2923 οὐχ
1523 2853 1589 2906 οὕτω
1601 2850 1770 2910 διίκιισθέκαί

199 2936 259 2992 τοί.
279 2931 309 2984 Λί
325 2929 435 3003 ἀπάται]
457 2931 484 2991 θς
502 2927 613 2996 ἀπάτησε
630 2927 755 2990 Φίλιππος
772 2927 889 2996 δηλονότι
900 2929 942 2983 διὰ
986 2927 1101 3002 ἠγνοεῖτε
1114 2929 1188 2984 αδτδν
1202 2928 1255 2993 οἰός
1268 2931 1446 2996 imnum.

160 3012 404 3080 τῆςέπιστολῆς.Μ.
1023 3012 1212 3083 Λακεδαιμόνιοι
1232 3011 1261 3065 οό
1287 3014 1341 3083 μεθ’
1364 3011 1458 3084 ἡμῶν]
1489 3011 1545 3066 ἀντὶ
1568 3016 1613 3067 τοῦ
1636 3012 1769 3081 αὐξηθῆναι

193 3092 294 3165 Λυδίαν]
307 3091 393 3153 Λυδίας
402 3089 556 3151 Μακεδονίας
566 3089 685 3160 ποταμός.
695 3090 735 3144 Μ.
747 3088 869 3160 Γραπτίον
882 3091 940 3143 Λοι·
986 3090 1066 3146 έᾶσαι.
1080 3092 1110 3147 F.
1464 3112 1479 3125 ²

158 3168 222 3225 δίαν.
262 3171 334 3226 Ἔστι
346 3170 374 3225 δὲ
392 3170 490 3233 Λοιδίας
506 3169 660 3232 Μακεδονίας
679 3169 805 3241 ποταμδς,
819 3171 853 3232 ῶς
866 3188 939 3241 φησιν
1021 3170 1076 3222 Τῶν
1096 3170 1199 3242 ἀλλων]
1218 3176 1267 3224 τῶν
1289 3169 1410 3240 οἰομένων
1427 3169 1486 3242 {alp
1510 3170 1626 3238 θηόαίων
1642 3168 1708 3223 εἶναι
1724 3172 1767 3225 τδν

161 3249 346 3323 Ἁρποκρατίων.
359 3251 387 3303 Β.
985 3250 1113 3320 πόλεμον,
1125 3249 1184 3302 ἀλλ’
1197 3250 1227 3305 οδ
1241 3249 1304 3303 κατά
1316 3250 1442 3319 θηόαίων.
1453 3251 1518 3307 LM.

196 3330 225 3384 ‘0
238 3331 281 3403 μέν
291 3330 339 3403 γάρ
349 3329 501 3400 Λεωσθίνης]
510 3327 629 3400 εἰρωνεία.
643 3326 672 3381 Β.
713 3326 941 3400 Ἠδικῶςάναγνω-
1023 3327 1096 3399 ’Υπὲρ
1109 3329 1209 3400 αὑτῶν]
1228 3328 1276 3400 οδχ
1293 3328 1353 3400 θπίρ
1374 3329 1506 3397 θηόαίων,
1529 3327 1586 3381 ἀλλ’
1601 3326 1660 3398 δαάρ
1673 3328 1766 3383 Θεττα-

157 3414 241 3465 στέον·
263 3410 315 3465 ἔστι
332 3409 381 3482 γάρ
395 3410 449 3464 κατ’
466 3409 591 3479 εἰρωνείαν
607 3407 720 3479 όλόγσς.
761 3407 940 3471 Ἐπιδεξίωςδί
983 3408 1121 3465 mmm.

157 3490 212 3543 ἀντί
223 3495 267 3544 τοῖν
281 3488 417 3551 αἰσίωςκαί
428 3489 517 3550 καλῶς.
533 3489 618 3545 FLM.
1021 3489 1079 3557 137.
1099 3489 1149 3551 Τάς
1167 3489 1192 3543 ἰν
1207 3489 1326 3552 Βοιωτοῖς
1339 3488 1439 3560 πόλεις]
1453 3490 1482 3551 ἀς
1497 3484 1560 3556 ἦσαν
1574 3486 1681 3554 θηόαῖοι
1691 3507 1766 3544 κατα·

192 3570 393 3640 Καλλίστρατον]
405 3568 588 3639 Καλλίστρατος
599 3567 613 3620 ό
624 3566 705 3638 ῥήτωρ
716 3566 758 3619 καί
770 3566 937 3640 δημογωγδς,
984 3569 1155 3640 στρεψάμενοι.
1168 3572 1231 3626 LM.

156 3650 183 3712 θς
195 3648 352 3721 φυγαδευθεὶς
361 3649 443 3721 ᾤκησε
454 3648 483 3700 τό
494 3648 637 3709 Βυζάντιον.
650 3648 714 3703 LM.
1020 3648 1161 3721 Κατοικιεῖ]
1174 3648 1301 3716 ἀνίστησι,
1314 3649 1428 3719 τειχίζει.
1465 3647 1622 3719 Δημοσθένης
1634 3650 1677 3718 (ρ.
1695 3649 1764 3721 375)

195 3731 254 3782 ιοό.
268 3728 366 3799 Πίθων]
380 3726 461 3799 βητωρ
472 3722 559 3790 οὗτος,
575 3725 728 3797 Ἰσοκράτους
739 3726 857 3798 μαίηηίς·
872 3729 935 3783 LM.
984 3728 1058 3800 ἀνιῇ
1078 3730 1216 3801 κατηγορίᾳ
1236 3750 1247 3779 ι
1268 3722 1341 3792 οὗτος
1353 3727 1403 3800 γὰρ
1418 3726 1465 3800 ἰρη
1481 3727 1525 3781 καὶ
1546 3726 1672 3790 Πλαταιὰς
1691 3728 1765 3782 αὗτδν

71 3862 81 3873 ,
194 3813 252 3863 ιτό.
264 3805 676 3878 Ιίαίτδνμὲιλόγον...καταλόω]
688 3802 719 3856 Ἥ
731 3803 839 3867 σύνταξις
850 3805 934 3869 οὕτως·
981 3805 1132 3877 έχοιν.νΒ.

153 3890 196 3944 καὶ
209 3889 252 3943 τδν
268 3887 310 3960 μίν
325 3885 403 3959 λόγον
418 3885 548 3949 καταλύω,
562 3883 584 3938 εἰ
599 3890 726 3956 συγχωρεῖ
741 3887 818 3937 ταῦτα
835 3884 937 3951 όκατιί-
1008 3884 1069 3939 Δ(λδκ
1085 3883 1280 3956 ἰξεληλόθεσαν]
1301 3883 1336 3946 ὣς
1352 3882 1411 3953 θπίρ
1426 3880 1506 3936 αδτῖίν
1528 3884 1697 3955 μαχοίμενοι,
1711 3885 1766 3940 ἀπε·

153 3988 237 4042 γορος.
273 3967 336 4021 ’Λντί
349 3969 394 4021 τοῖ
404 3965 576 4036 καταπαδομαι
586 3968 631 4017 τοῦ
639 3962 770 4033 λέγειν,εἰ
779 3964 852 4016 δοκεῖ
860 3968 936 4018 ταῦτα
979 3965 1127 4028 στοῦντεςδὲ
1143 3964 1267 4036 τοῖςπαρδ
1280 3963 1407 4018 Φιλίππου
1417 3965 1630 4036 παραγγέλμασιν.
1644 3967 1707 4021 ΠΛ.
1765 3994 1768 3999 ·

153 4051 308 4121 πραχθῆναι,
322 4048 338 4102 ό
350 4046 401 4102 ἔστι
414 4046 471 4108 τοίνς
481 4044 575 4107 οἰκέτας
587 4044 770 4115 βασανίζεσθαι.
781 4045 847 4100 LM.
1022 4048 1081 4101 138.
1093 4044 1147 4118 Οἷς]
1160 4045 1184 4098 οἱ
1197 4046 1297 4107 Φωκεῖς
1308 4044 1435 4112 δηλονότι.
1450 4043 1479 4095 Β.

188 4131 253 4201 Βρδς
269 4129 356 4183 ένδεαα
376 4127 425 4200 γάρ
441 4125 582 4198 ἀμφορέας]
595 4125 654 4187 Τοῖς
671 4124 726 4195 περί
745 4130 795 4178 τῶν
813 4124 936 4196 μεγίστων
1018 4127 1076 4196 139.
1093 4124 1272 4196 [ἰρισόεόοντος
1295 4123 1370 4196 ίμοῦ]
1385 4123 1442 4176 Λόει
1458 4122 1489 4175 τό
1506 4121 1665 4177 ἀντιπῖπτον
1686 4122 1765 4195 ἐχρῆν

154 4209 345 4282 ἀγωνιζομένοις
357 4207 467 4279 διηρεῖτο
483 4203 499 4270 ἡ
514 4203 594 4276 ίημέρα
609 4202 651 4256 καί
662 4201 757 4257 ἰδίδστο
776 4201 850 4269 αδπξς
861 4203 935 4273 ἥμισυ
978 4205 1026 4279 γάρ
1038 4204 1181 4270 ἀντειπεῖν,
1197 4203 1356 4274 ἀπεδήμουν,
1368 4203 1451 4273 ρησίν.
1467 4203 1531 4257 Lu.
1587 4228 1592 4235 ·

153 4280 788 4361 μὶντῷκατηγόριρ,ἥμισσδίτῷἀπολογουγιίνῳ.
829 4281 934 4336 Καίδιε-
1017 4284 1123 4356 Ἐχθρδς
1143 4285 1166 4336 δ’
1187 4286 1242 4354 ὢν]
1265 4282 1287 4335 εἰ
1306 4283 1341 4344 ὡς
1360 4280 1554 4352 λέγεις,ρησ“ιν,
1574 4280 1763 4351 ἀχειροτόνητος

153 4368 266 4441 μετρεῖτο
285 4364 315 4416 τδ
336 4362 412 4431 ὕδωρ,
431 4362 491 4413 ὅσον
509 4359 613 4431 ἀπαρκεῖ
627 4359 660 4422 εἰς
681 4359 724 4422 τάς
746 4360 793 4429 [δξ]
811 4362 890 4431 όιρας,
905 4360 934 4414 τδ
978 4365 1098 4432 ἐξῆλθον,
1109 4363 1150 4416 διδ
1159 4364 1184 4416 τί
1199 4382 1228 4434 με
1241 4361 1310 4416 οδπω
1321 4360 1623 4431 ίαριναςπαραπρεσόείας,
1631 4361 1673 4414 καί
1686 4365 1763 4415 ταῦτα

152 4449 227 4519 ἥμισυ
240 4445 311 4517 μέρος
323 4444 366 4507 τῆς
379 4439 478 4511 ἡμέρας.
516 4438 842 4511 Τοῦτνδάἂπδνιᾶεδραε·
880 4440 933 4507 Φη-
978 4436 1203 4516 θχθρδςδνςδδί.

152 4530 190 4582 σίν
202 4521 246 4581 οδν
263 4524 323 4595 [ότι]
345 4521 371 4575 ἰν
383 4519 464 4593 ἰκείνη
482 4522 514 4593 τῇ
526 4519 605 4592 θημίρᾳ
618 4520 644 4573 ἰν
658 4515 674 4592 ᾖ
693 4519 863 4591 ἠγωνίζοντο,
882 4520 932 4591 [τὸ]
1012 4523 1048 4576 Οὐ
1060 4523 1109 4594 γὰρ
1120 4520 1151 4588 δὴ
1162 4521 1279 4593 ρθονεῖς]
1290 4518 1338 4590 οθχ
1351 4521 1443 4588 ὥσπερ,
1462 4518 1537 4588 φησί,
1554 4523 1604 4570 τῶν
1619 4518 1705 4572 ἀλλων
1720 4539 1762 4591 μοι

151 4602 311 4680 διαμετρηθέν
324 4595 650 4670 ταῖςάξὸιραῑςθδωρῆοαν
665 4598 782 4670 ἀμφορεῖς
791 4599 878 4661 ὕδατος
894 4601 932 4653 ῖν·
976 4606 1092 4677 φθονεῖς,
1114 4602 1179 4654 σίτω
1201 4601 1244 4653 καί
1260 4603 1305 4652 τοῦ
1324 4598 1411 4652 παθεῖν
1427 4600 1515 4659 κακῶς.
1553 4596 1632 4649 Τοῖιτο
1651 4596 1699 4667 γάρ
1715 4599 1761 4650 κάν

151 4690 218 4742 aaa,
233 4683 319 4742 BLM.
357 4678 932 4752 Φασίνδτιτάςὴμέραςτοῦίίοσειδεῶνοςμη·
977 4681 1057 4744 εὔξαιο
1073 4684 1126 4743 τοῖς
1136 4680 1357 4749 θεοῖς,λαόεῖνμι
1370 4677 1490 4748 τιμωρίαν
1505 4674 1538 4738 εἰς
1551 4676 1580 4728 τδ
1595 4680 1676 4747 σῶμα.
1696 4679 1759 4732 LM.

151 4768 191 4830 νὀς
208 4763 377 4834 έπιλεξάμενοι
396 4758 420 4812 ot
444 4756 613 4826 ’Λθηναῖοιδις
632 4761 783 4830 συμμέτρους
803 4760 846 4812 καί
859 4760 933 4812 δυνα·
1012 4760 1182 4832 Τιμημάτων]
1202 4758 1279 4812 οἷονεί
1298 4761 1431 4829 τιμωριῶν.
1469 4755 1636 4816 Λλιυάζοντος
1652 4755 1674 4805 δ’
1695 4753 1760 4808 ἰστίν

153 4847 225 4914 μένας
244 4840 379 4911 κατασχεῖν
403 4837 490 4891 ῖνδινα
511 4835 633 4908 ἀμερορίας
652 4837 711 4908 πρδς
728 4836 802 4898 αδτάς
820 4838 863 4891 καί
880 4841 934 4899 ταῖς
976 4841 1089 4912 όλόγος.
1131 4837 1176 4901 Ὦς
1188 4839 1237 4910 γδρ
1251 4837 1291 4893 ἰπί
1304 4836 1399 4908 ἀγαθοῦ
1409 4840 1482 4890 τοῦτο
1494 4835 1572 4890 εἶπεν.
1585 4838 1669 4892 FLM.

151 4923 238 4984 ἀλλοις
250 4920 350 4992 ἡμέραις
362 4917 491 4978 ἰσκεὺαζον
504 4915 549 4982 τὴν
563 4916 716 4989 κλιβόδραν,
732 4916 844 4987 μεγάλου
853 4918 932 4988 πράγ-
1016 4924 1075 4982 ¹40-
1109 4918 1343 4988 Παρακαθημὲνων]
1364 4914 1482 4986 Φιλίππῳ
1500 4915 1616 4981 δηλονότι
1625 4935 1638 4945 ’·
1650 4915 1709 4986 πρός
1730 4915 1760 4968 τὰ

153 5020 228 5072 ματος
237 5001 354 5068 δηλονότι
365 4999 561 5069 γυμναζομένου.
604 4995 932 5068 ’Λπενίμοντυδάοἰίνδεκα
976 5000 1066 5053 ἀνωδί
1080 4999 1145 5052 ἰστιν
1159 4997 1174 5050 ό
1189 4997 1254 5058 νοός.
1264 4996 1350 5051 ml.

151 5078 268 5151 ἀμφορεῖς
288 5077 351 5131 κατίι
367 5078 396 5130 ιδ
413 5079 496 5149 τρίτον
511 5080 564 5140 τοῖς
586 5075 717 5138 ἀντιδίκοις
737 5076 845 5136 καὶτοῖς
863 5077 931 5128 δικα·
1010 5079 1158 5149 Δεομένων]
1173 5075 1228 5129 ἀντὶ
1244 5080 1288 5129 τοῦ
1303 5074 1425 5144 βοηθείας.
1446 5074 1477 5128 F.
1515 5072 1634 5139 Βοηθείας
1647 5077 1689 5138 τῆς
1702 5075 1759 5143 παρ’

151 5162 230 5222 σταῖς.
259 5160 344 5214 FLM.
382 5157 486 5221 Ἄλλως.
529 5156 563 5212 Ἥ
584 5160 665 5222 πᾶσα,
687 5156 777 5226 ρησίν,
801 5155 879 5227 ἡμέρα
897 5163 932 5228 τῷ
975 5158 1063 5230 ἡμῶν,
1078 5160 1094 5224 ἢ
1112 5158 1235 5227 δεομένων
1250 5153 1376 5207 Φιλίππου
1390 5150 1434 5216 τὴν
1449 5153 1570 5205 Βοιωτίαν
1583 5154 1755 5223 πορθήσαι.Β.

151 5239 228 5311 ἀγῶνι
247 5238 399 5295 ἀποδέδοται.
437 5238 471 5295 Εἰ
489 5234 532 5294 οδν
561 5238 644 5309 βούλει
665 5240 741 5291 ταῦτα
761 5236 872 5308 γίνεσθαι
891 5238 956 5289 καίί
1010 5237 1106 5308 Λιάσὲ]
1120 5232 1200 5300 ἐπειδὴ
1213 5229 1533 5304 έκώλυσαςίςμσῖςέξελθεῖν.
1548 5232 1633 5287 ΈΙΛΙ.
