3967 5967
236 518 293 569 5⁰ss
773 507 915 567 ΣΚθΑΙΑ
939 506 1003 567 ΕΙΣ
1023 506 1299 568 annotemus«.

228 638 329 693 ίιιιῖθεν·
346 638 370 693 οἰ
381 637 407 691 δέ
425 637 596 699 ἐξαναστάντες
609 632 685 703 ἦλθον
700 636 734 700 εἰς
750 636 849 705 Ἀθήνας
864 637 904 692 ἰπί
915 637 1011 692 Μουνῦ-
1057 638 1164 710 μάλιστα
1177 635 1193 703 ἡ
1207 636 1364 708 προλαόυῦαα
1374 630 1444 700 λύσις
1455 637 1589 701 ἀκόλουθος
1599 635 1640 707 ἦν,
1656 637 1681 695 ίν
1694 635 1732 704 οἰς
1745 640 1842 715 ίλεγεν,

228 737 277 789 χου
300 716 429 787 βασιλέως·
447 715 501 769 όθί
519 714 645 788 ἐπέτρεψεν
666 715 749 780 αἰετοῖς
762 716 859 785 οἰκῆσαι
873 717 916 772 τθν
935 720 1012 772 τόπον
1056 715 1113 767 ἀλλ’
1127 716 1163 786 ἀφ’
1178 709 1215 778 οίς
1228 713 1345 770 ἰπίθωκα.
1383 715 1426 769 Διθ
1440 715 1482 771 καί
1491 716 1656 790 φιλοτιμεῖται
1665 719 1841 793 θιοριξόμινσς.

226 800 324 862 τοῦτον,
339 794 384 861 τὴν
398 796 552 866 Μουνυχίαν,
570 797 636 858 θστις
656 795 732 858 υἰίτως
744 796 878 867 ὠνομάσθη
901 797 1011 867 παρέσλ-
1055 796 1137 849 TCV.
1683 854 1685 857 v

226 882 275 931 τῶν
290 876 349 947 πρός
361 875 434 947 τιμὴν
446 879 491 928 τοῦ
505 875 633 945 βασιλέως·
647 877 822 930 Aflfflcv.
1093 886 1156 945 264,
1169 898 1214 935 εκ.
1228 881 1327 952 Πρῶτον
1346 881 1388 953 μέν
1404 881 1557 955 Ναυσικλῆς]
1575 881 1661 955 Ἑτέρα
1672 904 1708 946 τις
1722 883 1840 957 ἀπαγωγὴ

261 962 328 1021 υ6ε,
348 959 389 1011 18.
415 954 598 1028 Ἀποστολίων]
616 953 769 1018 Αποοτολεῖς
784 957 865 1027 όνομα
882 953 912 1023 ἦν
933 955 1012 1028 ἀρχῆς
1055 962 1099 1027 τῆς
1110 959 1255 1031 ἀκροάσεως.
1298 958 1340 1022 Ὧς
1357 959 1405 1031 γάρ
1419 965 1463 1014 τοῦ
1481 960 1598 1032 Αἰσχίνου
1611 963 1727 1033 λέγοντος
1740 965 1779 1017 ότι
1795 962 1840 1019 οῦκ

226 1036 292 1108 παρά
315 1039 368 1098 τοῖς
391 1034 539 1103 Ἀθηναίοις,
561 1034 635 1106 ἔργον
656 1034 749 1105 ίχουσα
766 1035 797 1089 τὸ
815 1036 950 1107 φροντίζειν
969 1040 1013 1103 τῆς
1056 1038 1133 1102 ίξιατι
1152 1039 1195 1094 τόν
1214 1041 1274 1094 όντα
1286 1039 1312 1095 ἰν
1324 1038 1391 1112 ἀρχῇ
1404 1039 1585 1112 φιλοτιμεῖσθαι
1597 1041 1628 1095 τὰ
1640 1041 1726 1097 έαυτοῦ
1739 1044 1781 1096 καί
1791 1062 1839 1115 χα·

227 1117 341 1181 ναυτικῆς
352 1113 479 1184 δυνάμεως
493 1113 553 1184 αρὀς
565 1113 594 1165 τὸ
608 1114 703 1182 ταχέως
714 1111 829 1173 ἐξελθεῖν.
842 1116 991 1168 AHRTCP.
1057 1120 1182 1189 μίξεσθαι,
1203 1120 1280 1182 οῦτως
1298 1118 1383 1191 ἰπάγει
1403 1118 1642 1192 τάπαραθείγματα.
1679 1120 1792 1185 EM
1810 1117 1842 1190 ἣν

262 1200 330 1258 σόα,
346 1210 391 1249 ευ.
413 1190 473 1247 οότ’
485 1191 560 1245 αἰετοῦ
573 1190 725 1263 ἀπελείφθη]
738 1190 763 1245 ἰν
782 1197 818 1264 τῷ
833 1192 914 1264 λιμένι
928 1192 1011 1247 ἀνιπι·
1057 1197 1119 1269 μετὰ
1135 1199 1165 1251 τὸ
1184 1199 1269 1252 δοῦναι
1288 1197 1332 1260 τίις
1347 1197 1445 1261 εῦθῦνας
1459 1201 1643 1270 στεφανωθῆναι
1662 1200 1766 1267 αῦεοίις,
1782 1200 1841 1255 ἀλλ’

226 1272 365 1334 σκεῦαστος.
377 1273 407 1326 Ρ.
1055 1275 1172 1348 ἀορίστως
1179 1281 1307 1349 προῆκται.
1319 1278 1400 1332 mv.

266 1353 392 1424 Ἆπόρων]
407 1351 530 1418 πενήτων.
544 1354 574 1406 Ρ.
946 1392 950 1399 ·
1091 1358 1153 1420 264,
1175 1357 1220 1409 τό.
1235 1354 1295 1410 Εἰθ’
1309 1350 1380 1418 νότος
1393 1355 1580 1430 Νεοπτόλεμος]
1597 1357 1752 1431 Οἰκιιότερον
1768 1365 1843 1415 τοῦτο

262 1432 402 1504 Εἰπόρους]
415 1430 553 1492 πλουσίους.
568 1432 598 1483 Ρ.
1054 1433 1114 1505 πρὸς
1126 1434 1200 1489 αῦτθν
1216 1435 1245 1487 τθ
1258 1436 1423 1509 παράδειγμα.
1461 1437 1508 1490 Καί
1528 1439 1576 1510 γάρ
1588 1457 1627 1492 τοι
1641 1438 1683 1492 καί
1700 1439 1842 1495 τελευταῖόν

262 1511 431 1583 Μιτηνεγκα]
448 1508 483 1563 Ἦ
495 1508 557 1571 λέξις
569 1507 648 1576 δηλοῖ
655 1509 697 1562 τόν
712 1507 862 1572 ἀνεξίκακον.
877 1510 955 1565 TCV.
1055 1511 1130 1570 ίστιν,
1143 1515 1224 1570 TCV.

260 1592 370 1660 θέοντα]
383 1591 544 1662 συμφέροντα.
557 1590 586 1642 Ρ.
1091 1597 1154 1655 264.
1169 1609 1213 1663 ²7·
1234 1591 1354 1663 Σχέτλιον
1374 1592 1422 1664 γάρ
1445 1594 1475 1647 ἀν
1495 1592 1533 1662 είη
1552 1595 1626 1649 τοῦτό
1639 1597 1688 1668 γε]
1707 1596 1777 1651 Met&
1796 1595 1842 1664 τὴν

264 1676 330 1737 υθα,
346 1687 391 1742 29.
406 1671 531 1724 Βάσκανον
549 1667 575 1722 δί
588 1668 629 1721 καί
640 1668 726 1738 πικρόν
740 1668 782 1722 καί
793 1668 927 1739 κακόηθες]
942 1667 1012 1724 ’Auo-
1055 1672 1175 1735 ἀπόδειξιν
1188 1672 1297 1744 εἰιλόγως
1307 1672 1465 1744 αχετλιάζει,
1478 1677 1531 1737 τοῖς
1544 1677 1635 1737 κοινοῖς
1648 1675 1778 1749 λογισμοῖς
1786 1676 1841 1731 λοι·

226 1751 330 1804 τείνεται
337 1750 395 1822 πρθς
403 1750 446 1804 τθυ
458 1747 576 1820 Αἰσχίνην
588 1749 628 1801 διὰ
636 1750 726 1820 φθόνον
735 1752 779 1803 τοῦ
788 1750 916 1819 στεφάνου.
928 1752 1000 1805 ch
1003 1791 1009 1803 .
1055 1752 1101 1806 πὀν
1125 1753 1264 1823 χρώμενος.
1306 1749 1405 1818 Ἐπειδὴ
1422 1752 1493 1823 ἀρχαι
1511 1751 1567 1806 τινά
1582 1751 1680 1824 ἀρχὴν,
1702 1754 1778 1818 ἀξιοῖς
1799 1755 1843 1828 ἰμέ

228 1829 354 1882 vaov
368 1828 409 1891 δέ,
423 1827 556 1898 φὼίῐῑῡθ»
571 1826 743 1898 μῑμθίμῦῑρῡν·
756 1828 786 1880 P·
1054 1831 1144 1885 δοῦλον
1158 1833 1252 1896 ποιεῖν,
1270 1830 1303 1893 ὡς
1319 1829 1349 1883 οὗ
1361 1832 1416 1884 θέον
1430 1833 1483 1894 τοῖς
1504 1830 1573 1902 ίμοῖς
1585 1834 1692 1903 χρῆσθαι
1704 1834 1737 1897 ῶς
1751 1835 1842 1905 βοόλο·

262 1909 331 1972 163,
346 1910 372 1963 6.
393 1904 519 1977 Ἧγοῦμαι
535 1906 616 1959 τοίνυν
630 1904 736 1975 λοιπθν]
749 1903 807 1957 Ὅτι
822 1904 884 1958 κατά
896 1907 972 1977 νόμον
984 1905 1011 1961 ἰν
1055 1931 1109 1982 μαι.
1147 1911 1195 1964 Καί
1205 1910 1253 1981 οἰιχ
1266 1909 1349 1973 ἅπλῶς
1360 1911 1595 1966 διθόναιτάίαιτοῦ
1607 1911 1682 1967 είπίον
1694 1913 1840 1987 ἀπηλλάγη,

228 1988 321 2058 θεάτρῳ
336 1987 448 2058 γενέσθαι
466 1986 495 2039 τό
508 1985 621 2055 κήρυγμα
633 1982 728 2055 stew-
740 1983 858 2046 καίὕπευε
878 1983 926 2056 υῦχ
939 1984 1011 2040 θπεῦ·
1055 1989 1121 2043 ἀλλίι
1135 1991 1230 2043 διδόναι
1244 1992 1277 2061 τῇ
1294 1989 1368 2043 πόλει
1381 1991 1547 2061 προσέθηκεν,
1559 1990 1663 2061 ὀνόματι
1674 1996 1718 2061 τῆς
1727 1996 1842 2066 πατρῶος

228 2069 300 2121 θυνον
318 2066 407 2139 ίγραψί
425 2086 455 2138 με
468 2064 653 2136 περαιοῦσθαι.
694 2061 830 2135 Ἐλίγομιν
851 2064 908 2137 [δέ]
930 2066 969 2120 ότι
981 2066 1011 2120 τθ
1054 2067 1098 2135 τὴν
1113 2068 1215 2124 ἀτοπίαν
1227 2068 1450 2131 συναίξων.Τί]Κ.

228 2147 321 2199 δίκαιον
340 2145 381 2200 καί
393 2142 438 2211 τὴν
452 2142 557 2207 ίξέτασιν
569 2146 613 2209 τῆς
623 2141 747 2205 πολιτείας
760 2142 793 2205 είς
811 2143 855 2198 θιίο
867 2144 957 2198 θιελιίιν
969 2145 1012 2198 καί
1090 2150 1153 2213 υ65,
1171 2167 1213 2205 το.
1229 2150 1287 2211 Τοῖς
1297 2152 1470 2218 κατοικοῦσιν]
1486 2147 1625 2217 Ἀθηναίοις.
1638 2153 1668 2205 P.

228 2228 303 2299 μέσον
325 2224 397 2288 τάξας
420 2225 449 2279 τὸ
464 2225 569 2296 νόμιμον
588 2222 653 2277 οθτω
672 2223 789 2290 πεποίηκε
811 2222 856 2290 τὴν
878 2225 1008 2293 διοίκησιν.
1089 2228 1151 2292 υ65,
1169 2228 1210 2282 ιθ.
1234 2224 1265 2279 ‘0
1276 2225 1315 2281 ίπί
1329 2231 1378 2280 τῶν
1391 2225 1514 2296 ὁπλιτῶν]
1535 2226 1692 2296 όίπιστάτης
1707 2234 1755 2284 τῶν
1769 2229 1841 2285 όπλι-

226 2307 309 2359 mv.
322 2304 389 2367 Ἐως
400 2301 448 2358 ὧδε
460 2303 491 2357 τό
503 2302 558 2374 περί
568 2306 611 2369 τῆς
619 2300 750 2365 πολιτείας·
763 2301 866 2357 ἰνταῦθα
878 2303 905 2358 δί
915 2304 1012 2359 εἰσῦάλ-
1054 2311 1112 2360 τῶν.
1129 2308 1159 2360 Ρ.

227 2385 266 2439 λιι
280 2383 313 2445 είς
325 2383 368 2437 τθν
382 2384 436 2453 περὶ
449 2387 497 2437 τῶν
509 2381 648 2436 θπευθόνων
662 2381 750 2452 νόμον,
764 2382 806 2435 καί
819 2382 881 2453 μετὰ
901 2383 930 2437 οὗ
945 2386 1011 2439 πολίι
1089 2386 1152 2449 τόδ,
1173 2401 1217 2439 20.
1244 2381 1273 2436 ‘0
1288 2382 1327 2438 ἰπί
1344 2389 1392 2437 τῶν
1406 2384 1545 2453 ίκπόων]ό
1567 2388 1611 2439 τοῦ
1626 2384 1725 2441 ίππικοῦ
1742 2386 1841 2443 ἰπιστά·

227 2462 301 2517 πάλιν
312 2461 498 2517 ίπανιλεῦσιται
508 2460 562 2531 περί
573 2466 621 2513 τῶν
632 2458 771 2514 πολιτειῶν.
783 2462 814 2515 Ρ.
1054 2481 1106 2530 της.
1117 2465 1148 2517 Ρ.

262 2541 373 2613 Λόγους]
389 2538 528 2602 ἀποδείξας.
544 2542 575 2594 Ρ.
1089 2546 1152 2607 ε66,
1164 2539 1491 2613 ό.Ἐπέθωκα;ίπαινοῦμαι
1499 2539 1754 2613 διὰταῦταΓΕλέγχεε
1762 2543 1838 2597 αἰτόν

263 2619 323 2691 ἰίερί
332 2625 381 2675 τῶν
395 2619 637 2690 παραγεγραμμένων
649 2617 752 2688 νόμων]
766 2617 846 2670 νόθων
865 2620 958 2689 νόμων,
972 2617 1009 2672 ὧν
1053 2619 1231 2692 όιςάγνώμονα
1241 2620 1284 2673 καί
1301 2620 1460 2692 ψευδόμενον.
1497 2619 1591 2674 Οἰκοῦν
1605 2619 1656 2674 οὗθ’
1673 2621 1837 2694 ἐγὼείιθόνας

228 2699 325 2772 εἰσῆγεν
339 2697 466 2770 Αἰσχίνης.
483 2700 513 2752 Ρ.
550 2695 663 2767 Παρύθς
683 2695 819 2768 παρέγραψε
838 2696 868 2750 τθ
880 2697 1009 2771 ψήφισμα,
1053 2696 1207 2752 ἀπαιτεῖσθαι
1222 2698 1313 2760 δίκαιός
1324 2697 1374 2771 εἰμι
1384 2696 1420 2752 ὧν
1433 2697 1603 2770 ἰχαρισάμην,
1622 2698 1689 2752 ἀλλά
1698 2702 1832 2772 τιμᾶσθαι·
1854 2730 1858 2737 ·

228 2781 427 2853 σημειωσάμινος
445 2778 483 2832 ότι
496 2775 561 2848 παρίι
582 2774 681 2837 τοῦτους
700 2774 756 2838 τοῦς
771 2776 860 2846 νόμους
875 2775 966 2849 ίγράφη
980 2778 1010 2832 τό
1052 2778 1214 2849 φυλάττεσθαι
1238 2776 1287 2849 γάρ
1300 2776 1340 2832 ίπί
1354 2778 1453 2832 πάντων
1473 2777 1590 2848 προσήκει
1608 2777 1637 2832 τ“ο
1657 2777 1717 2832 αὗτθ
1730 2779 1837 2838 δίκαιον.

227 2861 346 2935 ψήφισμα.
359 2859 440 2914 ch.
1053 2858 1130 2911 Ποῖον
1140 2862 1227 2923 κοῖτος
1239 2856 1313 2911 ἀκουε
1324 2857 1366 2910 καί
1377 2859 1498 2927 μάνθανε,
1513 2855 1656 2923 Ἐπόθωκας
1673 2857 1838 2931 Ῥαιαινοῦμαι

262 2938 394 3010 Συνεῖναι]
407 2937 512 2991 συνιέναι
525 2932 581 2997 τοῦς
592 2931 699 2995 πολλοίις
711 2931 790 2987 αιίεῶν
803 2931 844 2987 ἀπ’
854 2933 962 2990 ἰκιίνων.
976 2940 1008 2993 P.
1052 2934 1325 3007 τῆςίπιθόσεωςχάφιν.
1363 2934 1443 3006 Ἦρξά
1455 2954 1510 2989 τινα
1520 2933 1684 3006 άρχόνςείτα
1694 2937 1748 2991 θέον
1760 2936 1838 2993 εἰπεῖν

267 3017 375 3090 Καλῶς]
391 3016 545 3088 ἀπεριέργως.
560 3012 591 3066 P·
1052 3013 1086 3078 ὣς
1099 3013 1139 3071 ίπί
1150 3019 1196 3069 τοῦ
1214 3017 1348 3086 προτέρου,
1360 3017 1454 3087 Δίδωμι
1467 3014 1510 3078 τίις
1529 3015 1628 3079 εἰνθόνας
1640 3016 1748 3081 τούτων,
1763 3015 1838 3085 ἰνηλ·

263 3099 330 3164 263,
351 3115 396 3167 ²7·
414 3097 462 3150 ’ὒν
482 3095 566 3167 μέντοι
579 3091 677 3165 γι]Τθ
691 3093 797 3164 νόμιμον
815 3097 889 3148 τοῦτο
904 3095 958 3150 λόει
971 3104 1009 3170 τῷ
1052 3095 1110 3158 λαξε
1123 3095 1166 3149 τόν
1178 3096 1286 3166 χρόνον,
1303 3095 1350 3149 Καί
1366 3096 1460 3151 δέδωκα
1478 3094 1576 3159 εῦθῦνας
1594 3096 1708 3150 ἰκείνων·
1724 3100 1757 3160 ὣς
1770 3117 1839 3161 τινας

227 3172 294 3252 ῥητῷ
307 3177 393 3250 καίτῇ
411 3176 515 3247 διανοίᾳ.
557 3170 668 3227 Ἐκείνου
684 3172 733 3244 γάρ
749 3172 865 3244 λέγοντος
878 3176 916 3229 ότι
937 3176 1010 3230 όνό·
1051 3173 1185 3229 ίιπυλαθεῖν
1199 3172 1326 3239 ἰντεῦθεν,
1337 3173 1371 3235 ὡς
1392 3172 1480 3246 μεταξίι
1493 3178 1536 3241 τῆς
1552 3179 1645 3246 γραφῆς
1662 3174 1836 3244 ἀποτιθείσης,

228 3279 273 3332 μος
286 3258 329 3313 οῦκ
343 3257 372 3328 ἰᾷ
385 3257 428 3311 τόν
442 3255 573 3311 ἰιπεθθυνον
588 3257 732 3325 στεφανοῦν,
745 3249 857 3327 οῦτοςτῇ
869 3257 965 3329 διανοίᾳ
974 3261 1011 3314 κί-
1052 3255 1108 3327 πρίν
1122 3253 1203 3309 ἰλθεῖν
1217 3253 1251 3317 είς
1268 3254 1483 3325 τόθικαστήριον,
1498 3253 1612 3325 φοόηθείς
1628 3256 1734 3325 παρέσχε
1747 3254 1791 3319 τάς
1802 3255 1839 3309 d»

227 3358 332 3410 χρηταν
347 3336 405 3390 ἀλλ’
418 3335 462 3390 οἰιιι
476 3334 502 3390 ἰν
512 3341 549 3408 τῷ
558 3334 589 3388 τίι
604 3332 709 3405 ίμαυτοῦ
723 3332 872 3401 ἀναλίσκειν,
887 3338 1009 3393 mmm
1053 3334 1124 3396 θόνας
1134 3333 1241 3386 τούτων·
1256 3331 1298 3385 θεά
1307 3336 1381 3387 τοῦτο
1390 3333 1433 3385 καί
1446 3333 1578 3388 πλάττεταί
1591 3351 1658 3395 τινας
1668 3336 1749 3406 ῶσπερ
1763 3333 1838 3389 ἀνθυ·

227 3424 263 3489 τῷ
278 3418 363 3489 δήμῳ·
381 3415 407 3471 ἰν
427 3413 610 3487 τῇτειχοποιίφ
622 3411 670 3484 γάρ
687 3409 816 3478 ἀντέδωκεν,
832 3413 866 3476 ὧς
885 3414 1006 3488 ἰγνωμεν,
1052 3409 1160 3482 ποφσράς
1169 3410 1225 3481 παρ’
1242 3408 1357 3482 Αἰσχίνη.
1369 3410 1450 3464 NV.

227 3495 372 3552 ARFTCP·
1087 3496 1156 3556 266,
1175 3493 1200 3546 6.
1224 3487 1264 3557 Νὴ
1282 3491 1318 3543 Δί’
1337 3489 1394 3542 ἀλλ’
1419 3489 1507 3551 ἀδίκως
1520 3485 1601 3562 ἦρξα]
1619 3489 1656 3544 Οἰι
1671 3494 1743 3546 τοῦτο
1761 3491 1838 3547 πάλιν

267 3572 509 3646 Ἐπαγγειλάμενος]
519 3569 698 3641 ἰιποσχόμενυς.
711 3571 742 3623 Ρ.
1054 3568 1174 3640 Αἰσχίνης
1188 3570 1337 3640 κατηγορεῖ,
1352 3568 1409 3621 ἀλλ’
1422 3567 1527 3639 όρητωρ
1541 3572 1584 3621 νῦν
1594 3568 1654 3623 αῦτθ
1665 3570 1836 3640 προστίθησιν,

263 3659 326 3718 εθέ,
339 3659 366 3709 6.
374 3652 488 3722 Τούτους]
499 3650 555 3713 τοίις
565 3647 798 3720 συκοφάνταςτεκαί
806 3648 861 3710 τοῦς
870 3649 956 3713 δόντας
977 3655 1007 3707 Ρ.
1053 3647 1135 3716 ἰπειδὴ
1150 3650 1237 3720 θαρρεῖ
1259 3648 1338 3721 ίαυτῷ
1357 3648 1391 3721 μ]
1405 3648 1555 3719 κεκλοφέναι
1577 3650 1700 3703 AR'PCP.
1723 3650 1777 3704 Καὶ
1790 3650 1837 3717 τὴν

262 3738 332 3798 α6ἰς,
347 3749 390 3788 ευ.
408 3730 551 3800 Ἐπέθωκα]
567 3727 689 3799 ίπένειμα.
705 3728 735 3783 Ρ.
1053 3730 1123 3783 λῦσιν
1141 3728 1227 3791 εἰνθίως
1246 3729 1300 3782 κατ’
1324 3728 1460 3800 ίπιτίμησιν
1482 3726 1590 3800 εἰσάγει,
1613 3728 1661 3782 Καὶ
1679 3729 1703 3782 τί
1717 3730 1838 3800 προδότης

263 3816 331 3877 κθί,
356 3828 398 3865 ιι.
415 3809 549 3881 Ἐπῄνεσεν
571 3805 644 3860 αὐτόν
658 3824 731 3877 φησιν
747 3804 763 3872 ὴ
783 3804 860 3876 βουλὴ
877 3806 1009 3863 ἰιπείιθυνον
1052 3808 1136 3883 ἰγίνου
1149 3813 1193 3875 τῆς
1201 3807 1296 3870 πόλεως
1307 3811 1339 3880 τῇ
1350 3810 1444 3879 σιωπῇς
1457 3811 1562 3870 εαῖιςτοῦ
1572 3808 1738 3879 Δημοσθένους
1749 3807 1838 3879 ἰρείσω

227 3894 305 3964 ὄντα]
316 3889 439 3952 ’ἰοῦτοιίις
450 3887 498 3944 άπθ
513 3886 628 3958 Αἰσχίνου
641 3886 757 3958 λέγοντος
768 3886 806 3938 ὅτι
826 3884 1009 3956 άπατηθιΐσαέγ
1052 3889 1258 3959 πολιτευσαμένου
1275 3886 1307 3940 τὰ
1329 3888 1454 3959 χιίριστας
1472 3888 1507 3949 τίς
1528 3885 1579 3942 εἰθέ
1598 3905 1625 3941 σε
1643 3893 1691 3941 τῶν
1711 3888 1836 3957 λογιστῶν

229 3970 306 4044 βουλὴ
320 3970 360 4025 ίνπ’
372 3968 446 4023 αὑτοῦ
460 3968 575 4040 ἰπῄνεσεν
586 3966 660 4019 αἰτίιν
674 3966 716 4019 καί
729 3963 894 4036 έστεφάνωσεν
907 3966 1009 4021 ἰιπεόθυ-
1052 3967 1097 4037 τὴν
1113 3969 1231 4040 πονηρίαν
1248 3969 1419 4038 μιμφόμενονς
1433 3968 1515 4022 ch,

228 4071 271 4104 νον
284 4052 353 4105 ὄντα.
368 4049 467 4104 ΑἰίΤΡ.
508 4045 572 4100 Ἀντί
583 4049 626 4099 τοῦ
638 4043 726 4110 εἰπεῖν,
741 4044 905 4116 όΚτησιφῶν,
918 4045 1009 4115 θποση·
1088 4053 1151 4113 266,
1167 4050 1193 4101 8.
1210 4042 1277 4099 Εἰτα
1295 4044 1395 4116 παρὼν]
1411 4045 1565 4116 Σημείωσαι·
1588 4043 1635 4098 ἀπθ
1648 4048 1692 4099 τοῦ
1708 4048 1793 4114 καιροῦ
1805 4045 1837 4099 τ“ο

229 4133 309 4203 μαίνει
319 4129 364 4198 τὴν
380 4126 472 4201 βουλὴν
482 4128 516 4189 ῶς
526 4124 683 4180 ίπαινέσασαν
697 4124 761 4194 ἤδη,
775 4124 819 4178 ἵνα
836 4126 951 4196 φαίνηται
966 4132 1010 4195 τῆς
1053 4128 1208 4199 ίπιχείμημα.
1220 4128 1251 4179 Β.

208 4266 211 4273 ,
229 4212 334 4282 βουλῆς,
347 4208 376 4263 οῦ
388 4210 572 4277 Κτησιφῶντος,
585 4209 737 4275 κατηγορῶν.
749 4205 829 4259 ΤΟΚ,
1088 4212 1151 4277 υ67.
1168 4206 1193 4260 3.
1208 4203 1342 4276 Γέγρσ]αι]
1357 4201 1386 4255 '0
1400 4203 1505 4257 Πλάτων
1520 4203 1596 4274 φησί,
1606 4203 1701 4274 γραφήν
1714 4203 1741 4257 σί
1754 4221 1789 4265 τις
1800 4202 1836 4266 ῶς

262 4291 298 4344 (λί
310 4290 365 4362 περί
378 4289 469 4343 τούτων
483 4305 513 4357 γε
524 4284 640 4353 οἰιθενθς]
655 4281 689 4355 μὴ
703 4285 848 4355 κατηγόρει,
862 4285 945 4355 φησίν,
958 4285 1010 4341 ἀδί-
1053 4287 1117 4340 ἔοικε
1129 4292 1277 4355 γέγραπται·
1292 4283 1370 4335 κεῖται
1380 4281 1405 4337 ἰν
1422 4288 1458 4352 τῷ
1473 4281 1616 4353 Εἰιθῦφρονι.
1630 4284 1660 4335 Ρ.

227 4392 291 4433 κως,
301 4369 367 4441 μηθί
378 4368 522 4438 συκοφάντει
533 4364 577 4432 τὴν
591 4362 700 4436 εἰρήνην.
737 4362 772 4416 Οί
784 4362 832 4435 γάρ
842 4359 921 4431 οὗτος,
934 4367 968 4429 ὡς
979 4367 1009 4419 σίι
1088 4370 1151 4434 υ67,
1163 4368 1189 4427 ό.
1209 4361 1235 4415 Ἃ
1251 4362 1278 4415 δέ
1291 4380 1362 4431 φησιν
1372 4360 1389 4427 ἰη
1401 4360 1478 4432 βουλὴ
1492 4363 1566 4432 δεῖν]
1582 4360 1661 4414 ἰίάλιν
1681 4357 1787 4430 ἰνίμεινε
1799 4366 1837 4431 τῷ

227 4450 319 4521 λέγεις,
340 4447 365 4502 ἰν
383 4446 421 4510 οἷς
441 4445 492 4517 είμί
504 4445 650 4509 ίπιῦθυνος,
666 4442 792 4516 ἰπῄνεαεν,
813 4442 879 4495 ἀλλά
899 4445 930 4497 δι’
949 4446 1009 4518 άπερ
1053 4444 1206 4515 θεωρήματι,
1219 4439 1275 4494 ἀντί
1282 4444 1326 4494 τοῦ
1338 4440 1508 4512 Κτησιφῶντος
1520 4440 1666 4512 μεταλαόὼν
1675 4437 1719 4505 τὴν
1730 4438 1834 4510 βουλήν.

228 4528 352 4589 έπίθωια,
367 4526 481 4596 είκαίρως
492 4522 667 4595 ἰπήνεγκετθ,
681 4519 861 4592 ῶσυκοφάντα.
875 4523 955 4576 ch.
1055 4521 1213 4593 Ἐνθυμιῖται
1232 4519 1258 4572 δέ
1277 4520 1341 4573 πάνυ
1362 4522 1495 4590 χαριέντως
1514 4519 1625 4590 ἰλίγγων
1644 4519 1679 4581 ὡς
1701 4516 1835 4589 ἀχάριστον

263 4611 331 4671 υ6ίς,
350 4608 390 4661 13.
414 4604 487 4660 Αλλίι
500 4604 541 4659 καί
553 4603 692 4674 τειχοποιός
704 4596 768 4669 ἦσθά
784 4602 859 4673 φησι]
874 4602 918 4655 Καί
935 4608 1008 4658 τοῦτο
1052 4603 1115 4674 ὁμοῦ
1137 4600 1179 4653 καί
1195 4598 1315 4666 ἀνόητον·
1338 4596 1408 4663 οἰον,
1432 4600 1462 4652 ἀν
1484 4601 1527 4671 μέν
1550 4618 1585 4660 τις
1602 4599 1662 4669 διδῷ
1676 4596 1707 4650 τίι
1729 4596 1833 4663 ἑαυτοῦ,

226 4689 260 4751 ὡς
270 4687 319 4744 ἀπὸ
331 4686 457 4757 Αἰσχίνου.
471 4686 548 4741 ΛΤΡ.
586 4684 665 4737 Τοῦτο
677 4682 721 4754 μέν
740 4681 762 4736 εἰ
782 4686 889 4748 συνῆπτο
907 4688 942 4755 τῷ
956 4684 1009 4737 ἀνω
1051 4681 1186 4753 λαμόάνειν
1199 4676 1244 4744 τὴν
1265 4676 1356 4748 βουλὴν
1371 4677 1415 4731 οἰικ
1428 4677 1565 4740 ἰκοίλυσας·
1583 4678 1612 4731 ἀν
1627 4676 1653 4730 δί
1665 4676 1725 4750 θέλῃ
1739 4676 1782 4737 τόν
1794 4678 1835 4730 θε·

226 4775 262 4839 τιμ
274 4768 329 4839 περί
341 4773 391 4821 τῶν
403 4767 534 4836 θεωρικῶν,
550 4765 602 4835 ἅμα
618 4766 673 4824 ταῖς
686 4763 728 4816 θῦο
744 4761 833 4833 ἀρχαῖς
849 4761 922 4816 αθτθν
935 4763 951 4829 η
965 4762 1008 4816 ἀν·
1051 4761 1149 4814 θωκότα
1171 4756 1334 4829 ἀμείψασθαι,
1357 4758 1500 4830 παράνομον
1520 4756 1604 4818 καλεῖς
1617 4755 1646 4809 εἰν
1666 4755 1832 4826 γιγνόμενον

227 4847 315 4909 τίθεσις
333 4844 421 4916 ίνοχον
440 4844 501 4897 ὄντα
520 4841 639 4904 ἰθείκνυε,
660 4841 768 4911 λέγουσα
783 4841 821 4894 ότι
839 4840 901 4895 κατίι
921 4840 1009 4895 ταίτίιν
1052 4838 1134 4901 καινθς
1152 4837 1271 4910 ἀναφείνη
1293 4839 1441 4910 νομοθέτης,
1454 4837 1483 4890 τὸ
1501 4836 1544 4908 μέν
1564 4835 1651 4889 λαόεῖν
1667 4834 1785 4898 ἐπαινῶν,
1804 4834 1836 4887 τίι

226 4926 267 4981 καί
280 4928 333 4989 τοῖς
345 4925 470 4995 θεωρικοῖς
482 4922 612 4977 ίιπεόθυνον
631 4922 692 4974 ὄντα
711 4920 752 4973 καί
769 4923 800 4992 τῇ
816 4923 952 4991 κατασκευῇ
966 4925 1009 4974 τοῦ
1051 4918 1078 4972 δί
1089 4917 1221 4972 ἀποδοῦναι
1236 4917 1398 4988 μεμφόμενος,
1436 4915 1584 4986 Προσεκτέον
1597 4913 1623 4967 δέ
1637 4913 1711 4968 πάλιν
1726 4918 1761 4985 τῷ
1772 4911 1835 4966 ἀπο-

226 5006 323 5077 τείχους
338 5003 427 5077 ίγραμ
443 5003 591 5073 τιμηθῆναι,
605 5000 693 5071 ἰσχυρά
707 5020 758 5062 πως
779 4997 890 5070 ἰφαίνετο
901 5001 1007 5070 σφόδρα·
1051 4998 1137 5052 δοῦναι
1146 4996 1180 5059 ὡς
1193 4995 1308 5066 εἰικαίρως
1318 4993 1455 5067 εἰρημένῳ,
1466 4995 1511 5049 ἵνα
1518 4996 1633 5065 φαίνηται
1642 4993 1714 5063 χρέος
1725 4990 1836 5062 ἀποπλη-

227 5086 269 5139 καί
287 5084 342 5155 περί
361 5081 405 5150 τὴν
419 5081 541 5152 ἀναίρεσιν
561 5078 713 5152 ἠποροῦμιν.
749 5078 801 5131 Νῦν
819 5077 846 5130 δέ
859 5078 888 5131 τό
909 5076 1008 5148 ἰσχυρόν
1051 5077 1152 5150 ροῦσαέγ
1167 5076 1255 5147 βουλή.
1267 5076 1349 5130 TCV.

226 5162 350 5225 διαπαίξας
364 5162 393 5216 τθ
401 5161 520 5232 ιιρίτῶν
532 5161 664 5231 θεωρικῶν,
679 5159 720 5213 καί
732 5163 768 5231 τῷ
779 5159 851 5230 τάχει
859 5156 903 5224 τὴν
914 5157 1009 5227 ἀπάτην
1087 5162 1149 5226 α67,
1170 5158 1195 5210 5.
1218 5155 1254 5208 Το
1276 5153 1363 5207 λαόεῖν
1377 5148 1443 5219 οίν]
1466 5150 1525 5203 Καθ’
1544 5151 1605 5204 όλον
1627 5150 1708 5203 κῶλον
1731 5149 1836 5220 παρίτω·

226 5242 376 5313 ῦπυκλέθας,
390 5242 423 5303 ῶς
436 5238 464 5294 ἰκ
483 5241 618 5310 περιουσίας
637 5237 729 5309 εἰσάγει
745 5237 868 5310 ληροῦντα
883 5239 938 5310 περὶ
952 5240 1008 5293 τοό-
1050 5257 1096 5300 σις.
1111 5239 1142 5291 Β.
1464 5262 1466 5267 ·

227 5342 276 5377 των
294 5321 337 5375 τθν
356 5319 485 5390 Αἰσχίνην,
500 5318 542 5372 καί
554 5318 682 5392 λέγοντα,
697 5319 835 5389 τειχοποιθς
846 5313 926 5386 ἦσθα,
948 5319 1008 5375 ὅπου
1087 5322 1148 5388 υθρ,
1162 5335 1187 5386 7.
1205 5314 1235 5367 ‘0
1248 5310 1596 5391 όίπαμπόνηροςΠθκόμμα
1609 5306 1731 5380 ἔγκλημα,
1747 5305 1778 5358 Β.
1818 5326 1820 5331 ·
