3967 5967
269 430 307 479 ss
333 387 337 394 ’
765 418 945 479 ιιιιιιιιιιι
965 420 989 478 ο
1009 419 1110 481 nura
1132 421 1338 485 nuanxcr.

269 547 328 623 (aaa)
345 545 429 606 Πάλιν
442 546 524 606 τοίνυν
537 549 551 604 δ
565 544 640 610 αὐτὸς
654 546 681 603 ἐν
696 547 734 625 τῷ
745 544 848 604 Φοίνικι
857 545 1038 627 ἀποφαίνεται,
1085 559 1151 620 (tat)
1161 562 1252 610 Rursus
1262 561 1325 611 idem
1335 562 1403 624 poeta
1415 559 1440 609 in
1452 557 1577 621 Pbuuice,
1591 559 1621 608 de
1632 560 1753 610 calumnia
1761 576 1810 624 qua
1822 563 1861 613 de·

266 632 331 708 ὑπὲρ
342 636 387 702 τῆς
401 634 571 711 γεγενημένης
583 634 653 710 αὐτῷ
668 630 730 710 πρὸς
744 631 788 691 τὸν
801 632 903 711 πατέρα
917 633 1040 702 διαύολῆι

266 719 483 797 ἀπολογούμενος,
504 720 548 777 καί
566 719 692 786 ἀπεθίζων
711 716 770 785 τοὺς
789 718 938 796 ἀνθρώπους
955 720 991 796 μὴ
1014 720 1040 787 έξ

266 806 376 886 mpura(
388 808 449 884 μηδ’
460 809 489 865 ἐκ
500 805 632 877 ptume,
646 805 704 864 ἄγχ’
722 808 751 863 χχ
764 812 809 864 τοῦ
823 806 878 883 ργου
889 806 935 873 ,μς
945 808 1041 885 xpm
1084 805 1140 841 cum
1149 795 1174 842 et
1182 793 1290 844 bominac
1299 796 1490 857 wnsuetacieus,
1500 809 1530 845 ne
1539 808 1569 846 cs
1578 796 1801 858 suspicionibusaut
1814 800 1861 847 cri·

1085 907 1267 967 minationibus,
1279 908 1320 958 aad
1331 922 1362 957 cx
1371 911 1489 958 anteacta
1502 910 1552 958 rita
1561 908 1678 971 judicium
1691 909 1779 959 ίιοίειιι
1792 929 1799 959 z

1722 423 1859 502 (ιιι-ιιι)

1085 674 1149 724 tatus
1164 641 1264 726 Phocais
1276 678 1352 728 iuerat
1363 678 1427 741 apud
1443 680 1550 740 patrem,
1562 677 1715 739 pronuntiat,
1731 678 1861 730 detrudens

265 896 401 952 ποιεῖσθαι.

327 1033 385 1091 Ἤδη
397 1033 421 1082 δέ
430 1033 520 1082 πολλῶν
529 1034 610 1096 ᾑρέθην
620 1033 696 1093 λόγων
707 1032 794 1096 κριτής,

325 1106 365 1153 καὶ
378 1102 444 1153 πόλλ’
455 1105 606 1166 ἁμιλληθέντα
618 1106 738 1168 μαρτύρων
746 1106 809 1165 ὕπο,

326 1175 426 1223 τάναντί’
439 1175 512 1236 ίγνων
521 1179 638 1237 συμφοραῖς
648 1179 701 1237 μιᾶς
710 1175 770 1238 πέρι.

329 1243 402 1305 Κάγὼ
412 1244 453 1306 μίν
465 1245 540 1305 οὕτω,
551 1244 637 1306 χῶστις
649 1243 696 1291 ἔστ’
707 1243 763 1304 &arip
772 1241 855 1306 σοφός,

325 1314 445 1376 λογίζομαι
454 1314 562 1373 τάληθές,
574 1315 606 1369 είς
616 1313 696 1375 ἀνδρὸς
705 1312 772 1375 φύσιν

325 1389 421 1432 σκοπῶν
430 1383 518 1431 δίαιτάν
529 1384 548 1430 θΙ
558 1381 630 1442 ἥντιν’
637 1382 795 1445 ἐμπορεύεται·

325 1453 388 1507 ὅστις
398 1453 418 1501 δ’
427 1453 514 1513 ὁμιλῶν
522 1453 602 1509 ἥδεται
612 1456 692 1505 κακοῖς
701 1450 773 1512 ἀνήρ,

326 1522 353 1570 ού
361 1520 455 1570 πώποτ’
462 1521 589 1582 ἠρώτησα,
600 1521 738 1580 γιγνώσκων
748 1520 784 1567 ὅτι

324 1591 427 1648 τοιοῦτός
436 1592 496 1640 ἐστιν
506 1591 539 1647 ot<
548 1606 590 1653 περ
596 1591 674 1647 ἥδεται
684 1590 764 1647 ξυνών.

1137 1047 1250 1101 Jamsnpc
1259 1046 1329 1091 tocius
1337 1047 1394 1090 acris
1404 1046 1545 1096 liticarbiter,

1137 1123 1207 1167 quum
1218 1114 1288 1158 rnutta
1297 1115 1465 1158 concurrissent
1474 1115 1534 1158 dicta
1544 1114 1645 1168 testium,

1136 1181 1203 1224 statui
1212 1180 1336 1231 diversam,
1347 1193 1413 1226 causa
1420 1181 1530 1227 adductus
1539 1184 1615 1226 unica.

1138 1253 1166 1294 nt
1174 1261 1217 1304 ego
1226 1250 1316 1306 qudam
1329 1251 1361 1295 otc
1371 1252 1439 1302 (ratio
1447 1254 1473 1296 ut
1482 1252 1528 1307 ipsa
1537 1251 1651 1307 postutat)

1137 1319 1228 1371 impuiro
1237 1330 1301 1366 uera.
1311 1329 1384 1363 morea
1393 1320 1482 1363 intuens
1490 1319 1576 1373 riri,et

1137 1389 1271 1443 quotidianae
1283 1389 1335 1433 rttae
1345 1388 1539 1434 consuetudinem.

1138 1458 1237 1512 Νιιιιιγοε
1245 1455 1397 1511 improborum
1408 1457 1444 1500 cui
1454 1457 1526 1512 placet
1534 1456 1649 1510 sodalitm,

1138 1527 1157 1571 ts
1166 1527 1204 1581 qut
1213 1527 1256 1570 sict
1264 1527 1306 1576 vir.
1316 1538 1362 1570 nun
1373 1537 1428 1580 rogo
1438 1541 1444 1569 ι
1453 1527 1525 1569 sciens
1534 1527 1597 1578 satis,

1138 1594 1246 1638 sodalium
1257 1594 1320 1638 illum
1331 1594 1453 1639 conventre
1462 1595 1569 1639 moribus

266 1711 323 1792 (rsa)
334 1711 470 1792 Σκίψασθε
485 1713 519 1788 δ’,
532 1702 554 1770 ὦ
569 1712 706 1784 Ἀθηναῖοι,
716 1710 762 1778 τδς
773 1709 877 1788 γνώμας
886 1709 916 1776 ἀς
928 1711 1039 1790 ἀποραί·
1085 1715 1149 1778 (153)
1161 1715 1315 1766 Considerate
1324 1716 1465 1774 mutandas,
1477 1715 1644 1776 Athenienses,
1657 1729 1717 1779 quas
1725 1720 1795 1781 poeta
1804 1734 1860 1783 pro·

263 1802 487 1873 νεταιδποιητής.
500 1800 572 1872 Ἤδη
592 1803 695 1858 πολλῶν
708 1799 871 1878 πραγμάτων
885 1797 949 1878 φησί
962 1821 1038 1876 γεγε·
1085 1813 1138 1863 tert.
1170 1811 1304 1874 Aitscjam
1316 1812 1445 1861 muitarum
1455 1825 1535 1861 rerum
1545 1812 1862 1877 tuiascdisccptatorent,ut

263 1891 355 1959 νῆσθαι
366 1887 468 1968 >epis-tic,
482 1886 572 1967 ῶσπερ
583 1891 627 1944 νῶν
640 1889 713 1963 θμεῖς
727 1884 856 1944 δικασταί·
870 1885 915 1943 καί
927 1884 973 1950 τίς
986 1886 1040 1964 κρί·

222 1984 257 2033 22
266 1999 318 2043 σεις
330 1978 376 2035 οὐκ
389 1978 418 2034 ἐκ
431 1978 482 2033 τῶν
495 1977 653 2055 μαρτυριῶν,
661 1974 718 2030 ἀλλ’
731 1974 817 2031 ἐκτῶν
828 1971 1038 2048 ἐπιτηδευμάτων

263 2064 367 2122 καὶτῶν
379 2064 486 2139 ὁμιλιῶν
496 2085 558 2142 ρησι
569 2062 706 2131 ποιεῖσθαι,
715 2061 797 2118 ἐκεῖσε
809 2058 1039 2131 ἀποδλέπων,πιῗις

262 2150 306 2208 τὸν
317 2150 375 2209 καθ’
391 2149 493 2228 ἡμέραν
514 2149 569 2228 βίον
581 2152 613 2226 ζῇ
626 2152 641 2206 ὃ
654 2146 804 2226 κρινόμενος
823 2145 868 2203 καί
881 2144 967 2204 δντινα
978 2146 1039 2225 τρύ·

263 2260 311 2296 πον
326 2239 415 2296 διοικεῖ
429 2235 476 2306 τὴν
494 2240 586 2295 ἑαυτοῦ
603 2234 697 2310 οἰκίαν,
708 2239 743 2301 ὡς
757 2232 947 2314 παραπλησίοις
961 2233 1038 2291 αιἰτδν

263 2323 308 2382 καί
320 2324 353 2381 τὰ
366 2328 412 2396 τῆς
429 2323 528 2389 πολεως
546 2323 726 2398 διοικήσοντα,
740 2320 785 2379 καὶ
799 2321 850 2380 τίσι
867 2322 953 2399 χαίρει
969 2327 1038 2393 πλη-

264 2411 366 2478 σιοίζων·
381 2410 427 2469 καί
437 2412 562 2468 τελευτῶν
571 2412 617 2469 ούκ
627 2408 743 2480 ὤκνησεν
759 2407 939 2490 ἀπορήνασθαι
954 2414 1037 2467 τοιοῦ·

223 2522 236 2558 a
262 2522 305 2557 τον
317 2497 395 2556 αὐτὸν
408 2488 472 2555 εἶναι
483 2488 519 2562 οἷς
528 2520 577 2576 περ
588 2496 678 2569 ίίδεται
692 2494 782 2565 ξυνών.
824 2496 927 2555 Οὐκοῦν
940 2495 1038 2555 δίκαιον

262 2577 308 2635 καί
320 2576 380 2655 περί
392 2579 417 2636 Τ
419 2576 531 2656 ιμάρχου
545 2580 596 2642 τοῖς
611 2577 696 2641 αὐτοῖς
710 2579 778 2651 ὑμᾶς
794 2573 923 2653 Εὐριπίδη
937 2573 1037 2652 χρήσα·

262 2670 322 2724 σθαι
340 2666 484 2740 λογισμοῖς.
527 2662 583 2741 (ιιι)
606 2664 667 2729 Πῶς
689 2659 801 2742 διῴκηκε
820 2661 868 2732 τὴν
886 2663 978 2719 ίαυτοῦ
994 2664 1038 2720 ού·

263 2752 336 2824 σίαν;
351 2752 508 2820 κατεδήδοκε
525 2750 558 2808 τὰ
569 2754 678 2830 πατρῷα
687 2750 731 2808 καὶ
743 2749 776 2808 τὰ
785 2753 836 2808 τῶν
851 2748 941 2829 φίλων,
957 2770 1038 2826 μεμι-

263 2836 414 2917 σθαρνηκὼς
427 2841 464 2919 τῶ
479 2836 581 2914 σιίιματι
600 2836 644 2895 καί
659 2838 808 2917 δωροδοκῶν
827 2835 940 2915 δημοσία
961 2835 1038 2894 πάντ’

262 2924 395 3005 ἠράνικεν,
410 2923 476 2983 ὥστε
491 2924 571 3000 μηδὲν
586 2924 643 2981 ἀλλ’
664 2922 681 2993 ἢ
703 2922 749 2990 τδις
763 2923 887 3002 αἰσχύνας
907 2924 978 3003 αὐτῷ
992 2946 1038 2982 πι·

263 3014 363 3092 ριεῖνσι.
381 3012 474 3092 Χαίρει
485 3012 510 3069 δὲ
521 3015 558 3093 τῷ
569 3012 665 3089 ξυνῶν;
676 3010 857 3091 Ἱίγηοάνδρῳ.
868 3009 902 3071 Ὁ
915 3011 938 3068 δ’
951 3009 1037 3090 Ἡγτζ·

263 3100 369 3179 σανδρος
389 3104 418 3158 έκ
433 3098 509 3156 τίνων
520 3101 588 3158 ἐστὶν
603 3099 832 3175 ἐπιτηδευμάτωνς
848 3100 877 3156 έκ
894 3097 992 3156 τούτων
1012 3099 1037 3167 ἐξ

224 3200 248 3239 ¹⁰
261 3177 297 3245 ῶν
309 3186 386 3244 αιἰτδν
395 3186 528 3266 πράξαντα
541 3189 564 3245 οί
578 3185 651 3261 νόμοι
663 3184 854 3265 ἀπαγορεύουσι
867 3184 903 3261 μὴ
920 3187 1035 3263 δημηγο-

263 3281 325 3354 ρεῖν.
367 3272 438 3351 Ἐγὼ
449 3271 476 3330 δέ
489 3272 514 3331 τί
525 3272 593 3351 λέγω
607 3270 676 3330 κατὰ
685 3273 839 3351 Τιμάρχου,
854 3272 898 3330 καί
909 3271 966 3329 τίνα
979 3273 1037 3331 ποτ’

262 3361 331 3419 ἐστὶν
346 3360 599 3440 ἀάντι·γέγραμμαι;
613 3359 649 3436 μὴ
666 3360 822 3438 δημηγορεῖν
834 3358 971 3439 Τίμαρχον
988 3383 1035 3417 πε-

261 3445 433 3527 πορνευμένον
448 3448 492 3505 καὶ
512 3447 558 3517 rip
584 3447 707 3529 πατρῴαν
723 3447 812 3505 οὐσίαν
833 3446 1035 3518 κατεδηδοκότα.

262 3534 354 3612 Ὑμεῖς
368 3532 395 3592 δέ
413 3534 441 3592 τί
454 3534 628 3611 θμωμύκατε;
650 3534 715 3615 ὑπέρ
736 3537 820 3593 αὐτῶν
836 3534 985 3613 ψηφιεῖσθαι
1001 3526 1036 3592 ῶν

262 3613 293 3671 ἀν
308 3617 328 3683 ἡ
342 3611 423 3681 δίωξις
434 3605 462 3692 ᾖ.

301 3721 350 3760 τοι.
372 3698 432 3758 Ἵνα
448 3697 474 3758 δέ
488 3698 524 3776 μέ,
537 3702 693 3778 μακρολογῶ
705 3698 764 3778 περί
777 3702 828 3757 τῶν
842 3702 957 3769 ποιητῶν
969 3698 1037 3766 διεξ-

262 3785 317 3862 ιών,
332 3787 430 3867 ἀνδρῶν
442 3787 492 3866 ἐρῶ
506 3785 685 3866 πρεσὸυτίρων
699 3785 744 3843 καί
754 3783 890 3864 γνωρίμων
908 3788 969 3860 ύμῖν
985 3784 1037 3844 διό·

224 3894 249 3932 ιι
262 3897 333 3949 ματα
345 3875 390 3931 καί
413 3874 553 3951 μειρακίων
567 3873 612 3931 καὶ
627 3871 736 3942 παίδων,
749 3864 785 3930 ῶν
799 3873 851 3937 τοῖς
867 3870 913 3948 μέν
928 3873 969 3929 διδι
989 3873 1036 3942 τὴν

261 3960 415 4041 εὐπρέπειαν
433 3960 525 4019 πολλοὶ
536 3961 671 4037 γεγόνασιν
684 3958 804 4039 ἐρασταί,
820 3958 893 4025 ἐνίοις
905 3957 932 4016 δὲ
946 3961 997 4015 τῶν
1012 3961 1037 4017 έν

261 4047 349 4128 ἡλικίᾳ
364 4047 401 4106 ἐτι
415 4048 460 4106 καὶ
473 4053 517 4106 νῦν
531 4047 604 4120 είσίν,
619 4038 654 4105 ῶν
667 4046 747 4112 οὐδεὶς
762 4044 865 4104 πώποτ’
879 4048 914 4112 είς
927 4045 973 4111 τάς
989 4049 1037 4104 αὐ·

260 4134 306 4202 τὰς
318 4136 401 4202 αἰτίας
411 4136 516 4215 ἀρῖκται
529 4136 675 4212 Τιμάρχῳ·
690 4133 735 4191 καί
748 4133 826 4190 ποῶιν
837 4135 896 4208 ὑμῖν
911 4132 1034 4199 ἀντιδιέξ·

261 4244 314 4297 ειμι
333 4220 474 4300 ἀνθρώπων
489 4212 702 4299 πεπορνευμένων
726 4219 840 4297 αἰσχρῶς
860 4217 905 4276 καὶ
922 4222 1037 4297 ρανερῶς

260 4309 390 4383 ὀνόματα,
402 4308 444 4365 ίνα
457 4312 530 4382 ὑμεῖς
542 4306 747 4381 ἀναμνησθέντες
759 4305 932 4382 κατανείμητε
945 4308 980 4370 εἰς
989 4304 1036 4376 τὴν

259 4392 442 4472 προσήκουσαν
456 4392 527 4461 τάξιν
542 4393 689 4471 Τίμαρχον.
732 4394 791 4469 (ran)
808 4395 915 4470 Πρῶτον
930 4391 956 4449 δέ
971 4390 1036 4459 λέξοι

260 4479 293 4537 nd
306 4482 358 4537 τῶν
369 4478 507 4558 ἐλευθέρων
522 4478 565 4536 καί
580 4481 666 4544 καλῶς
681 4476 844 4557 βεύιωκότων
855 4475 979 4554 ὀνόματα.
990 4480 1035 4536 Ιί-

218 4579 246 4619 20
260 4566 381 4640 νῶσκετε,
394 4557 416 4625 ῶ
429 4567 567 4637 Ἀθηναῖοι,
584 4566 703 4646 Κρίτωνα
714 4564 756 4624 τδν
770 4564 907 4643 Ἀστυόχου
921 4563 966 4622 καί
981 4567 1034 4625 Πε·

261 4654 389 4734 ρικλείδην
407 4653 451 4712 τὸν
467 4654 621 4732 Περιθοίδην
642 4652 687 4710 καί
704 4651 888 4729 Πολεμαγένην
900 4650 946 4709 καλ
964 4654 1034 4710 Παν·

258 4739 380 4798 ταλέοντα
401 4739 445 4799 τὸν
460 4739 612 4818 Κλεαγόρου
633 4741 677 4797 καί
690 4739 847 4815 Τιμησίθεον
864 4738 907 4797 τὸν
922 4738 1034 4817 δρομέα,

1084 1910 1108 1958 et
1118 1921 1160 1958 rus
1168 1906 1331 1969 nunciudices
1342 1926 1349 1956 ι
1360 1920 1433 1970 saque
1439 1909 1522 1957 asserit
1529 1906 1620 1969 judicia
1630 1922 1679 1957 non
1689 1910 1860 1974 etestimuuiis‚

1083 2002 1125 2053 scd
1138 2017 1152 2053 e
1163 2002 1247 2052 studiis
1260 2005 1285 2053 et
1299 2001 1498 2053 familiaritatibus
1511 2003 1594 2052 iecisse
1605 2023 1612 2053 z
1627 2004 1684 2053 illuc
1695 2005 1860 2067 respicieutun

1083 2111 1139 2161 qum
1157 2099 1238 2148 iubset
1249 2111 1290 2148 reo
1302 2097 1448 2160 quotidiana
1466 2097 1522 2146 ritae
1538 2098 1699 2161 consuetudo,
1710 2102 1736 2149 et
1746 2103 1774 2150 ut
1790 2115 1860 2151 suam

1085 2195 1197 2245 familiam
1208 2196 1453 2259 concursantium
1469 2196 1553 2246 codem
1567 2196 1640 2246 ruodo
1651 2200 1676 2247 ct
1687 2200 1860 2261 rempublicam

1083 2293 1144 2340 oeset
1152 2289 1371 2351 administraturum
1381 2292 1516 2353 etquornm
1525 2292 1669 2341 commercio
1680 2294 1774 2355 gavisus
1789 2299 1860 2355 essee

1083 2380 1185 2443 demque
1194 2381 1347 2443 pronuntiare
1363 2393 1411 2429 non
1427 2380 1536 2441 dubitat,
1550 2380 1622 2430 tatem
1634 2395 1690 2431 eum
1703 2395 1768 2443 esse,
1777 2384 1860 2444 quates

1083 2472 1100 2521 ii
1109 2473 1165 2531 sint,
1175 2484 1279 2534 quorum
1288 2470 1459 2522 consuetudine
1468 2472 1608 2521 delectetur.
1618 2475 1723 2534 Equum
1732 2473 1804 2536 igitur
1813 2478 1859 2535 cst,

1084 2577 1126 2613 ros
1138 2564 1169 2614 dc
1180 2564 1306 2614 Timarcho
1326 2564 1398 2613 etiam
1412 2564 1495 2613 iisdem
1512 2577 1569 2613 curn
1581 2565 1694 2627 Euripide
1709 2566 1745 2615 uti
1758 2567 1859 2616 rationi·

1082 2663 1136 2713 bus.
1170 2667 1232 2726 (tsi)
1242 2664 1369 2722 Quomodo
1377 2675 1445 2712 suam
1455 2677 1505 2713 rem
1515 2663 1655 2713 familiarem
1664 2665 1775 2714 curarit?
1786 2667 1859 2715 Patri·

1083 2760 1190 2809 monium
1199 2763 1224 2809 et
1236 2773 1306 2809 suum
1318 2764 1342 2810 ct
1352 2761 1484 2809 unicorum
1493 2760 1630 2821 pertusum
1644 2760 1788 2823 absumpsit,
1801 2776 1858 2824 pro-

1082 2856 1166 2905 stituta
1180 2855 1289 2905 mercede
1300 2854 1414 2917 pudicitia
1423 2891 1430 2917 ,
1440 2855 1591 2918 acceptisque
1600 2857 1692 2906 obrem
1702 2857 1858 2918 judicandam

1083 2950 1221 2999 muneribus
1231 2950 1311 2998 ournla
1319 2953 1415 2998 strenue
1424 2947 1542 3009 content,
1555 2950 1582 2996 ut
1593 2948 1683 2998 nibilci
1694 2950 1726 2999 sit
1739 2951 1859 3013 reliquum

1082 3047 1168 3108 praetor
1177 3043 1289 3094 drdccus.
1303 3042 1377 3103 cuius
1385 3043 1465 3091 autem
1475 3041 1646 3092 cousuetudine
1654 3042 1804 3094 delectatur?
1814 3049 1860 3097 tta·

1082 3136 1199 3198 gunnari.
1215 3132 1358 3198 neguauuri
1370 3146 1440 3199 porro
1455 3131 1534 3187 stridis
1547 3146 1601 3201 ηοω
1612 3137 1686 3189 sunt?
1702 3138 1747 3204 ia,
1760 3144 1859 3206 propior

1082 3243 1137 3291 ηοω
1149 3230 1261 3291 lugibusa
1273 3230 1426 3279 concionibus
1435 3231 1550 3280 trahendis
1560 3233 1691 3294 repelbtur.
1702 3237 1751 3296 Ego
1761 3248 1820 3285 vcro
1827 3237 1859 3287 de

1082 3321 1210 3371 Timarcho
1223 3320 1279 3383 quid
1291 3320 1361 3369 dico?
1372 3325 1397 3369 et
1412 3335 1522 3383 quaenam
1539 3321 1568 3370 ad
1581 3327 1706 3385 praeturem
1718 3326 1806 3375 retuli?
1823 3330 1860 3377 lto

1082 3413 1209 3463 conciones
1227 3414 1313 3463 baberd
1326 3414 1479 3475 Tiuaaucbus,
1493 3414 1607 3476 pudicitia
1622 3418 1763 3479 prostituta,
1775 3422 1800 3468 et
1815 3433 1859 3482 per

1082 3505 1167 3554 luxum
1176 3507 1305 3568 absumpto
1316 3505 1468 3567 patrimonio.
1482 3510 1531 3555 vos
1540 3507 1717 3569 quidjurastisi
1729 3512 1765 3559 Dc
1776 3510 1806 3560 iis
1818 3525 1858 3561 rc·

1082 3598 1127 3649 bus
1137 3600 1344 3662 pronuntiaturos,
1354 3612 1409 3660 quae
1424 3599 1449 3646 iu
1460 3601 1612 3648 accusatione
1621 3602 1765 3664 prascriptoe
1776 3606 1833 3655 sint

1115 3698 1167 3740 155.
1185 3695 1221 3741 ite
1229 3706 1287 3741 vero
1303 3694 1427 3755 poetarum
1437 3694 1580 3743 auctoritate
1590 3693 1731 3744 iucutcaada
1742 3697 1787 3746 ειίιι
1800 3712 1854 3761 pro-

1082 3784 1160 3843 lixior,
1170 3783 1275 3832 virorum
1282 3783 1360 3832 uticam
1368 3783 1489 3833 seniorum
1498 3789 1658 3848 uotorumque
1669 3787 1736 3836 robis
1745 3790 1858 3852 nomina,

1082 3877 1258 3927 adolescentum
1268 3878 1325 3926 item
1335 3881 1360 3927 et
1371 3890 1512 3939 puerorum,
1522 3891 1626 3940 quorum
1635 3880 1675 3928 alii
1685 3881 1717 3929 ob
1727 3882 1811 3934 ionum
1819 3898 1858 3934 re·

1082 3971 1201 4018 nustatem
1211 3970 1300 4018 mutius
1309 3968 1579 4031 babueruntamatorea,
1587 3970 1626 4019 aiii
1636 3985 1679 4034 per
1685 3977 1780 4022 atatem
1790 3988 1857 4026 nunc

1081 4061 1154 4111 etiam
1165 4061 1254 4109 babent
1265 4079 1271 4109 :
1281 4073 1384 4122 quorum
1393 4059 1482 4109 nemini
1492 4074 1598 4122 unqrram
1607 4061 1690 4111 eadem
1699 4077 1754 4125 qum
1765 4066 1856 4116 Timar·

1081 4161 1126 4209 cho
1135 4159 1232 4208 crimina
1241 4162 1297 4207 sunt
1307 4157 1408 4219 objecta.
1422 4158 1576 4220 Visissirnque
1586 4159 1653 4208 robis
1661 4164 1857 4214 cummunombo

1081 4252 1176 4301 nomina
1187 4251 1323 4310 bourinum,
1340 4250 1383 4312 qui
1397 4249 1486 4296 libidini
1500 4251 1600 4311 turpiter
1611 4254 1740 4314 aperteque
1752 4255 1856 4305 induisc·

1081 4347 1154 4394 runt:
1168 4347 1195 4393 ut
1208 4358 1252 4394 eus
1262 4356 1346 4393 corum
1361 4341 1491 4404 recordati,
1507 4343 1659 4392 Timarchum
1675 4343 1699 4392 in
1710 4351 1856 4397 convenien-

1080 4449 1129 4494 tem
1138 4444 1160 4493 ei
1174 4442 1282 4492 ordinem
1296 4441 1422 4504 reponatis.
1455 4442 1519 4502 (156)
1537 4441 1644 4491 Primum
1656 4446 1738 4492 auteur
1747 4457 1856 4496 warme-

1081 4537 1179 4586 morabo
1185 4537 1342 4598 ingenuorum
1349 4535 1455 4596 nomina,
1463 4536 1606 4596 quinarem
1613 4535 1710 4584 honeste
1716 4544 1856 4600 exegerunt.

1080 4631 1170 4694 Nostis,
1182 4633 1345 4694 Attrcuieases,
1354 4632 1477 4683 cutonem
1489 4633 1617 4694 nstyociu,
1627 4638 1652 4684 et
1662 4634 1803 4686 Perictidcrn
1816 4640 1857 4687 Pe

1080 4725 1221 4787 ritbudam,
1239 4730 1263 4775 et
1285 4725 1480 4787 Poiemagencm,
1498 4727 1522 4775 et
1537 4727 1718 4776 pantaleontem
1733 4728 1856 4791 cteagorae

260 4826 413 4893 καλλίστους
423 4829 451 4885 ογ,
465 4826 542 4903 μόνον
553 4831 603 4885 τῶν
615 4829 726 4886 ,τολμῶν
738 4825 806 4884 ἀλλὰ
818 4825 863 4885 καὶ
874 4830 924 4885 τῶν
938 4825 1033 4896 Ἑλλή.
1079 4821 1116 4876 R,
1128 4821 1153 4866 et
1166 4817 1341 4868 Timesittrcum
1353 4830 1490 4879 cursorem,
1500 4818 1541 4880 qut
1554 4832 1601 4867 non
1613 4819 1702 4868 ciriurn
1712 4823 1853 4874 dumtaxat.

260 4939 309 4971 νων
319 4911 504 4991 γεγενημένους
515 4913 561 4972 καί
570 4912 698 4973 πλείστων
709 4913 753 4972 καί
763 4912 928 4994 σωρρονεστιί
935 4935 980 4969 των
993 4935 1034 4970 τυ·
1078 4917 1118 4967 scd
1139 4919 1164 4966 ct
1184 4919 1323 4965 Graecorum
1341 4912 1449 4960 omnium
1467 4910 1628 4959 formosissimi
1652 4912 1763 4972 fuerunt,
1782 4915 1855 4975 atquo

259 5002 353 5079 χόντας
366 5004 489 5079 ἐραστῶν·
505 5002 562 5060 ἀλλ’
576 5000 646 5076 ὅμως
658 5001 740 5068 οὐδεὶς
753 4999 858 5059 πώποτε
874 4997 965 5066 αὐτούς
978 4998 1035 5079 ἕψε·
1079 5007 1199 5054 amatores
1213 5000 1328 5064 plurimus
1345 5002 1370 5047 et
1392 4997 1575 5046 rumiestissirnos
1592 4996 1728 5046 trabucruut
1747 5018 1753 5046 :
1775 5002 1854 5049 tanrcn

260 5088 295 5157 ξε.
338 5089 395 5166 (ιιι)
415 5087 499 5149 Πάλιν
511 5091 540 5148 έκ
550 5094 602 5149 τῶν
622 5089 762 5169 μειρακίων
777 5088 821 5145 καὶ
841 5091 891 5146 τῶν
904 5089 930 5143 ἐν
944 5087 1034 5144 παισίν
1079 5105 1150 5140 nenio
1163 5085 1483 5152 unquameosritupcrarit.
1503 5086 1568 5144 (157)
1581 5086 1708 5160 annues
1721 5085 1854 5135 adoloscen-

260 5177 296 5235 ἔτι
311 5176 355 5234 καί
369 5182 412 5235 νῦν
427 5175 504 5243 ὄντοιν
517 5181 619 5255 πρῶτον
632 5176 679 5251 μέν
688 5175 731 5236 τὸν
748 5177 898 5257 ἀδελφιδοῦν
912 5175 955 5233 τὸν
967 5173 1034 5253 ’ipa
1080 5181 1146 5230 tibus
1158 5181 1182 5227 et
1195 5177 1223 5227 iis
1232 5176 1274 5238 qui
1284 5175 1355 5225 etiam
1365 5187 1429 5222 nunc
1442 5173 1503 5222 inter
1514 5185 1598 5234 pueros
1607 5175 1741 5232 censentur,
1750 5173 1853 5235 primurn
