3967 5967
652 472 821 534 HERODiS
842 473 906 533 ott.
929 471 980 530 DE
1003 471 1224 533 ttutbotrcn.

136 605 300 674 ίπιδείξαντα
314 613 416 676 πᾶσιν,
428 601 484 663 υίαν
504 603 585 668 οὐδείς
595 600 663 661 οθτω
677 602 788 682 σκληρὸς
802 601 860 659 etot
874 623 916 675 με·
962 608 1014 668 stis,
1028 621 1104 670 quum
1121 608 1169 658 tate
1179 608 1216 658 sui
1225 609 1346 671 specimen
1360 609 1472 660 omnibus
1485 611 1575 673 ederet,
1584 614 1657 676 quare
1672 627 1743 666 nemo

139 692 286 774 πάνθθωπίς
299 695 373 750 3⁶²²*
390 691 461 758 3⁶³²(
474 690 616 770 ἀδάκρυτος
631 689 662 748 ἂν
675 690 842 768 δῑθΐθθθῑτθ·
882 688 918 748 Τί
962 718 1117 781 quantumuis
1136 718 1213 768 durus
1229 719 1255 768 et
1270 719 1416 770 inhumanus
1434 722 1524 783 absque
1540 724 1645 774 lacrimis
1666 727 1744 788 posset

141 784 188 861 γὰρ
202 783 251 840 οὐκ
267 779 374 857 ἐγένετο
389 783 442 837 τῶν
458 777 587 857 μεγίστων
598 782 703 850 κακῶν,
723 784 753 836 ού
768 780 860 842 παῖδες
874 776 919 834 καλ

141 876 259 947 γυναῖκες
272 868 319 927 καί
334 866 450 945 πατέρες
460 865 577 946 γέροντες
590 863 635 923 καί
647 864 756 943 μητέρες
768 863 857 942 θεωροὶ
871 886 918 920 κα-

142 954 269 1027 τέστησαν
284 953 521 1029 ἄποθνησιιόντων,
539 956 563 1012 ot
582 951 630 1028 μὲν
644 952 778 1032 πατέρων,
795 954 822 1008 αἱ
838 949 860 1008 δ’
873 952 917 1007 ἂν·

142 1042 223 1121 δρῶν,
235 1044 263 1099 αἱ
275 1041 302 1100 δὲ
312 1040 433 1113 παίδων,
444 1041 471 1097 αί
482 1037 529 1116 μὲν
539 1042 565 1098 ἐν
578 1042 635 1104 ταῖς
649 1040 734 1096 αὐτῶν
744 1036 820 1117 χερσί
832 1040 918 1096 τελευ-

106 1149 129 1188 ιι
140 1128 244 1188 τοίντων
251 1130 296 1187 τόν
308 1127 379 1208 βίον,
387 1131 415 1186 αἱ
425 1129 448 1186 δ’
457 1130 543 1194 ἐντοῖς
551 1125 683 1201 πολεμίοις
694 1124 918 1206 διαφθειρομένωνς

141 1213 519 1291 οἷαίαςδὲνιατασιιαπτομένας
526 1213 571 1272 καί
577 1213 704 1292 χρήματα
712 1213 919 1293 διαρπαζόμενα;

139 1305 186 1362 καί
206 1304 238 1362 τὸ
258 1303 366 1362 πάντων
384 1302 547 1374 δεινότατον,
566 1301 645 1359 δπότι
665 1299 740 1379 τύχοι
760 1303 811 1358 τῶν
834 1302 918 1358 αὐτῶν

139 1394 216 1470 ἱερῶν
230 1393 362 1450 κοινωνῶν
374 1392 388 1447 δ
399 1393 484 1447 ταῦτα
499 1390 565 1466 δρῶν
575 1389 620 1446 καί
631 1392 678 1458 τῆς
688 1389 768 1458 αὐτῆς
778 1389 860 1468 φυλῆς
869 1385 918 1460 ι’ύν,

139 1470 161 1558 ᾧ
172 1482 302 1558 προσῆκεν
314 1480 449 1553 ἐπαμῦναι
462 1475 530 1534 saed
543 1497 573 1553 γε
587 1475 684 1553 νόμον,
698 1473 766 1534 ἄλλδι
778 1479 815 1552 μὴ
827 1497 917 1555 παρα·

140 1565 226 1641 νόμως
236 1563 383 1640 ἀπολέσαις
394 1561 438 1622 ὅτε
450 1562 559 1627 καὶτοῖς
572 1561 691 1641 γέρουσιν
703 1559 785 1638 ἐφοίνη
798 1560 919 1642 συμφορὰ

138 1653 170 1711 τό
188 1657 287 1732 γῆρας,
307 1652 353 1710 καὶ
371 1658 424 1717 τοῖς
444 1652 562 1729 ὀρφανοῖς
575 1647 709 1715 ὡσαύτως.
752 1647 806 1708 Καί
821 1649 918 1706 τούτων

95 1763 126 1803 ao
137 1741 183 1800 τδν
195 1741 277 1800 αίτιον
287 1743 342 1807 πῶς
352 1740 383 1797 οὐ
395 1736 448 1817 χρὴ
457 1740 543 1802 κακῶς
553 1738 616 1816 δρᾶν
626 1736 782 1811 δυναμένους
793 1759 836 1812 γε,
850 1741 917 1812 dpu-

140 1827 262 1904 νομένους
275 1826 323 1904 μίν
342 1816 379 1883 in
393 1823 511 1903 ὑπῆρξε,
532 1828 711 1903 τιμωρούντας
728 1819 755 1879 δέ
777 1823 831 1889 τοῖς
849 1824 917 1879 ἀπυ-

138 1921 276 1988 θανοῦσιν,
287 1913 461 1991 οίκτείροντας
472 1910 499 1968 δὲ
508 1908 567 1976 τοίις
578 1908 817 1989 ἀποστερηθέντας,
828 1911 857 1966 ού
868 1907 918 1989 γδρ

139 2003 218 2079 μόνον
235 2006 356 2059 τοσούτω
375 1997 473 2078 ἀγαθόν
488 1999 572 2072 ἔστιν,
592 1995 632 2056 ότι
650 2000 703 2055 τῶν
719 1994 917 2076 παροιχομένων

137 2089 278 2170 ληψόμεθα
293 2088 386 2158 δίκην,
400 2085 459 2143 ἀλλ’
470 2083 509 2142 ότι
522 2082 692 2164 παράδειγμα
702 2088 779 2141 τοῦτο
791 2082 918 2151 δείξαντες

135 2175 328 2252 ἐποδιδιίξομεν
338 2172 397 2241 τοὺς
406 2171 500 2238 ἄλλους
510 2171 548 2248 μὴ
558 2171 667 2249 νομίζειν
679 2170 782 2248 εύρημα
794 2168 842 2241 τὴν
852 2174 918 2246 ἡμε-

135 2263 217 2344 τέραν
239 2260 365 2341 διαφορὰν
387 2258 454 2336 μηδὲ
477 2259 534 2335 μεθ’
556 2262 631 2331 ἡμῶν
646 2255 822 2316 έπιόουλεύειν
844 2257 916 2331 ἡμῖν.

135 2350 203 2410 Ἐὰν
218 2349 246 2407 δί
260 2354 336 2407 τοῦτο
346 2345 469 2424 γένηται,
480 2344 580 2411 πολλδις
593 2344 700 2410 ἐλπίδας
709 2342 763 2422 ἔχω
775 2344 841 2419 μηδὲ
854 2367 916 2401 στα-

90 2459 123 2498 as
135 2436 239 2494 σιαίσειν
249 2440 333 2511 ἡμᾶς,
345 2434 409 2492 ὅταν
420 2432 551 2512 ἐπίκουροι
562 2431 711 2509 μηδαμόθεν
723 2430 782 2488 ἴωσι
795 2439 847 2498 τοῖς
859 2432 916 2488 ἐπι-

135 2522 314 2582 δουλεύουσιν.

177 2630 200 2674 ι.
224 2609 305 2670 Οὕτω
317 2607 365 2685 μέν
378 2598 422 2666 σύν
435 2606 530 2685 ἀγαθόν
543 2608 612 2665 ἐστιν
629 2607 694 2683 ἡμῖν
707 2605 841 2671 ἐθελοντὰς
852 2610 915 2683 δμο-

134 2700 250 2773 λογῆσαι
259 2698 438 2773 συμπολεμεῖν
452 2699 505 2761 τοῖς
518 2694 727 2774 παρακαλοῦσιν·
746 2696 781 2759 ὡς
795 2693 816 2751 δ’
832 2696 914 2770 αἰναγ-

134 2785 211 2842 καῖόν
222 2786 307 2855 ἔστιν,
317 2785 346 2841 ἔκ
358 2786 410 2841 τῶν
422 2781 561 2840 ἐπιλοίπων
572 2779 624 2860 χρὴ
635 2785 753 2839 σκοπεῖν.
777 2780 916 2860 Ἀρχέλαος

133 2871 187 2950 γὰρ
208 2871 264 2931 οὔτ’
286 2871 330 2930 ἐπί
352 2868 577 2942 Πελοποννησίους
594 2860 657 2940 ἦλθε
674 2868 740 2945 μετὰ
755 2868 913 2941 Ἀθηναίων,

133 2959 196 3018 ούτε
210 2959 254 3017 διὰ
274 2962 322 3031 τῆς
338 2955 429 3038 χώρας
443 2957 507 3016 ἰέναι
524 2955 695 3036 βουλομένους
709 2955 836 3028 ἔπαυσεν,
857 2956 915 3022 οὔτε

132 3047 264 3126 χρήματα
281 3046 416 3125 παρέσχεν
437 3044 482 3103 ἐπὶ
498 3044 618 3117 τούτους,
638 3043 697 3103 οὐδὲ
720 3043 775 3102 ἔστι
789 3046 916 3126 πρόφασις

89 3152 119 3191 ευ
134 3141 183 3207 τῆς
191 3135 286 3215 ἔχθρας
297 3135 368 3206 πλὴν
381 3132 421 3192 δτι
430 3135 477 3193 ούιι
485 3132 561 3204 ἤθελε
571 3132 749 3209 συμπολεμεῖν
759 3134 845 3199 αὐτοῖς
853 3132 916 3212 πρὸς

134 3221 302 3295 Ἀθηναίους,
321 3221 380 3280 ἄλλ’
394 3221 507 3298 ἡσυχίαν
522 3211 594 3297 ἦγεν.
640 3217 746 3290 Ἐπειδὴ
763 3218 849 3278 τοίνυν
864 3223 915 3288 τοῖς

135 3308 356 3378 Πελοποννησίοις
365 3306 444 3379 ἱκανὴ
453 3306 581 3388 πρόφασίς
589 3307 645 3364 ἔστι
656 3305 794 3382 πολεμίους
804 3308 914 3383 νομίζειν

133 3395 194 3463 τούς
209 3396 248 3473 μὴ
262 3393 519 3470 συμπολεμήσαντας
532 3396 635 3466 αὐτοῖς,
648 3391 833 3466 εύλαόηθῶμεν
846 3393 915 3461 ὅπως

133 3483 174 3560 μὴ
187 3483 232 3541 διδ
242 3481 291 3554 τὴν
306 3481 387 3552 αὐτὴν
399 3479 528 3560 πρόφασιν
541 3484 605 3557 ἡμῖν
614 3480 814 3555 πολεμήσωσιν,
827 3484 849 3539 ei
863 3505 913 3539 ne·

131 3570 326 3649 ρακαλαίμινοι
340 3569 378 3644 μὴ
393 3567 576 3648 βουλησόμεθα
591 3569 770 3643 συμπολεμεῖν
785 3568 853 3644 μετὰ
865 3571 915 3629 sse·

129 3658 328 3731 λοπυννησίων·
350 3659 380 3715 ού
400 3657 451 3737 γὰρ
472 3658 587 3728 ἠδικεῖτο
607 3655 658 3714 ύπδ
674 3656 815 3727 Ἀθηναίων
829 3657 912 3718 οὐδέν.

86 3765 116 3804 ει
131 3746 218 3824 Ἤμῖν
241 3747 269 3805 δέ
291 3745 323 3816 δὴ
344 3745 382 3811 τίς
403 3744 476 3821 λόγος
490 3744 674 3822 ὑπολείπεται,
691 3744 798 3824 πότερον
819 3748 854 3812 ὡς
869 3749 915 3803 οθκ

132 3836 310 3909 ἅδοιούμεθας
326 3833 462 3909 διδάξομεν
478 3831 569 3898 αύτούς
583 3832 665 3890 ταύτδι
682 3832 745 3911 δρᾶν
765 3831 832 3912 ἅπερ
848 3836 912 3891 ἐκεῖ·

1689 484 1737 534 tot

963 839 1089 889 exponere.
1121 827 1193 886 Quod
1203 827 1306 877 enimde
1319 827 1463 890 gravissimis
1472 830 1540 879 matis
1549 831 1702 895 detutrsnon
1720 838 1744 886 et
1813 851 1815 854 ·

963 936 1031 999 pueri
1044 939 1069 986 et
1077 937 1190 987 mutieres
1198 939 1223 987 et
1236 950 1305 989 senes
1314 940 1439 1001 parentes,
1453 939 1488 988 itti
1499 943 1589 1004 patres,
1598 943 1651 993 atim
1668 946 1745 1005 viros,

963 1043 1017 1094 atita
1025 1044 1126 1107 liberos,
1135 1046 1175 1096 rel
1187 1046 1211 1096 iu
1220 1047 1270 1097 suis
1276 1047 1386 1098 manibus
1395 1050 1433 1098 ret
1443 1050 1505 1099 inter
1516 1050 1595 1100 hostes
1604 1053 1666 1101 mori
1678 1053 1745 1102 ride-

963 1150 1035 1199 runt?
1047 1162 1127 1200 noune
1141 1150 1297 1213 conspexistis
1310 1151 1399 1201 ωδὶυπι
1412 1153 1579 1204 subversiones
1591 1158 1665 1219 atque
1680 1172 1741 1219 opes

963 1255 1058 1316 raptas?
1067 1257 1100 1313 et,
1109 1254 1175 1316 quod
1184 1256 1235 1304 erat
1245 1256 1352 1304 omnium
1364 1258 1545 1319 gravissimum,
1555 1259 1609 1308 baec
1624 1274 1687 1324 saepe
1700 1263 1743 1314 tie·

963 1358 1021 1409 baut
1030 1361 1061 1409 ab
1072 1360 1151 1423 eoqui
1160 1373 1283 1410 sacrorum
1295 1363 1427 1413 eorundem
1445 1367 1519 1427 atqua
1539 1366 1646 1426 eiusdem
1665 1371 1744 1420 tribus

963 1464 1025 1513 esset
1046 1465 1582 1533 particeps,quemJ'urarcseeundumieges,
1593 1485 1642 1522 uon
1660 1477 1743 1524 coutm

962 1567 1132 1630 legendeeebat
1141 1570 1255 1631 perdere?
1286 1573 1342 1629 Quo
1354 1574 1461 1635 tempore
1472 1579 1532 1625 aetas
1540 1579 1638 1628 senibus
1651 1582 1743 1642 pariter

962 1683 990 1719 ac
1001 1670 1091 1721 orbatis
1102 1672 1232 1722 calamitati
1243 1675 1269 1724 et
1279 1675 1342 1723 mato
1352 1678 1412 1725 erat.
1431 1669 1512 1741 Atque
1520 1680 1607 1730 borum
1619 1687 1743 1734 auctorem

962 1774 1093 1837 quisnobis
1102 1777 1334 1843 affligendumquum
1345 1781 1461 1844 possimus
1470 1788 1549 1847 neget,
1562 1790 1615 1836 tum
1623 1788 1745 1849 juvandus

963 1881 1149 1939 mortuos‚tnm
1161 1882 1252 1960 orbatis
1268 1885 1457 1936 misericordiam
1476 1887 1646 1940 tribuendam?
1661 1895 1745 1956 Neque

962 1982 1027 2032 euim
1040 1983 1086 2033 boe
1093 1985 1190 2034 tantum
1200 1988 1246 2036 erit
1255 1989 1391 2050 commodi,
1401 1991 1467 2053 quod
1477 2005 1558 2044 rerum
1568 1998 1742 2056 preteritarum

962 2089 1208 2150 peenasexpetemus,
1220 2090 1262 2139 sed
1273 2091 1346 2141 etiam
1358 2092 1462 2156 reliquos
1471 2096 1517 2145 Ιιοο
1524 2100 1635 2162 exempto
1643 2100 1742 2151 docebb

962 2203 1029 2252 mus,
1044 2206 1075 2242 ne
1084 2191 1255 2244 dissensionem
1267 2201 1373 2247 nostram
1390 2200 1415 2248 iu
1427 2200 1495 2250 lucro
1505 2205 1596 2264 ponam
1607 2218 1685 2268 neque
1697 2219 1743 2255 uo·
1837 2264 1839 2269 ,

962 2293 1055 2343 bissum
1065 2295 1133 2345 uobis
1142 2296 1292 2348 insidientur.
1324 2299 1352 2350 id
1359 2314 1431 2364 porro
1441 2302 1461 2351 si
1473 2306 1607 2368 contingat,
1618 2321 1743 2372 nunquam

961 2400 1076 2450 seditione
1087 2415 1130 2451 nos
1144 2402 1294 2455 laboraturos
1305 2406 1417 2469 confido,
1433 2409 1453 2459 si
1474 2423 1592 2473 nusquam
1609 2413 1743 2466 insidianti·

962 2505 1008 2556 bus
1018 2507 1140 2569 adjutores
1155 2513 1293 2561 occurmut.

992 2627 1017 2670 ι.
1027 2624 1104 2682 atoue
1114 2621 1151 2672 bis
1160 2622 1257 2683 quidem
1266 2622 1383 2675 decausis
1392 2628 1547 2678 commodum
1556 2631 1655 2680 osteum
1664 2632 1692 2683 iis
1700 2635 1743 2696 συί

961 2716 1120 2768 adhortantur
1129 2718 1219 2770 beilum
1231 2722 1367 2772 rotuntnrto
1376 2737 1499 2788 capessere
1513 2746 1520 2777 a
1532 2742 1605 2792 quam
1621 2732 1653 2781 stt
1662 2735 1743 2781 autem

961 2818 1477 2887 necessariumexsequentibuscognoscite.
1511 2830 1605 2879 Etenim
1614 2831 1744 2881 Archetaus

960 2932 1005 2968 nec
1014 2919 1198 2983 Peloponnesios
1204 2935 1261 2971 curn
1269 2923 1452 2977 Atheniensibus
1462 2927 1558 2991 invasit,
1569 2944 1614 2980 neo
1620 2946 1663 2994 per
1672 2947 1742 2983 strant

959 3018 995 3069 ire
1006 3020 1126 3083 regionem
1141 3023 1231 3085 vetuit,
1242 3037 1320 3086 neque
1331 3027 1457 3087 pecuniam
1469 3033 1552 3079 eontra
1564 3031 1617 3081 ilios
1628 3034 1742 3096 suppodi-

959 3122 1035 3183 tovit‚
1045 3135 1123 3185 nequo
1135 3124 1281 3175 utiamdedit
1289 3126 1421 3178 inimicitia
1430 3142 1541 3192 causam,
1552 3134 1599 3182 nisi
1608 3135 1676 3197 quod
1685 3149 1742 3185 eum

959 3223 1006 3273 iltis
1014 3224 1172 3276 artrenteuses
1181 3239 1318 3289 oppugnare
1325 3229 1417 3290 notuit,
1428 3243 1513 3280 rerum
1520 3234 1626 3295 quietem
1635 3240 1742 3286 sectatam

959 3328 1004 3376 est.
1037 3329 1117 3382 Quare
1128 3328 1148 3376 st
1161 3328 1218 3376 satis
1229 3331 1266 3378 est
1281 3343 1358 3380 causa·
1374 3332 1564 3396 Peloponnesiis,
1574 3349 1650 3398 quum
1661 3337 1742 3388 hostes

957 3403 1119 3486 iudicant'eos
1131 3428 1173 3490 qui
1186 3429 1316 3479 notuerunt
1326 3443 1374 3480 una
1385 3432 1476 3482 betium
1487 3447 1586 3496 gerere,
1604 3437 1741 3490 carendum

958 3528 995 3576 est
1005 3540 1036 3576 ne
1044 3527 1113 3577 nobis
1122 3528 1204 3578 eadem
1215 3528 1247 3579 de
1256 3543 1327 3580 cuum
1337 3532 1427 3583 betium
1442 3534 1559 3600 interant,
1571 3538 1591 3588 si
1604 3540 1683 3590 vocati
1692 3555 1741 3591 una

958 3641 1063 3691 pugnare
1076 3631 1225 3682 noluerimus
1238 3633 1343 3684 :etenim
1359 3636 1450 3686 nuttam
1460 3638 1491 3687 ab
1503 3639 1687 3691 Atheniensibus
1703 3645 1740 3693 in·

956 3731 1045 3795 judam
1056 3736 1188 3796 accepemt.
1221 3734 1294 3784 Nobis
1307 3748 1364 3786 rem
1377 3751 1488 3800 quanam
1509 3743 1546 3790 est
1556 3742 1648 3805 ruique
1664 3745 1742 3795 ratio?

958 3835 1059 3898 nuqrria
1074 3836 1125 3884 laesi
1134 3850 1183 3885 non
1196 3840 1296 3886 sumus?
1308 3839 1452 3890 Dombimns
1461 3843 1595 3894 eoseadem
1604 3880 1611 3904 ‚
1621 3846 1740 3908 quaeitie,

133 3945 191 3986 νος·
206 3923 236 3979 οὗ
251 3920 302 3999 γὰρ
321 3920 427 3993 ἄδικον,
444 3918 516 4000 είπερ
531 3923 547 3978 δ
560 3922 623 3977 τάδε
642 3919 738 3997 δρόσας
757 3922 804 3978 οὐκ
818 3922 911 3980 ἀδικεῖ.

133 4008 206 4066 Ἀλλ’
229 4008 375 4065 εἰδικεῖσθαι
390 4006 438 4082 μὲν
461 4007 592 4087 φήσομεν,
608 4007 751 4082 ἀμύνεσθαι
769 4009 792 4064 δ’
810 4010 839 4066 ού
854 4013 913 4086 βου-

132 4093 285 4169 λησόμεθα,
301 4091 402 4162 πολλὴν
414 4093 468 4172 ιοἰφα
480 4095 576 4152 δειλίαν
596 4093 740 4170 ποιήσομεν
753 4098 806 4162 τοῖς
824 4097 913 4173 Ιθουλο-

133 4180 219 4257 μένοις
230 4184 302 4256 ἡμᾶς
318 4183 405 4248 καλῶς
419 4182 490 4259 δρᾶν.
532 4179 611 4241 Ἀλλθ
627 4180 764 4261 βούλεσθαι
785 4181 852 4258 μέν,
866 4183 912 4254 δύ-

132 4273 230 4327 νασθαι
245 4269 268 4325 δ’
286 4266 333 4340 οὕς
348 4268 387 4333 τίς
399 4258 443 4325 ούν
460 4270 488 4324 οὐ
508 4269 701 4350 καταφρονήσει
720 4274 766 4338 εἷς
783 4269 913 4346 δυνάμεως

132 4360 226 4432 ἡμῶν,
243 4358 265 4413 εἰ
286 4354 345 4420 τοὺς
358 4353 495 4427 Ἔλληνές
513 4379 542 4432 γε
561 4355 663 4435 ἔχοντες
685 4356 834 4437 ἐπικούρους
855 4355 912 4414 οὐδὲ

87 4459 117 4498 ιιι
131 4443 201 4503 ούτω
215 4443 379 4520 δυνησόμεθα
393 4441 452 4509 τοὺς
466 4442 571 4522 ἐχθρούς
589 4443 750 4519 ἀμύνεσθαι,
765 4444 810 4503 καί
824 4444 853 4502 τὸ
866 4444 912 4519 μέ-

131 4554 220 4609 γιστον
227 4577 236 4609 ,
244 4534 267 4589 εί
278 4532 401 4609 δευτέραν
410 4530 494 4588 αἰτίαν
505 4529 637 4609 σχήσομεν
647 4532 697 4589 ὑπὸ
706 4535 757 4589 τῶν
768 4531 913 4604 Ἑλλήνων,

131 4620 257 4699 πρότερον
277 4619 324 4695 μὲν
339 4618 380 4677 ότι
393 4616 438 4676 τὸν
452 4619 611 4698 [πρότερον]
626 4619 744 4688 Μηδικὸν
759 4621 788 4677 οὐ
804 4642 911 4677 συνεπο-

132 4708 306 4785 λεμησαμεν,
341 4704 459 4786 δεύτερον
485 4705 512 4764 δὲ
541 4706 585 4764 τὸν
609 4712 652 4765 νῦν
678 4706 910 4784 ἐπαγγελλόμενον.

131 4795 227 4855 Καίτοι
235 4795 300 4875 πρδς
312 4798 411 4854 ἐκεῖνον
424 4793 470 4869 μὲν
481 4792 573 4865 ἱκανὴν
585 4794 716 4875 πρόφασιν
728 4795 849 4873 εἴχομεν·
861 4818 911 4873 πρυ

130 4887 205 4959 ἡμῶν
217 4883 266 4960 μέν
277 4883 329 4963 γδερ
339 4882 465 4958 ἠθελομιν
476 4884 561 4948 αὐτοῖς
572 4881 833 4940 συνδιακινδυνεύειν·
844 4881 911 4941 οθτω

129 4971 180 5052 γὰρ
192 4972 235 5032 ε’πί
248 4971 337 5043 πιίσης
350 4969 447 5047 ἐγίνετο
462 4971 580 5046 μᾶλλον,
593 4969 610 5040 ἢ
623 4970 671 5041 τὴν
683 4971 812 5051 ἡμετέραν
825 4973 910 5029 αὐτων

128 5060 307 5126 ἀπολιπόντας
331 5056 458 5134 περὶτῆς
479 5056 582 5116 ἐκείνων
605 5058 794 5138 διαμάχεσθαι·
815 5065 859 5118 νῦν
883 5059 909 5117 δὲ

79 5148 151 5212 117τί
167 5148 304 5230 φησομεη
328 5143 404 5201 αὐτοὶ
427 5142 477 5222 γίιρ
495 5145 603 5216 ἥκουσιν
625 5144 690 5223 ὑπὲρ
713 5150 788 5220 ἡμῶν
805 5146 851 5206 καί
865 5152 911 5217 τῆς

124 5236 256 5318 ἡμετέρας
274 5233 409 5297 ἐθέλοντες
420 5230 583 5295 κινδυνεύειν.
625 5231 688 5293 Ἔτι
703 5233 798 5300 δέπῶς
813 5238 841 5293 ού
858 5236 907 5293 δει-

959 3944 1037 3993 iacere
1048 3963 1054 3991 ι
1065 3943 1158 3998 sienim
1170 3945 1211 4007 qui
1223 3945 1248 3994 id
1260 3946 1317 3997 tecit
1326 3947 1415 4010 injusta
1429 3961 1478 4000 non
1492 3954 1553 4015 egit,
1563 3954 1630 4003 uuita
1642 3956 1741 4004 omniuo

958 4051 996 4095 est
1005 4046 1128 4108 injustitia.
1143 4051 1177 4096 An
1187 4060 1244 4097 uero
1253 4049 1382 4100 tresosesse
1391 4052 1528 4117 fatebimur,
1536 4055 1618 4105 ulcisci
1627 4070 1671 4106 nos
1680 4057 1741 4107 veile

958 4147 1114 4211 negabimus?
1146 4147 1282 4199 Admodum
1297 4151 1369 4212 igitur
1383 4151 1483 4215 ignaros
1496 4153 1624 4204 reddemus
1639 4169 1680 4205 eos
1698 4159 1740 4219 qut

957 4250 1026 4299 nobis
1036 4250 1173 4300 benefacere
1182 4252 1295 4313 cogitant.
1305 4251 1454 4316 nudenique
1464 4253 1538 4315 νοΙΙο,
1552 4254 1594 4303 σοι]
1608 4268 1657 4304 non
1670 4269 1740 4318 posse

957 4352 1081 4403 dicemus?
1099 4353 1159 4411 Quis
1178 4366 1234 4416 ergo
1249 4356 1344 4403 nostras
1363 4355 1426 4404 uires
1441 4368 1489 4404 uon
1506 4357 1657 4418 contemnet,
1669 4358 1690 4407 si
1708 4371 1740 4408 ue

957 4453 1098 4501 Graecorum
1115 4450 1212 4513 quidem
1230 4451 1321 4500 auxilio
1337 4452 1469 4514 poterimus
1492 4453 1572 4502 bostes
1587 4454 1682 4512 ulcisci,
1700 4458 1739 4515 et,

957 4547 1022 4610 quod
1034 4549 1070 4596 est
1079 4547 1226 4605 maximum,
1235 4546 1364 4596 secundam
1375 4547 1440 4610 apud
1449 4551 1547 4598 Graecos
1561 4549 1657 4612 eulpam
1674 4550 1739 4599 subt-

957 4651 1051 4711 bimus‚
1063 4651 1104 4713 qui
1120 4663 1165 4699 nec
1181 4650 1295 4712 inprime
1308 4649 1371 4700 betto
1383 4654 1491 4715 Persico,
1513 4667 1558 4702 nec
1569 4654 1592 4703 in
1610 4654 1657 4703 boc
1672 4655 1738 4717 quod

899 4794 905 4814 ,
956 4762 1021 4798 nuno
1036 4748 1158 4810 indicitur,
1168 4749 1245 4798 socios
1259 4763 1302 4798 nos
1312 4751 1478 4812 praebeamus?
1491 4756 1635 4813 Quanquam
1653 4751 1677 4800 in
1696 4751 1737 4800 itio

956 4861 1005 4897 non
1014 4847 1097 4897 deerat
1106 4845 1174 4896 nobis
1185 4846 1324 4896 excusatio:
1336 4861 1378 4910 pro
1389 4848 1458 4897 nobis
1465 4848 1530 4897 enim
1538 4846 1678 4896 volebamus
1689 4860 1738 4897 una

877 4975 894 4988 ω
955 4960 1012 4996 eum
1020 4946 1066 4994 iliis
1075 4944 1215 5007 periclitari;
1225 4947 1298 5006 atque
1306 4945 1353 4994 boc
1365 4946 1488 4995 honestius
1497 4943 1653 5004 ducebamus,
1661 4956 1735 5007 quam

955 5044 975 5093 si
989 5046 1072 5094 nostra
1084 5043 1164 5092 relicta
1176 5042 1206 5091 de
1218 5042 1314 5092 illorum
1326 5043 1422 5104 regione
1435 5042 1632 5104 depugnaremus.
1666 5044 1737 5091 Nuus

954 5145 1036 5191 autem
1053 5138 1111 5202 quid
1127 5139 1250 5189 dicemus?
1268 5137 1385 5202 siquidem
1406 5138 1449 5201 ipsi
1465 5153 1508 5202 pro
1525 5137 1633 5187 nobisne
1648 5138 1737 5188 nostris

956 5238 1044 5288 adsunt
1061 5236 1225 5298 periclitaturi.
1261 5238 1380 5285 Praeterea
1395 5248 1474 5286 uonna
1492 5232 1632 5294 iudignum,
1653 5232 1674 5281 si
1689 5231 1734 5282 soii
