3967 5967
123 2206 129 2216 ,
225 2176 315 2225 νηται.
332 2157 464 2230 Autolyci
475 2176 543 2213 vero
562 2157 662 2214 eadem
674 2158 729 2214 fuit
746 2179 913 2236 causa,quae
935 2166 1009 2219 Leo-

237 482 293 536 ne
444 545 450 557 ,
942 476 1111 538 erenaei

233 607 354 668 τολύκου.
367 609 448 688 Ἠρέοι
464 609 529 668 eloh
543 610 567 668 ol
582 607 673 691 πάροι,
690 611 726 676 ὡς
740 609 785 669 καὶ
801 610 878 677 αὐτὸς
893 614 907 669 θ
924 610 1012 691 ῥήτωρ
1058 622 1114 668 tem
1124 631 1299 690 anonymum
1313 619 1437 675 Walnius
1446 619 1548 695 refert,
1560 620 1610 677 sed
1624 633 1727 697 postr.
1745 620 1837 703 μάχης

233 698 311 770 δῆλον
326 700 405 760 ποιιῒ.
417 699 494 760 Φασὶ
506 696 535 757 δέ
541 723 609 767 τινες
620 700 765 780 κοινότερον
779 701 826 778 μέν
840 702 942 768 πάντας
954 701 1014 768 τούς
1057 702 1116 758 haec
1128 705 1233 762 addere
1250 726 1257 761 :
1276 708 1312 772 o<
1332 704 1387 785 ἕχει
1403 704 1448 763 tot
1461 712 1508 765 τοῦ
1523 706 1687 787 Λυκούργου·
1704 713 1838 769 Klffllin·

232 784 329 865 τάρους
344 785 428 853 οὕτως
441 786 627 864 ὀνομάζεσθαι,
645 788 703 847 κατ’
718 788 847 865 ἐξαίρετον
859 788 887 848 δέ
901 788 961 856 τοὺς
974 789 1012 866 μὴ
1056 791 1119 863 gius
1131 793 1217 866 igitur
1234 796 1330 869 paullo
1342 796 1480 852 audacius
1494 797 1547 872 legi
1562 799 1623 853 ridt
1634 818 1641 854 ι
1653 798 1688 863 ὡς
1702 795 1839 878 έχιιπαρθι

232 876 258 931 έν
274 873 334 953 θψει
347 872 382 934 rh
405 874 608 952 οἰκοδομήματα
624 877 745 956 ἔχοντας,
757 880 815 937 ἀλλ’
829 876 890 936 ὅταν
907 877 941 938 τά
960 878 1012 937 σώ-
1057 879 1095 956 τῷ
1110 880 1272 960 Λυκούργῳ,
1287 885 1327 938 ita
1341 896 1373 940 ut
1393 884 1480 940 verba
1505 886 1552 940 illa
1568 886 1596 941 οὐ
1617 883 1706 962 γὰρ...
1729 877 1787 965 ιθρι
1802 908 1837 945 ex

231 983 304 1038 ματα
319 963 355 1032 ei<
368 966 417 1042 γῆν
432 966 574 1044 κατατιθῇ
590 964 743 1041 ὠνομάσθαι
761 965 870 1047 δὲπαρά
881 965 928 1038 τὴν
940 966 1010 1047 έραν.
1057 968 1181 1043 Lycurgi
1196 972 1327 1026 oratione
1341 973 1372 1026 in
1382 973 1531 1028 Autoclem
1543 974 1631 1048 petita
1645 992 1703 1029 esse
1717 994 1838 1033 monea-

1056 1071 1129 1109 mur.
1144 1056 1231 1128 Quod
1243 1076 1297 1114 nec
1317 1060 1424 1114 Meiero
1441 1059 1493 1131 (de
1508 1062 1580 1132 Lyc.
1596 1079 1625 1134 p.
1639 1061 1769 1135 cxvlu)
1785 1084 1838 1120 ricc

601 1144 648 1198 ¹7·
1056 1142 1126 1196 mihi
1149 1147 1300 1219 persuasit.
1316 1147 1388 1202 Nam
1409 1149 1532 1221 primum
1554 1148 1613 1203 haec
1636 1151 1762 1206 Walzius
1779 1172 1839 1207 non

1056 1232 1123 1285 satis
1144 1244 1277 1290 acnuate
1294 1234 1426 1304 tradidit,
1441 1253 1534 1309 neque
1549 1238 1624 1292 enirn
1644 1238 1781 1295 credibile
1796 1252 1838 1297 ast

1056 1334 1230 1393 anonymum
1245 1325 1404 1397 scripsisse:
1420 1325 1455 1388 ὡς
1469 1320 1523 1400 ἔχει
1535 1320 1607 1402 πορθ
1620 1326 1658 1403 τῷ
1676 1323 1838 1408 Λυκούργῳ,

1055 1393 1121 1461 οἷον·
1136 1408 1165 1464 οὐ
1183 1406 1235 1488 γὰρ
1246 1421 1314 1482 etc.;
1329 1411 1381 1467 sed
1395 1414 1435 1468 sic
1460 1412 1519 1468 fere
1532 1413 1657 1469 scribere
1673 1415 1784 1471 solent:
1802 1421 1839 1481 ὡς

1057 1490 1114 1570 ἔχει
1138 1494 1169 1553 rh
1189 1495 1264 1575 παρθι
1278 1499 1315 1577 τῷ
1336 1499 1491 1579 Λυκούργῳ·
1508 1500 1536 1556 οὐ
1550 1498 1601 1577 γάρ
1616 1512 1671 1560 etc.
1692 1503 1839 1560 Deindesi

1056 1595 1151 1640 cetera
1163 1588 1293 1662 exempla
1306 1591 1418 1658 omnia,
1432 1608 1495 1662 quae
1510 1608 1524 1643 a
1543 1591 1669 1646 Planude
1680 1602 1708 1645 et
1722 1610 1838 1666 anony-

1054 1690 1102 1727 mo
1113 1674 1198 1729 allata
1207 1687 1273 1731 sunt
1284 1696 1421 1751 comparo
1431 1719 1439 1745 ‚
1448 1695 1550 1750 parurn
1564 1678 1676 1732 videtur
1685 1679 1838 1735 verisimile

1054 1777 1113 1816 esse
1128 1762 1184 1818 hoc
1197 1782 1256 1819 uno
1279 1765 1345 1820 loco
1360 1768 1530 1841 scriptorem
1545 1767 1724 1821 nominatum
1739 1765 1834 1825 fuisse.

1057 1849 1153 1920 Quare
1165 1862 1214 1906 aut
1226 1870 1401 1926 anonymum
1417 1855 1514 1909 nescio
1529 1853 1598 1926 quid
1611 1853 1688 1908 aliud
1697 1854 1838 1928 scripsisse

1054 1938 1182 1993 existimo
1196 1951 1245 1995 aut
1265 1940 1363 1996 addita
1382 1951 1448 1996 ante
1462 1961 1489 1998 ν.
1502 1929 1554 1997 οἷον
1569 1937 1735 2015 particulari
1749 1943 1837 1998 verba

1055 2021 1099 2080 tati
1109 2029 1154 2082 τού
1164 2025 1315 2105 Λυκούργου
1332 2026 1385 2103 (vel
1400 2026 1431 2085 τὸ
1440 2025 1483 2085 tat
1496 2048 1522 2085 τ.
1541 2028 1588 2104 Λ.)
1605 2028 1642 2084 de
1654 2039 1725 2085 noto
1738 2031 1836 2103 aliquo

1053 2125 1082 2171 et
1095 2115 1234 2172 tralaticio
1249 2117 1488 2191 enthymematum
1498 2118 1732 2174 refutatoriorum
1741 2137 1836 2175 exem·

1053 2202 1103 2276 plo
1131 2204 1314 2280 intelligenda
1329 2224 1397 2263 esse.
1424 2207 1550 2281 Lycurgi
1572 2207 1662 2282 igitur
1676 2208 1836 2262 orationem

1054 2302 1153 2346 contra
1167 2294 1317 2348 Autoclem
1331 2292 1415 2349 luisse
1428 2311 1521 2368 nego,
1536 2294 1624 2350 verba
1636 2311 1704 2349 vero
1718 2295 1767 2349 illa
1781 2294 1838 2349 sor·

269 1271 389 1329 Suidas:
407 1270 738 1353 Μηλύύοτυςχώρα,
751 1272 942 1349 θπὸπολιμέων
958 1272 1012 1344 ἐξα·

231 1365 397 1440 ρημιοθιῐτα,
408 1361 442 1434 ἣν
457 1361 635 1438 κατανέμεται
650 1364 684 1422 τθι
695 1361 856 1440 τετράποδα.
876 1363 1012 1423 heitarii

229 1449 343 1526 τοῦνομα
355 1450 401 1508 καὶ
414 1448 488 1530 παρθ
502 1454 541 1530 τῷ
555 1449 700 1532 Λυκούργῳ
714 1452 741 1509 έν
763 1455 801 1530 τῷ
816 1452 875 1509 κατ’
888 1451 1011 1511 Αὐτολύ-

229 1560 276 1595 κου
294 1538 475 1614 (Αὐτοκλέους
497 1538 605 1618 codd.)·
625 1539 718 1598 «άλλθ
735 1538 780 1598 καλ
794 1538 941 1615 μηλύθοτον
963 1539 1011 1610 τὴν

230 1624 349 1697 Ἀττικὴν
360 1628 440 1696 ἀνῆκε
454 1654 467 1677 ι
548 1653 560 1678 ι
573 1627 761 1706 βυυλιυομένου
771 1627 798 1686 δέ
808 1626 881 1694 ὅπως
892 1630 924 1706 τῇ
936 1626 1012 1687 πύλαι

227 1713 372 1795 γρήσιται,
387 1714 505 1787 Θηύαίοι
523 1715 673 1793 (Ἀθηναῖοι
684 1718 772 1774 codd.
783 1721 791 1790 )
804 1714 852 1792 μέν
864 1714 1011 1793 μηλύὸοτον

228 1806 328 1860 άνιῑναι
344 1801 545 1876 υυνιύούλιυον,
560 1805 667 1869 Φωκεῖς
687 1802 715 1862 δέ
737 1805 858 1862 ἀντεῖπον
882 1806 1009 1865 σῶσαι.»

267 1890 416 1949 Αὐτολύκου
434 1890 583 1961 Osannus3
597 1893 664 1948 libri
677 1891 849 1965 Αὐτοκλέους,
865 1894 946 1969 quod
961 1912 1011 1951 or-

229 1991 289 2036 tum
303 1992 344 2037 est
355 1999 390 2037 ex
404 1982 439 2037 ils
452 1999 516 2054 quae
530 1981 696 2056 praecedunt
705 1983 782 2056 aputl
796 1983 931 2042 Suidamz
946 1985 1008 2054 Μη-

226 2064 326 2132 λύύιος·
379 2056 409 2123 οὐ
430 2063 613 2145 Ὑπιρέδηςέν
630 2070 668 2147 τῷ
680 2070 740 2125 κατ’
756 2068 920 2138 Αὐτοκλέους
936 2069 1008 2147 μέμ-

227 2246 325 2313 eratis,
338 2246 388 2317 qui
402 2240 549 2318 μηλύύοτον
565 2241 613 2313 τὴν
628 2241 747 2317 Ἀττικὴν
760 2237 826 2304 ιῖναι
851 2247 1009 2328 καταψηφί-

225 2336 321 2474 ξ“ῗθ“
340 2332 473 2389 ⁶¹⁰⁵²¹¹¹²
488 2334 654 2437 ¹⁴5⁰¹¹li⁰ss
672 2335 738 2404 ’θὸ’
755 2338 907 2413 Pimssffffi
922 2357 953 2413 P·
971 2338 1007 2406 ³⁴
1054 2388 1126 2435 tace
1141 2381 1280 2454 Hyperidi
1298 2381 1448 2438 urbanas
1461 2392 1560 2439 sunt.»
1583 2384 1685 2438 Fateor
1703 2382 1772 2436 ntur
1792 2382 1837 2436 na

247 2419 341 2475 uidam
364 2419 524 2522 Λυτικλέους
537 2441 682 2510 scripsisse
697 2435 790 2525 putat.
807 2426 954 2530 Saurerps.
968 2458 1009 2470 —
1053 2470 1147 2524 evinci
1173 2488 1223 2526 nec
1239 2470 1396 2545 quidquam
1413 2470 1542 2540 obsme'
1556 2472 1626 2545 quin
1642 2471 1763 2546 Lycurgi
1778 2489 1837 2527 w

225 2507 424 2581 bernlrardyus
436 2509 620 2565 scribendum
648 2521 759 2584 putavit
773 2528 781 2571 ε
797 2510 877 2590 Παρὰ
891 2534 929 2592 τῳ
947 2515 1007 2572 Λυ-
1153 2513 1162 2540 ’

225 2591 328 2672 κούργῳ
341 2592 405 2671 [καὶ
418 2593 492 2675 παρθ
505 2598 543 2676 τῷ
562 2593 689 2676 Ὗπτρύθῃ
704 2595 716 2673 ]
730 2597 757 2654 έν
771 2599 810 2676 τῷ
830 2598 896 2655 Κατ’
920 2599 1008 2658 Αὐτο-
1052 2557 1141 2613 verba
1153 2558 1236 2614 aum
1245 2561 1397 2634 Anonym‘)
1412 2557 1532 2616 fidem
1547 2569 1687 2635 putem

225 2679 335 2752 κλέους,
350 2683 423 2739 adeo
447 2696 480 2740 ut
499 2688 623 2761 Lycurgi
637 2689 783 2743 mentione
802 2690 1009 2765 perstringatur

223 2773 360 2828 sententia
372 2790 435 2846 quae
447 2774 476 2828 in
490 2786 561 2830 orat
571 2785 672 2831 contra
682 2777 851 2833 Iaeocratem
866 2775 950 2852 §145
968 2780 1008 2835 le·
1247 2790 1296 2848 lv,
1323 2790 1424 2848 ΚΑΤΑ
1446 2790 1641 2848 ΔΗΜΑΔΟΥ,

223 2860 312 2934 gitur,
325 2859 348 2916 Η
353 2861 477 2935 yperidis
487 2873 582 2919 autem
592 2864 678 2920 verba
688 2866 743 2919 sint
754 2860 822 2920 ἀλλὰ
833 2864 901 2924 καὶ..
916 2867 1007 2940 ἀνῆκε,

223 2947 329 3021 quibus
339 2949 411 3005 alius
420 2950 502 3005 locus
510 2950 653 3024 subjectus
663 2954 701 3009 sit
713 2972 746 3008 ex
757 2954 897 3026 scriptore
909 2954 1008 3029 aliquo
1093 2959 1281 3030 :Lycurgum
1299 2955 1457 3010 orationem
1471 2950 1540 3011 surh
1561 2951 1688 3028 Δημάδου
1703 2953 1835 3009 habuissc

225 3033 377 3093 historico.
400 3038 584 3113 Kiesslingius
597 3039 684 3094 verba
694 3037 795 3097 ἀλλὰ...
813 3039 894 3108 άνῆκι
910 3060 943 3098 ex
956 3045 1009 3117 Ly·
1052 3061 1118 3097 cum
1132 3043 1242 3111 Suidae,
1257 3041 1413 3117 biographi
1426 3041 1524 3097 decem
1537 3052 1699 3110 oratorum,
1709 3042 1834 3097 Athenaei

224 3141 327 3198 curgea
345 3143 375 3181 c.·
394 3125 495 3184 leocr.
510 3128 642 3182 oratione
656 3127 831 3202 negligenter
854 3130 954 3205 citari,
968 3150 1010 3186 se·
1052 3132 1218 3186 testimoniis
1231 3132 1298 3186 satis
1322 3141 1451 3197 constet,
1472 3131 1500 3183 in
1512 3130 1622 3201 judicio
1637 3131 1755 3204 publico
1770 3147 1834 3184 earn

223 3223 358 3284 quantem
382 3231 451 3269 vero
473 3215 571 3271 locum
595 3233 630 3271 ex
655 3215 799 3290 llyperide
820 3217 936 3273 ductum
951 3238 1008 3276 esse
1052 3217 1155 3273 dictam
1170 3236 1228 3273 esse
1245 3236 1310 3272 curn
1323 3216 1478 3291 Biogrophi
1491 3216 1563 3271 illud
1574 3215 1756 3293 γραψάμενος,
1773 3227 1834 3270 turn

224 3311 363 3358 autumat.
387 3303 510 3358 Meierus
535 3303 661 3377 denique
675 3304 694 3361 l.
712 3304 730 3358 l.
751 3324 782 3379 p.
812 3303 867 3359 123
887 3306 1008 3379 glossam
1051 3307 1199 3378 utriusque
1222 3305 1277 3359 viri
1299 3322 1395 3359 mores
1415 3315 1444 3358 ct
1466 3305 1593 3359 rationes
1605 3303 1759 3377 probabile
1772 3302 1836 3358 red·

223 3388 317 3444 Suidae
328 3391 366 3445 ita
376 3388 573 3464 retingendum
588 3391 747 3447 arbitratur
762 3408 770 3450 t
790 3392 885 3449 Κιῑται
906 3391 1008 3451 dirod-
1052 3392 1134 3448 dunt.
1145 3394 1293 3449 Actionem
1304 3410 1373 3448 vero
1385 3388 1546 3468 παρανόμων
1557 3390 1643 3447 fuisse
1651 3391 1836 3463 Kiesslingius

223 3496 290 3550 νομα
307 3473 353 3533 καὶ
364 3475 438 3556 παρθι
460 3476 605 3558 Λυκούργῳ
629 3476 674 3554 [έν
687 3479 726 3555 τῷ
746 3475 815 3534 κατὰ
827 3475 1008 3557 Αὐτολύκου]
1050 3499 1081 3555 p.
1099 3481 1135 3547 64
1152 3481 1209 3556 (cf.
1225 3483 1324 3538 Meier.
1338 3501 1366 3556 p.
1383 3479 1543 3554 CXthV)
1563 3480 1645 3535 facile
1663 3479 1833 3554 persuadet,

224 3589 235 3611 ·
251 3561 369 3623 Ἀλλὰ...
383 3565 476 3635 ἀνῆκε.
490 3591 503 3616 ν
519 3561 586 3646 [Καὶ
601 3562 673 3644 παρὰ
697 3566 735 3645 τῷ
748 3563 913 3647 Ὑπερείδῃ]
928 3569 954 3624 έν
969 3570 1008 3648 τῷ
1052 3581 1116 3623 cum
1125 3569 1265 3625 Demades
1274 3568 1320 3623 vel
1333 3569 1375 3623 bis
1386 3567 1431 3623 rel
1447 3577 1490 3621 ter
1501 3568 1545 3623 vel
1559 3569 1661 3640 septies
1674 3586 1709 3622 eo
1722 3565 1834 3637 judicio

222 3649 293 3707 κατθι
302 3649 481 3717 Αὐτοκλέους·
496 3677 509 3705 κ
525 3651 721 3727 Βουλευομένου
736 3654 795 3710 κτλ.
813 3685 852 3697 -
866 3657 935 3728 Quis
950 3658 1008 3714 ho·
1051 3658 1155 3728 petitus
1167 3675 1225 3713 esse
1237 3655 1349 3712 dicatur
1361 3656 1406 3730 (cl.
1420 3654 1536 3725 Lhardy
1548 3653 1582 3709 de
1593 3653 1728 3723 Demade,
1739 3672 1769 3726 p.
1784 3653 1835 3720 18;

220 3757 287 3793 euru
305 3758 403 3794 rerum
419 3741 556 3816 tetigerit,
569 3740 722 3813 dijudicari
740 3742 786 3797 vix
797 3751 902 3817 potest.
923 3745 1008 3801 Adde
1051 3741 1167 3819 Plygers
1190 3743 1226 3798 de
1246 3742 1385 3814 Demade,
1399 3758 1429 3814 p.
1444 3739 1499 3808 68;
1512 3737 1590 3797 Plut.
1612 3738 1703 3795 Phoc.
1722 3758 1749 3793 c.
1771 3739 1833 3810 αθ).

218 3826 303 3899 <prod
317 3845 416 3883 revera
432 3828 569 3885 exstitisse
588 3830 672 3884 etiam
689 3830 813 3903 Lycurgi
831 3841 931 3887 contra
951 3836 1009 3888 Αιι·
1051 3838 1145 3906 Atque
1163 3850 1256 3904 nuper
1269 3830 1347 3904 apud
1366 3830 1511 3883 rhetorem
1527 3845 1702 3901 anonymum
1725 3828 1762 3883 ll.
1782 3824 1832 3881 Sc·

221 3915 327 3970 toclem
343 3917 504 3971 orationem
519 3935 585 3972 cum
611 3917 777 3992 lliesslingio
791 3937 825 3992 p.
848 3925 902 3985 alr
919 3922 1008 3995 suspi-
1050 3919 1143 3993 guerii
1158 3936 1187 3990 p.
1203 3917 1239 3972 51
1255 3917 1342 3972 verba
1357 3915 1489 3989 quaedam
1505 3915 1630 3988 Lycurgi
1642 3915 1756 3969 inventa
1769 3923 1835 3967 suut

217 4003 283 4057 cari
297 4003 375 4059 licet.
387 4004 449 4076 Qua
464 4004 501 4059 de
513 4023 546 4060 re
564 4006 602 4059 ita
614 4005 700 4060 habet
713 4003 856 4080 Sauppius
868 4023 875 4064 :
889 4031 901 4057 ι
913 4006 1007 4065 Maxi·
1051 4006 1089 4082 (ν.
1107 4006 1160 4079 frg.
1176 4002 1239 4080 91),
1252 4023 1315 4078 quae
1328 4005 1350 4058 si
1364 4003 1433 4076 quid
1449 4017 1575 4078 unquam
1587 4000 1753 4073 conjectura
1767 4018 1836 4054 asse-

218 4089 440 4148 musl'luudes
463 4095 533 4162 LV,
549 4111 583 4167 p.
610 4100 666 4163 4⁰7
687 4096 736 4151 W.
753 4093 1007 4169 dcentbymemasi
1051 4106 1131 4150 cutus
1150 4112 1211 4148 sum
1228 4092 1293 4164 jure
1308 4093 1376 4146 mihi
1396 4089 1499 4146 videor
1514 4089 1552 4145 ad
1575 4090 1647 4146 hanc
1672 4089 1833 4144 orationem

218 4179 451 4236 demonstrativis
464 4191 492 4236 et
504 4181 678 4260 refutatoriis
687 4201 831 4256 exponens
846 4184 903 4240 haec
916 4185 1005 4242 dicit:
1051 4182 1170 4250 referre,
1184 4182 1223 4236 ita
1236 4191 1269 4235 ut
1283 4181 1320 4236 de
1332 4179 1484 4253 plebiscito
1500 4178 1670 4252 intelligam,
1690 4195 1748 4251 quo
1771 4178 1833 4231 De-

223 4264 379 4344 ’Eheyruxl
404 4265 432 4326 δέ
453 4270 506 4345 (sc.
534 4268 727 4346 ἐνθυμήματα)
743 4268 777 4327 τὰ
801 4268 861 4329 κατ’
887 4269 1003 4350 έμραοιυ
1050 4271 1146 4326 mades
1164 4267 1329 4341 Euthycrati
1348 4265 1484 4339 Olynthio
1499 4265 1623 4321 bonores
1641 4263 1779 4337 quosdam
1797 4261 1835 4316 ab

224 4346 443 4434 μάχης,οἷον·α
458 4356 549 4434 οὐγὰρ
562 4355 597 4414 θν
614 4356 705 4416 Σόλων
715 4356 763 4434 μέν
778 4356 842 4416 αὐτὸ
851 4360 1007 4437 παριλιπεν,
1051 4355 1266 4414 Atheniensibus
1293 4354 1380 4409 tribui
1407 4350 1501 4407 noluit
1523 4353 1578 4426 (cl.
1603 4353 1656 4426 frg.
1683 4349 1835 4425 Hyperidis

223 4442 358 4513 Αὐτοκλῆς
371 4442 398 4501 δέ
412 4441 501 4524 ιύριτο
517 4443 555 4524 (l.
572 4434 661 4525 ιύρι),
680 4448 709 4505 h.
731 4466 756 4505 e.
781 4466 945 4522 repugnans
966 4461 1009 4505 est
1052 4456 1125 4506 orat.
1152 4441 1220 4502 κατὰ
1237 4440 1389 4516 Δημάδου).
1410 4439 1534 4513 Quodsi
1551 4450 1629 4495 recte
1651 4448 1763 4510 statuo,
1778 4437 1834 4507 Ly-

221 4532 350 4588 Solonem
368 4536 400 4588 id
416 4538 553 4605 onitrae‘sse,
571 4536 716 4591 Autoclem
741 4555 803 4590 reru
823 4541 944 4610 primum
967 4543 1006 4592 οι·-
1052 4552 1155 4609 curgus
1178 4543 1206 4587 et
1226 4529 1386 4605 Hyperides
1403 4540 1464 4583 turn
1482 4529 1638 4605 Demadem
1656 4527 1833 4600 conjunctim

220 4621 306 4677 disse.
324 4622 430 4677 Eadem
446 4622 550 4678 habere
560 4623 651 4678 alium
666 4625 852 4697 Hermogenis
865 4625 1006 4698 interpre·
1051 4630 1262 4679 accusaverunt.
1279 4619 1449 4675 »Sauerruu

227 4726 1831 4752 Μ

221 4786 318 4849 bulen,
332 4791 361 4837 ut
371 4788 435 4837 idem
453 4791 536 4839 οτιιοι
555 4788 672 4840 declarat
689 4789 802 4840 Nonrrulli
823 4793 904 4838 sutem
920 4789 1005 4839 dicunt
1052 4792 1136 4838 contra
1147 4781 1293 4847 Autolycum
1306 4803 1312 4834 ι
1334 4801 1346 4825 a
1361 4783 1487 4832 sedetiam
1506 4781 1610 4831 aruum
1624 4780 1752 4861 pecoribus
1764 4780 1836 4842 dena

220 4859 361 4916 cenenum
371 4858 572 4923 omniaseputcrn
588 4861 623 4909 sic
640 4859 736 4920 vocari,
748 4859 868 4921 imprimis
879 4862 960 4908 tumeo
976 4871 1005 4909 ea
1049 4857 1162 4908 scendum
1170 4856 1268 4919 reliquit
1278 4875 1301 4912 υ,
1316 4856 1373 4903 tum
1383 4852 1456 4915 opud
1466 4851 1493 4878 **
1506 4851 1551 4901 uti
1566 4850 1637 4900 hee:
1649 4868 1662 4894 ι
1679 4849 1836 4933 Deuberante

220 4940 276 4989 qun
292 4941 339 4977 non
356 4928 445 4978 babent
460 4930 484 4979 iu
495 4930 570 4979 altum
581 4936 705 4990 surgentes
713 4929 874 4988 structiones,
891 4929 933 4977 sed
944 4941 1004 4990 qua·
1049 4934 1130 4979 auum
1143 4929 1188 4993 (sc.
1205 4925 1458 4978 Mennianorum
1467 4925 1493 4972 et
1501 4925 1630 4972 securum
1641 4919 1764 4982 οοιιαιθιυ)
1774 4918 1835 4981 quid

220 4997 252 5046 lia
262 4997 424 5060 contonando
435 4997 551 5050 cadevera
562 4999 806 5057 numantinorum
819 5000 902 5047 autem
913 4997 944 5047 ab
953 4997 1004 5060 θρα,
1049 5000 1080 5050 de
1091 5000 1151 5050 urbe
1162 4996 1321 5050 statuendum
1331 4999 1407 5055 aaut,
1417 4991 1526 5043 Thebani
1537 4994 1678 5050 summunt,
1689 4995 1717 5040 ut
1727 5002 1782 5069 aum
1796 5001 1835 5050 pc-

220 5069 305 5128 mm»
318 5067 427 5118 θθῐῑῦθθ·
1049 5069 1145 5119 curibus
1155 5065 1330 5130 deposcendum
1340 5063 1593 5125 relinqueret3motru
1604 5062 1740 5112 Phocenses
1748 5070 1835 5118 crpor-

595 5133 632 5179 ¹⁷·
1051 5135 1367 5188 cendumsssaeeusebrnt.
1383 5153 1395 5177 ν
1407 5135 1448 5195 (V.
1462 5132 1586 5182 Plutarch.
1600 5134 1657 5194 Lyr.
1674 5138 1710 5180 ts.
1723 5128 1834 5190 xenopb.

252 5208 476 5274 Μηλθθοτοςγώρα,
489 5221 544 5270 ager
557 5208 589 5257 ab
598 5206 708 5256 hostibus
720 5206 830 5256 vastatus
843 5209 869 5257 et
879 5208 1005 5270 pecoribus
1052 5208 1114 5257 llell.
1128 5215 1152 5271 a,
1165 5215 1189 5269 ι,
1203 5215 1240 5269 ts,
1250 5210 1274 5269 ³,
1285 5213 1310 5267 ⁵,
1323 5212 1352 5264 τις
1366 5204 1435 5254 Deru.
1452 5219 1488 5253 or.
1503 5209 1541 5265 tu,
1556 5203 1571 5266 §
1589 5209 1629 5263 ου,
1642 5203 1741 5251 lauret.
1754 5213 1791 5250 or.
1806 5206 1830 5256 a.

217 5280 348 5342 pascendis
359 5280 466 5329 relictus.
487 5281 570 5328 Exstat
581 5289 627 5326 ror
640 5278 693 5327 tum
705 5275 769 5339 apud
786 5278 921 5340 Lycurgum
931 5280 956 5328 ln
967 5293 1003 5328 or.
1049 5278 1100 5342 §lt
1112 5296 1119 5342 ς
1129 5278 1241 5330 ΑοθοοίιΙ.
1254 5291 1291 5327 or.
1304 5283 1328 5338 s,
1338 5273 1354 5337 ς
1363 5276 1412 5336 ut).
