<?xml version="1.0" encoding="UTF-8"?>
<!DOCTYPE html PUBLIC "-//W3C//DTD XHTML 1.0 Transitional//EN"
    "http://www.w3.org/TR/xhtml1/DTD/xhtml1-transitional.dtd">
<html xmlns="http://www.w3.org/1999/xhtml" xml:lang="en" lang="en">
 <head>
  <title>
</title>
<meta http-equiv="Content-Type" content="text/html;charset=utf-8" />
  <meta name='ocr-system' content='tesseract 3.04.00' />
  <meta name='ocr-capabilities' content='ocr_page ocr_carea ocr_par ocr_line ocrx_word'/>
</head>
<body>
  <div class='ocr_page' id='page_1' title='image "./oratoresattici01hunzgoog/oratoresattici01hunzgoog_0710.png"; bbox 0 0 3967 5967; ppageno 0'>
   <div class='ocr_carea' id='block_1_1' title="bbox 257 437 1319 502">
    <p class='ocr_par' dir='ltr' id='par_1_1' title="bbox 257 437 1319 502">
     <span class='ocr_line' id='line_1_1' title="bbox 257 437 1319 502; baseline -0.005 0"><span class='ocrx_word' id='word_1_1' title='bbox 257 447 317 502; x_wconf 76' lang='grc' dir='ltr'>ῖοθ</span> <span class='ocrx_word' id='word_1_2' title='bbox 798 437 939 499; x_wconf 57' lang='lat' dir='ltr'>ROMA</span> <span class='ocrx_word' id='word_1_3' title='bbox 961 438 1026 498; x_wconf 74' lang='grc' dir='ltr'>ΕΙΣ</span> <span class='ocrx_word' id='word_1_4' title='bbox 1047 440 1319 501; x_wconf 76' lang='grc' dir='ltr'>ΔίΙίίΟΣΘΕΝίΙθί.</span> 
     </span>
    </p>
   </div>
   <div class='ocr_carea' id='block_1_2' title="bbox 237 567 1866 4948">
    <p class='ocr_par' dir='ltr' id='par_1_2' title="bbox 237 567 1866 4948">
     <span class='ocr_line' id='line_1_2' title="bbox 254 567 1866 652; baseline -0.003 -22"><span class='ocrx_word' id='word_1_5' title='bbox 254 580 298 630; x_wconf 82' lang='grc' dir='ltr'>τού</span> <span class='ocrx_word' id='word_1_6' title='bbox 309 573 389 646; x_wconf 86' lang='grc' dir='ltr'>δῆμον</span> <span class='ocrx_word' id='word_1_7' title='bbox 402 571 596 644; x_wconf 66' lang='grc' dir='ltr'>χειροτονεῖσθαι</span> <span class='ocrx_word' id='word_1_8' title='bbox 614 568 656 624; x_wconf 91' lang='grc' dir='ltr'>τδν</span> <span class='ocrx_word' id='word_1_9' title='bbox 671 570 775 641; x_wconf 88' lang='grc' dir='ltr'>ταμίαν,</span> <span class='ocrx_word' id='word_1_10' title='bbox 787 567 847 634; x_wconf 81' lang='grc' dir='ltr'>αίτὴ</span> <span class='ocrx_word' id='word_1_11' title='bbox 862 569 936 643; x_wconf 80' lang='grc' dir='ltr'>ίαντῆ</span> <span class='ocrx_word' id='word_1_12' title='bbox 947 574 1036 626; x_wconf 78' lang='grc' dir='ltr'>τοῦτον</span> <span class='ocrx_word' id='word_1_13' title='bbox 1116 578 1177 637; x_wconf 85' lang='grc'><strong>600,</strong></span> <span class='ocrx_word' id='word_1_14' title='bbox 1196 590 1236 626; x_wconf 89' lang='grc' dir='ltr'>ιο.</span> <span class='ocrx_word' id='word_1_15' title='bbox 1251 572 1286 625; x_wconf 74' lang='grc' dir='ltr'>’ίί</span> <span class='ocrx_word' id='word_1_16' title='bbox 1299 573 1330 627; x_wconf 85' lang='grc' dir='ltr'>τίι</span> <span class='ocrx_word' id='word_1_17' title='bbox 1346 572 1446 644; x_wconf 90' lang='grc' dir='ltr'>εἰκότα]</span> <span class='ocrx_word' id='word_1_18' title='bbox 1460 574 1524 646; x_wconf 70' lang='grc' dir='ltr'>’θρα</span> <span class='ocrx_word' id='word_1_19' title='bbox 1536 575 1602 639; x_wconf 74' lang='grc' dir='ltr'>ὄντος</span> <span class='ocrx_word' id='word_1_20' title='bbox 1614 574 1692 649; x_wconf 70' lang='grc' dir='ltr'>πατὴρ</span> <span class='ocrx_word' id='word_1_21' title='bbox 1701 577 1805 652; x_wconf 55' lang='lat' dir='ltr'>bum„</span> <span class='ocrx_word' id='word_1_22' title='bbox 1818 583 1866 649; x_wconf 54' lang='grc' dir='ltr'>τῆς</span> 
     </span>
     <span class='ocr_line' id='line_1_3' title="bbox 254 640 1862 731; baseline -0.002 -22"><span class='ocrx_word' id='word_1_23' title='bbox 254 653 424 726; x_wconf 79' lang='grc' dir='ltr'>ἐχειροτόνησε</span> <span class='ocrx_word' id='word_1_24' title='bbox 439 653 492 706; x_wconf 89' lang='grc' dir='ltr'>καθ’</span> <span class='ocrx_word' id='word_1_25' title='bbox 503 649 590 716; x_wconf 76' lang='grc' dir='ltr'>ἑαυτήν</span> <span class='ocrx_word' id='word_1_26' title='bbox 605 669 678 721; x_wconf 88' lang='grc' dir='ltr'>φησι·</span> <span class='ocrx_word' id='word_1_27' title='bbox 692 650 735 703; x_wconf 85' lang='grc' dir='ltr'>καί</span> <span class='ocrx_word' id='word_1_28' title='bbox 746 648 812 703; x_wconf 81' lang='grc' dir='ltr'>ἔστιν</span> <span class='ocrx_word' id='word_1_29' title='bbox 825 651 885 717; x_wconf 86' lang='grc' dir='ltr'>αθτη</span> <span class='ocrx_word' id='word_1_30' title='bbox 897 649 913 716; x_wconf 85' lang='grc' dir='ltr'>ὴ</span> <span class='ocrx_word' id='word_1_31' title='bbox 924 649 1036 721; x_wconf 81' lang='grc' dir='ltr'>ἐξήγησις</span> <span class='ocrx_word' id='word_1_32' title='bbox 1079 653 1182 722; x_wconf 85' lang='grc' dir='ltr'>τέχνης,</span> <span class='ocrx_word' id='word_1_33' title='bbox 1206 657 1361 724; x_wconf 74' lang='grc' dir='ltr'>χαρακτῆρας</span> <span class='ocrx_word' id='word_1_34' title='bbox 1379 653 1440 725; x_wconf 86' lang='grc' dir='ltr'>ὴμῖν</span> <span class='ocrx_word' id='word_1_35' title='bbox 1454 655 1661 726; x_wconf 76' lang='grc' dir='ltr'>καταλιμπάνων,</span> <span class='ocrx_word' id='word_1_36' title='bbox 1676 660 1749 712; x_wconf 72' lang='grc' dir='ltr'>πόθεν</span> <span class='ocrx_word' id='word_1_37' title='bbox 1768 640 1798 711; x_wconf 66' lang='grc' dir='ltr'>ἑν</span> <span class='ocrx_word' id='word_1_38' title='bbox 1818 663 1862 731; x_wconf 67' lang='grc' dir='ltr'>γε.</span> 
     </span>
     <span class='ocr_line' id='line_1_4' title="bbox 252 729 1863 811; baseline 0.002 -23"><span class='ocrx_word' id='word_1_39' title='bbox 252 737 430 808; x_wconf 84' lang='grc' dir='ltr'>προσφυεστίρα</span> <span class='ocrx_word' id='word_1_40' title='bbox 445 732 542 804; x_wconf 73' lang='grc' dir='ltr'>μᾶλλον</span> <span class='ocrx_word' id='word_1_41' title='bbox 557 734 600 798; x_wconf 85' lang='grc' dir='ltr'>τῆς</span> <span class='ocrx_word' id='word_1_42' title='bbox 618 732 728 801; x_wconf 85' lang='grc' dir='ltr'>πρώτης,</span> <span class='ocrx_word' id='word_1_43' title='bbox 743 729 854 785; x_wconf 82' lang='grc' dir='ltr'>ύπαιτίαν</span> <span class='ocrx_word' id='word_1_44' title='bbox 872 736 976 785; x_wconf 83' lang='grc' dir='ltr'>ποιούσα</span> <span class='ocrx_word' id='word_1_45' title='bbox 988 730 1034 798; x_wconf 89' lang='grc' dir='ltr'>τὴν</span> <span class='ocrx_word' id='word_1_46' title='bbox 1080 750 1148 785; x_wconf 85' lang='grc' dir='ltr'>νοττο</span> <span class='ocrx_word' id='word_1_47' title='bbox 1163 732 1203 786; x_wconf 83' lang='grc' dir='ltr'>ἰπὶ</span> <span class='ocrx_word' id='word_1_48' title='bbox 1215 739 1265 786; x_wconf 84' lang='grc' dir='ltr'>τῶν</span> <span class='ocrx_word' id='word_1_49' title='bbox 1279 732 1409 800; x_wconf 78' lang='grc' dir='ltr'>ἀδήλωνὴ</span> <span class='ocrx_word' id='word_1_50' title='bbox 1430 735 1517 796; x_wconf 87' lang='grc' dir='ltr'>πίστις.</span> <span class='ocrx_word' id='word_1_51' title='bbox 1555 736 1592 787; x_wconf 79' lang='grc' dir='ltr'>Τὰ</span> <span class='ocrx_word' id='word_1_52' title='bbox 1606 736 1650 806; x_wconf 81' lang='grc' dir='ltr'>μέν</span> <span class='ocrx_word' id='word_1_53' title='bbox 1671 733 1714 790; x_wconf 84' lang='grc' dir='ltr'>ούν</span> <span class='ocrx_word' id='word_1_54' title='bbox 1740 740 1863 811; x_wconf 83' lang='grc' dir='ltr'>τεκμήρια</span> 
     </span>
     <span class='ocr_line' id='line_1_5' title="bbox 253 811 1861 886; baseline 0.001 -18"><span class='ocrx_word' id='word_1_55' title='bbox 253 816 356 886; x_wconf 81' lang='grc' dir='ltr'>βουλήν.</span> <span class='ocrx_word' id='word_1_56' title='bbox 1077 811 1108 865; x_wconf 85' lang='grc' dir='ltr'>τά</span> <span class='ocrx_word' id='word_1_57' title='bbox 1121 812 1169 865; x_wconf 83' lang='grc' dir='ltr'>ἀπδ</span> <span class='ocrx_word' id='word_1_58' title='bbox 1181 817 1229 865; x_wconf 84' lang='grc' dir='ltr'>τῶν</span> <span class='ocrx_word' id='word_1_59' title='bbox 1238 815 1388 883; x_wconf 73' lang='grc' dir='ltr'>πραγμάτων</span> <span class='ocrx_word' id='word_1_60' title='bbox 1401 815 1431 866; x_wconf 84' lang='grc' dir='ltr'>ἀν</span> <span class='ocrx_word' id='word_1_61' title='bbox 1444 813 1480 880; x_wconf 87' lang='grc' dir='ltr'>εἴη</span> <span class='ocrx_word' id='word_1_62' title='bbox 1491 818 1591 885; x_wconf 85' lang='grc' dir='ltr'>σημεῖα·</span> <span class='ocrx_word' id='word_1_63' title='bbox 1604 815 1686 869; x_wconf 90' lang='grc' dir='ltr'>εἰκότα</span> <span class='ocrx_word' id='word_1_64' title='bbox 1698 817 1725 871; x_wconf 81' lang='grc' dir='ltr'>δέ</span> <span class='ocrx_word' id='word_1_65' title='bbox 1734 818 1809 872; x_wconf 85' lang='grc' dir='ltr'>καλεῖ</span> <span class='ocrx_word' id='word_1_66' title='bbox 1814 818 1861 886; x_wconf 75' lang='grc' dir='ltr'>τὴν</span> 
     </span>
     <span class='ocr_line' id='line_1_6' title="bbox 288 889 1601 966; baseline -0.002 -18"><span class='ocrx_word' id='word_1_67' title='bbox 288 897 350 966; x_wconf 81' lang='grc'>599,</span> <span class='ocrx_word' id='word_1_68' title='bbox 366 896 410 950; x_wconf 79' lang='lat'>23.</span> <span class='ocrx_word' id='word_1_69' title='bbox 428 893 485 947; x_wconf 80' lang='grc' dir='ltr'>Ἔτι</span> <span class='ocrx_word' id='word_1_70' title='bbox 496 892 596 962; x_wconf 90' lang='grc' dir='ltr'>τοίνυν]</span> <span class='ocrx_word' id='word_1_71' title='bbox 609 891 643 943; x_wconf 64' lang='lat' dir='ltr'>Tb</span> <span class='ocrx_word' id='word_1_72' title='bbox 657 891 750 944; x_wconf 88' lang='grc' dir='ltr'>δίκαιον</span> <span class='ocrx_word' id='word_1_73' title='bbox 763 889 866 944; x_wconf 78' lang='grc' dir='ltr'>ἐνταῦθα</span> <span class='ocrx_word' id='word_1_74' title='bbox 874 891 1033 961; x_wconf 88' lang='grc' dir='ltr'>πεπλήρωται</span> <span class='ocrx_word' id='word_1_75' title='bbox 1078 890 1180 943; x_wconf 83' lang='grc' dir='ltr'>έκάστου</span> <span class='ocrx_word' id='word_1_76' title='bbox 1189 893 1320 961; x_wconf 79' lang='grc' dir='ltr'>προσώπου</span> <span class='ocrx_word' id='word_1_77' title='bbox 1331 894 1450 959; x_wconf 87' lang='grc' dir='ltr'>ποιότητα</span> <span class='ocrx_word' id='word_1_78' title='bbox 1462 893 1504 944; x_wconf 85' lang='grc' dir='ltr'>καί</span> <span class='ocrx_word' id='word_1_79' title='bbox 1519 893 1601 955; x_wconf 79' lang='grc' dir='ltr'>δόξαν.</span> 
     </span>
     <span class='ocr_line' id='line_1_7' title="bbox 251 969 1860 1047; baseline 0.002 -19"><span class='ocrx_word' id='word_1_80' title='bbox 251 975 362 1047; x_wconf 83' lang='grc' dir='ltr'>κείμενον</span> <span class='ocrx_word' id='word_1_81' title='bbox 384 974 409 1028; x_wconf 79' lang='grc' dir='ltr'>ἐν</span> <span class='ocrx_word' id='word_1_82' title='bbox 428 973 494 1044; x_wconf 79' lang='grc' dir='ltr'>μέσῳ</span> <span class='ocrx_word' id='word_1_83' title='bbox 513 977 562 1025; x_wconf 85' lang='grc' dir='ltr'>τῶν</span> <span class='ocrx_word' id='word_1_84' title='bbox 576 972 619 1023; x_wconf 90' lang='grc' dir='ltr'>δύο</span> <span class='ocrx_word' id='word_1_85' title='bbox 641 975 719 1041; x_wconf 84' lang='grc' dir='ltr'>μερῶν</span> <span class='ocrx_word' id='word_1_86' title='bbox 740 974 784 1024; x_wconf 85' lang='grc' dir='ltr'>τού</span> <span class='ocrx_word' id='word_1_87' title='bbox 805 971 921 1041; x_wconf 84' lang='grc' dir='ltr'>νομίμου.</span> <span class='ocrx_word' id='word_1_88' title='bbox 958 970 993 1022; x_wconf 91' lang='grc' dir='ltr'>Τδ</span> <span class='ocrx_word' id='word_1_89' title='bbox 1006 970 1033 1024; x_wconf 80' lang='grc' dir='ltr'>δέ</span> <span class='ocrx_word' id='word_1_90' title='bbox 1113 977 1175 1035; x_wconf 88' lang='grc'><strong>600,</strong></span> <span class='ocrx_word' id='word_1_91' title='bbox 1190 988 1234 1027; x_wconf 80' lang='lat'>20.</span> <span class='ocrx_word' id='word_1_92' title='bbox 1258 972 1283 1024; x_wconf 71' lang='lat' dir='ltr'>‘A</span> <span class='ocrx_word' id='word_1_93' title='bbox 1308 972 1331 1024; x_wconf 87' lang='grc' dir='ltr'>δ’</span> <span class='ocrx_word' id='word_1_94' title='bbox 1353 969 1439 1043; x_wconf 87' lang='grc' dir='ltr'>ούτος]</span> <span class='ocrx_word' id='word_1_95' title='bbox 1467 972 1514 1038; x_wconf 81' lang='grc' dir='ltr'>Είη</span> <span class='ocrx_word' id='word_1_96' title='bbox 1529 975 1558 1025; x_wconf 83' lang='grc' dir='ltr'>ἀν</span> <span class='ocrx_word' id='word_1_97' title='bbox 1582 972 1663 1027; x_wconf 87' lang='grc' dir='ltr'>ἐκεῖνα</span> <span class='ocrx_word' id='word_1_98' title='bbox 1681 973 1777 1046; x_wconf 89' lang='grc' dir='ltr'>λέγων,</span> <span class='ocrx_word' id='word_1_99' title='bbox 1798 978 1860 1031; x_wconf 67' lang='grc' dir='ltr'>ἕπεο</span> 
     </span>
     <span class='ocr_line' id='line_1_8' title="bbox 250 1031 1860 1125; baseline 0.002 -19"><span class='ocrx_word' id='word_1_100' title='bbox 250 1056 360 1125; x_wconf 85' lang='grc' dir='ltr'>δευτέρον</span> <span class='ocrx_word' id='word_1_101' title='bbox 379 1054 449 1124; x_wconf 87' lang='grc' dir='ltr'>μέρος</span> <span class='ocrx_word' id='word_1_102' title='bbox 467 1056 510 1104; x_wconf 82' lang='grc' dir='ltr'>τοῦ</span> <span class='ocrx_word' id='word_1_103' title='bbox 528 1051 633 1121; x_wconf 76' lang='grc' dir='ltr'>νομίμου</span> <span class='ocrx_word' id='word_1_104' title='bbox 653 1049 762 1103; x_wconf 79' lang='grc' dir='ltr'>ἐντεῦθεν</span> <span class='ocrx_word' id='word_1_105' title='bbox 786 1049 933 1120; x_wconf 80' lang='grc' dir='ltr'>ἀρχεται,δ</span> <span class='ocrx_word' id='word_1_106' title='bbox 955 1051 1031 1121; x_wconf 90' lang='grc' dir='ltr'>μόνον</span> <span class='ocrx_word' id='word_1_107' title='bbox 1077 1049 1184 1104; x_wconf 82' lang='grc' dir='ltr'>ἀπαιτῶν</span> <span class='ocrx_word' id='word_1_108' title='bbox 1199 1051 1242 1114; x_wconf 82' lang='grc' dir='ltr'>τὰς</span> <span class='ocrx_word' id='word_1_109' title='bbox 1258 1051 1395 1122; x_wconf 75' lang='grc' dir='ltr'>εἰσφορίςύ</span> <span class='ocrx_word' id='word_1_110' title='bbox 1413 1051 1556 1123; x_wconf 74' lang='grc' dir='ltr'>Ἀνδροτίων</span> <span class='ocrx_word' id='word_1_111' title='bbox 1575 1052 1742 1125; x_wconf 87' lang='grc' dir='ltr'>ἐλοιδορεῖτο,</span> <span class='ocrx_word' id='word_1_112' title='bbox 1755 1031 1860 1120; x_wconf 72' lang='grc' dir='ltr'>δούλούς</span> 
     </span>
     <span class='ocr_line' id='line_1_9' title="bbox 249 1129 1861 1205; baseline 0.002 -19"><span class='ocrx_word' id='word_1_113' title='bbox 249 1133 376 1204; x_wconf 76' lang='grc' dir='ltr'>θεωρεῖται</span> <span class='ocrx_word' id='word_1_114' title='bbox 390 1131 444 1202; x_wconf 79' lang='grc' dir='ltr'>περὶ</span> <span class='ocrx_word' id='word_1_115' title='bbox 457 1130 486 1184; x_wconf 90' lang='grc' dir='ltr'>τδ</span> <span class='ocrx_word' id='word_1_116' title='bbox 499 1130 638 1201; x_wconf 85' lang='grc' dir='ltr'>πρόσωπον.</span> <span class='ocrx_word' id='word_1_117' title='bbox 654 1129 704 1183; x_wconf 82' lang='lat' dir='ltr'>Rs.</span> <span class='ocrx_word' id='word_1_118' title='bbox 1076 1129 1158 1183; x_wconf 82' lang='grc' dir='ltr'>καλῶν</span> <span class='ocrx_word' id='word_1_119' title='bbox 1168 1131 1209 1183; x_wconf 84' lang='grc' dir='ltr'>καί</span> <span class='ocrx_word' id='word_1_120' title='bbox 1223 1130 1250 1184; x_wconf 88' lang='grc' dir='ltr'>έκ</span> <span class='ocrx_word' id='word_1_121' title='bbox 1262 1137 1369 1202; x_wconf 87' lang='grc' dir='ltr'>πορνῶν.</span> <span class='ocrx_word' id='word_1_122' title='bbox 1409 1130 1563 1203; x_wconf 84' lang='grc' dir='ltr'>Ἐπαγγελία</span> <span class='ocrx_word' id='word_1_123' title='bbox 1573 1133 1600 1185; x_wconf 84' lang='grc' dir='ltr'>δι’</span> <span class='ocrx_word' id='word_1_124' title='bbox 1615 1130 1666 1187; x_wconf 88' lang='grc' dir='ltr'>ἐστι</span> <span class='ocrx_word' id='word_1_125' title='bbox 1678 1134 1733 1201; x_wconf 85' lang='grc' dir='ltr'>δίκη</span> <span class='ocrx_word' id='word_1_126' title='bbox 1747 1136 1806 1205; x_wconf 85' lang='grc' dir='ltr'>πρδς</span> <span class='ocrx_word' id='word_1_127' title='bbox 1819 1138 1861 1189; x_wconf 85' lang='grc' dir='ltr'>δο-</span> 
     </span>
     <span class='ocr_line' id='line_1_10' title="bbox 286 1206 1858 1283; baseline 0.002 -18"><span class='ocrx_word' id='word_1_128' title='bbox 286 1212 344 1265; x_wconf 83' lang='grc' dir='ltr'>Ἔτι</span> <span class='ocrx_word' id='word_1_129' title='bbox 357 1212 439 1265; x_wconf 86' lang='grc' dir='ltr'>τοίνυν</span> <span class='ocrx_word' id='word_1_130' title='bbox 458 1209 580 1280; x_wconf 81' lang='grc' dir='ltr'>ἐπιχειρεῖ</span> <span class='ocrx_word' id='word_1_131' title='bbox 595 1208 694 1279; x_wconf 88' lang='grc' dir='ltr'>λέγειν]</span> <span class='ocrx_word' id='word_1_132' title='bbox 710 1207 746 1259; x_wconf 77' lang='grc' dir='ltr'>Τί)</span> <span class='ocrx_word' id='word_1_133' title='bbox 767 1206 879 1277; x_wconf 87' lang='grc' dir='ltr'>δεύτερον</span> <span class='ocrx_word' id='word_1_134' title='bbox 897 1207 968 1278; x_wconf 86' lang='grc' dir='ltr'>μέρος</span> <span class='ocrx_word' id='word_1_135' title='bbox 986 1213 1031 1261; x_wconf 85' lang='grc' dir='ltr'>τού</span> <span class='ocrx_word' id='word_1_136' title='bbox 1075 1211 1190 1281; x_wconf 84' lang='grc' dir='ltr'>κιμααίαν</span> <span class='ocrx_word' id='word_1_137' title='bbox 1203 1215 1247 1264; x_wconf 86' lang='grc' dir='ltr'>τού</span> <span class='ocrx_word' id='word_1_138' title='bbox 1261 1212 1328 1281; x_wconf 89' lang='grc' dir='ltr'>βίου·</span> <span class='ocrx_word' id='word_1_139' title='bbox 1348 1211 1417 1264; x_wconf 81' lang='grc' dir='ltr'>καλό</span> <span class='ocrx_word' id='word_1_140' title='bbox 1430 1210 1546 1281; x_wconf 73' lang='grc' dir='ltr'>Αἰσχίνης</span> <span class='ocrx_word' id='word_1_141' title='bbox 1563 1235 1573 1261; x_wconf 90' lang='grc' dir='ltr'>ι</span> <span class='ocrx_word' id='word_1_142' title='bbox 1589 1211 1726 1283; x_wconf 84' lang='grc' dir='ltr'>ἐπήγγειλα</span> <span class='ocrx_word' id='word_1_143' title='bbox 1735 1215 1801 1268; x_wconf 78' lang='grc' dir='ltr'>αύτῶ</span> <span class='ocrx_word' id='word_1_144' title='bbox 1812 1216 1858 1283; x_wconf 81' lang='grc' dir='ltr'>τὴν</span> 
     </span>
     <span class='ocr_line' id='line_1_11' title="bbox 250 1271 1859 1363; baseline 0.001 -18"><span class='ocrx_word' id='word_1_145' title='bbox 250 1293 356 1362; x_wconf 86' lang='grc' dir='ltr'>νομίμου</span> <span class='ocrx_word' id='word_1_146' title='bbox 379 1289 488 1344; x_wconf 80' lang='grc' dir='ltr'>ἐντεῦθεν</span> <span class='ocrx_word' id='word_1_147' title='bbox 512 1289 659 1359; x_wconf 81' lang='grc' dir='ltr'>ἀρχιται,δ</span> <span class='ocrx_word' id='word_1_148' title='bbox 681 1288 757 1357; x_wconf 88' lang='grc' dir='ltr'>μόνον</span> <span class='ocrx_word' id='word_1_149' title='bbox 783 1287 910 1356; x_wconf 87' lang='grc' dir='ltr'>θεωρεῖται</span> <span class='ocrx_word' id='word_1_150' title='bbox 928 1288 982 1357; x_wconf 81' lang='grc' dir='ltr'>περί</span> <span class='ocrx_word' id='word_1_151' title='bbox 1000 1288 1030 1341; x_wconf 86' lang='grc' dir='ltr'>τδ</span> <span class='ocrx_word' id='word_1_152' title='bbox 1078 1311 1088 1337; x_wconf 87' lang='grc' dir='ltr'>ι</span> <span class='ocrx_word' id='word_1_153' title='bbox 1110 1290 1295 1360; x_wconf 82' lang='grc' dir='ltr'>δοκιμασίαν.ι</span> <span class='ocrx_word' id='word_1_154' title='bbox 1333 1291 1462 1361; x_wconf 82' lang='grc' dir='ltr'>Συντρέχει</span> <span class='ocrx_word' id='word_1_155' title='bbox 1477 1291 1503 1344; x_wconf 85' lang='grc' dir='ltr'>δέ</span> <span class='ocrx_word' id='word_1_156' title='bbox 1522 1294 1577 1354; x_wconf 90' lang='grc' dir='ltr'>ταῖς</span> <span class='ocrx_word' id='word_1_157' title='bbox 1589 1290 1747 1363; x_wconf 86' lang='grc' dir='ltr'>ἐπαγγελίαις</span> <span class='ocrx_word' id='word_1_158' title='bbox 1762 1271 1859 1347; x_wconf 83' lang='grc' dir='ltr'>λύωνό</span> 
     </span>
     <span class='ocr_line' id='line_1_12' title="bbox 247 1363 1856 1441; baseline 0.001 -17"><span class='ocrx_word' id='word_1_159' title='bbox 247 1373 388 1441; x_wconf 75' lang='grc' dir='ltr'>πρόσωπον.</span> <span class='ocrx_word' id='word_1_160' title='bbox 408 1372 463 1423; x_wconf 82' lang='lat' dir='ltr'>FY.</span> <span class='ocrx_word' id='word_1_161' title='bbox 481 1369 566 1438; x_wconf 90' lang='grc' dir='ltr'>Τρίτος</span> <span class='ocrx_word' id='word_1_162' title='bbox 581 1363 652 1429; x_wconf 79' lang='grc' dir='ltr'>οὗτος</span> <span class='ocrx_word' id='word_1_163' title='bbox 670 1368 744 1437; x_wconf 88' lang='grc' dir='ltr'>νόμος</span> <span class='ocrx_word' id='word_1_164' title='bbox 758 1366 845 1436; x_wconf 86' lang='grc' dir='ltr'>ἀτιμον</span> <span class='ocrx_word' id='word_1_165' title='bbox 868 1364 934 1420; x_wconf 79' lang='grc' dir='ltr'>εἶναι</span> <span class='ocrx_word' id='word_1_166' title='bbox 947 1367 1028 1438; x_wconf 86' lang='grc' dir='ltr'>λέγων</span> <span class='ocrx_word' id='word_1_167' title='bbox 1073 1365 1163 1436; x_wconf 78' lang='grc' dir='ltr'>ῥήτωρ,</span> <span class='ocrx_word' id='word_1_168' title='bbox 1178 1369 1277 1437; x_wconf 79' lang='grc' dir='ltr'>φάσκων</span> <span class='ocrx_word' id='word_1_169' title='bbox 1300 1368 1341 1420; x_wconf 87' lang='grc' dir='ltr'>καί</span> <span class='ocrx_word' id='word_1_170' title='bbox 1363 1374 1436 1422; x_wconf 78' lang='grc' dir='ltr'>τοῦτο</span> <span class='ocrx_word' id='word_1_171' title='bbox 1455 1369 1601 1439; x_wconf 84' lang='grc' dir='ltr'>ποιήσομεν.</span> <span class='ocrx_word' id='word_1_172' title='bbox 1638 1370 1674 1422; x_wconf 85' lang='grc' dir='ltr'>Ού</span> <span class='ocrx_word' id='word_1_173' title='bbox 1693 1370 1741 1441; x_wconf 84' lang='grc' dir='ltr'>γάρ</span> <span class='ocrx_word' id='word_1_174' title='bbox 1763 1371 1856 1426; x_wconf 79' lang='grc' dir='ltr'>ἔνεστιν</span> 
     </span>
     <span class='ocr_line' id='line_1_13' title="bbox 247 1444 1226 1522; baseline -0.007 -18"><span class='ocrx_word' id='word_1_175' title='bbox 247 1451 290 1504; x_wconf 88' lang='grc' dir='ltr'>τδν</span> <span class='ocrx_word' id='word_1_176' title='bbox 309 1450 482 1522; x_wconf 72' lang='grc' dir='ltr'>Ἀνδροτίωνα,</span> <span class='ocrx_word' id='word_1_177' title='bbox 499 1448 531 1510; x_wconf 81' lang='grc' dir='ltr'>ὣς</span> <span class='ocrx_word' id='word_1_178' title='bbox 546 1446 710 1517; x_wconf 79' lang='grc' dir='ltr'>ἡταιρηκότα,</span> <span class='ocrx_word' id='word_1_179' title='bbox 722 1447 751 1499; x_wconf 85' lang='grc' dir='ltr'>δν</span> <span class='ocrx_word' id='word_1_180' title='bbox 766 1444 857 1507; x_wconf 88' lang='grc' dir='ltr'>ἐκεῖνος</span> <span class='ocrx_word' id='word_1_181' title='bbox 871 1445 935 1499; x_wconf 78' lang='grc' dir='ltr'>κατὰ</span> <span class='ocrx_word' id='word_1_182' title='bbox 953 1449 1027 1519; x_wconf 83' lang='grc' dir='ltr'>μετά·</span> <span class='ocrx_word' id='word_1_183' title='bbox 1073 1444 1226 1517; x_wconf 75' lang='grc' dir='ltr'>ἀναστρέψαι.</span> 
     </span>
     <span class='ocr_line' id='line_1_14' title="bbox 247 1525 1856 1602; baseline 0 -19"><span class='ocrx_word' id='word_1_184' title='bbox 247 1530 320 1602; x_wconf 90' lang='grc' dir='ltr'>ληψιυ</span> <span class='ocrx_word' id='word_1_185' title='bbox 334 1531 474 1601; x_wconf 75' lang='grc' dir='ltr'>ἀνατρέπειν</span> <span class='ocrx_word' id='word_1_186' title='bbox 489 1529 609 1598; x_wconf 81' lang='grc' dir='ltr'>πειρᾶται.</span> <span class='ocrx_word' id='word_1_187' title='bbox 623 1527 701 1579; x_wconf 76' lang='grc' dir='ltr'>ΡΥΡ.</span> <span class='ocrx_word' id='word_1_188' title='bbox 1109 1530 1170 1589; x_wconf 88' lang='grc'><strong>600,</strong></span> <span class='ocrx_word' id='word_1_189' title='bbox 1192 1544 1235 1579; x_wconf 77' lang='grc' dir='ltr'>αα,</span> <span class='ocrx_word' id='word_1_190' title='bbox 1256 1525 1454 1599; x_wconf 83' lang='grc' dir='ltr'>Ἐπαγγίλλειν]</span> <span class='ocrx_word' id='word_1_191' title='bbox 1478 1526 1634 1599; x_wconf 87' lang='grc' dir='ltr'>Ἐπαγγελία</span> <span class='ocrx_word' id='word_1_192' title='bbox 1658 1530 1790 1601; x_wconf 80' lang='grc' dir='ltr'>δοκιμασία</span> <span class='ocrx_word' id='word_1_193' title='bbox 1815 1531 1856 1602; x_wconf 73' lang='grc' dir='ltr'>ἐρ·</span> 
     </span>
     <span class='ocr_line' id='line_1_15' title="bbox 287 1603 1856 1681; baseline 0.001 -18"><span class='ocrx_word' id='word_1_194' title='bbox 287 1608 317 1663; x_wconf 89' lang='grc' dir='ltr'>ἹΙ</span> <span class='ocrx_word' id='word_1_195' title='bbox 340 1611 453 1681; x_wconf 84' lang='grc' dir='ltr'>πρότασις</span> <span class='ocrx_word' id='word_1_196' title='bbox 467 1606 652 1678; x_wconf 87' lang='grc' dir='ltr'>παραγραφική·</span> <span class='ocrx_word' id='word_1_197' title='bbox 680 1605 724 1658; x_wconf 88' lang='grc' dir='ltr'>ούκ</span> <span class='ocrx_word' id='word_1_198' title='bbox 738 1604 814 1675; x_wconf 86' lang='grc' dir='ltr'>ἐχρῆν</span> <span class='ocrx_word' id='word_1_199' title='bbox 834 1616 862 1657; x_wconf 85' lang='grc' dir='ltr'>σε</span> <span class='ocrx_word' id='word_1_200' title='bbox 878 1603 1028 1676; x_wconf 79' lang='grc' dir='ltr'>ἡταιρηκότα</span> <span class='ocrx_word' id='word_1_201' title='bbox 1073 1625 1128 1677; x_wconf 90' lang='grc' dir='ltr'>γον.</span> <span class='ocrx_word' id='word_1_202' title='bbox 1141 1609 1172 1661; x_wconf 88' lang='grc' dir='ltr'>Β.</span> <span class='ocrx_word' id='word_1_203' title='bbox 1211 1608 1372 1679; x_wconf 83' lang='grc' dir='ltr'>ίίατηγορεῐν.</span> <span class='ocrx_word' id='word_1_204' title='bbox 1393 1611 1428 1662; x_wconf 83' lang='grc' dir='ltr'>Α.</span> <span class='ocrx_word' id='word_1_205' title='bbox 1468 1606 1532 1661; x_wconf 79' lang='grc' dir='ltr'>Ἀντί</span> <span class='ocrx_word' id='word_1_206' title='bbox 1553 1612 1597 1662; x_wconf 83' lang='grc' dir='ltr'>τού</span> <span class='ocrx_word' id='word_1_207' title='bbox 1613 1612 1770 1681; x_wconf 81' lang='grc' dir='ltr'>κατηγορεῖν,</span> <span class='ocrx_word' id='word_1_208' title='bbox 1786 1613 1856 1665; x_wconf 83' lang='lat' dir='ltr'>L.a</span> 
     </span>
     <span class='ocr_line' id='line_1_16' title="bbox 245 1681 1216 1759; baseline -0.001 -19"><span class='ocrx_word' id='word_1_209' title='bbox 245 1690 355 1759; x_wconf 90' lang='grc' dir='ltr'>γράφειν.</span> <span class='ocrx_word' id='word_1_210' title='bbox 396 1684 430 1739; x_wconf 82' lang='grc' dir='ltr'>Ἣ</span> <span class='ocrx_word' id='word_1_211' title='bbox 443 1686 468 1739; x_wconf 88' lang='grc' dir='ltr'>δέ</span> <span class='ocrx_word' id='word_1_212' title='bbox 481 1683 540 1756; x_wconf 81' lang='grc' dir='ltr'>πρδς</span> <span class='ocrx_word' id='word_1_213' title='bbox 554 1683 643 1750; x_wconf 87' lang='grc' dir='ltr'>ταύτην</span> <span class='ocrx_word' id='word_1_214' title='bbox 658 1681 792 1747; x_wconf 85' lang='grc' dir='ltr'>ἀντίθεσις,</span> <span class='ocrx_word' id='word_1_215' title='bbox 804 1683 938 1753; x_wconf 74' lang='grc' dir='ltr'>δυσφημεῖν</span> <span class='ocrx_word' id='word_1_216' title='bbox 950 1685 1027 1755; x_wconf 78' lang='grc' dir='ltr'>προῄ·</span> <span class='ocrx_word' id='word_1_217' title='bbox 1072 1703 1152 1739; x_wconf 78' lang='lat' dir='ltr'>manu</span> <span class='ocrx_word' id='word_1_218' title='bbox 1163 1705 1216 1739; x_wconf 78' lang='grc' dir='ltr'>τοο.</span> 
     </span>
     <span class='ocr_line' id='line_1_17' title="bbox 245 1762 1852 1839; baseline -0.001 -19"><span class='ocrx_word' id='word_1_219' title='bbox 245 1786 318 1837; x_wconf 85' lang='grc' dir='ltr'>ρησαι</span> <span class='ocrx_word' id='word_1_220' title='bbox 338 1768 380 1821; x_wconf 84' lang='grc' dir='ltr'>καί</span> <span class='ocrx_word' id='word_1_221' title='bbox 390 1766 510 1837; x_wconf 74' lang='grc' dir='ltr'>ύόρίζειν,</span> <span class='ocrx_word' id='word_1_222' title='bbox 530 1766 589 1818; x_wconf 84' lang='grc' dir='ltr'>θταν</span> <span class='ocrx_word' id='word_1_223' title='bbox 602 1767 679 1817; x_wconf 73' lang='grc' dir='ltr'>ταῦτα</span> <span class='ocrx_word' id='word_1_224' title='bbox 692 1763 779 1835; x_wconf 80' lang='grc' dir='ltr'>λέχης,</span> <span class='ocrx_word' id='word_1_225' title='bbox 801 1762 922 1833; x_wconf 75' lang='grc' dir='ltr'>Διόδωρε·</span> <span class='ocrx_word' id='word_1_226' title='bbox 942 1763 964 1816; x_wconf 88' lang='grc' dir='ltr'>εί</span> <span class='ocrx_word' id='word_1_227' title='bbox 978 1764 1026 1835; x_wconf 80' lang='grc' dir='ltr'>γὰρ</span> <span class='ocrx_word' id='word_1_228' title='bbox 1108 1770 1169 1827; x_wconf 91' lang='grc'><strong>600,</strong></span> <span class='ocrx_word' id='word_1_229' title='bbox 1185 1770 1229 1828; x_wconf 70' lang='grc' dir='ltr'>μή.</span> <span class='ocrx_word' id='word_1_230' title='bbox 1247 1764 1278 1816; x_wconf 83' lang='grc' dir='ltr'>Εἰ</span> <span class='ocrx_word' id='word_1_231' title='bbox 1292 1763 1336 1835; x_wconf 78' lang='grc' dir='ltr'>μέν</span> <span class='ocrx_word' id='word_1_232' title='bbox 1356 1764 1404 1837; x_wconf 72' lang='grc' dir='ltr'>γάρ</span> <span class='ocrx_word' id='word_1_233' title='bbox 1419 1764 1498 1818; x_wconf 84' lang='grc' dir='ltr'>ἀλλον</span> <span class='ocrx_word' id='word_1_234' title='bbox 1512 1765 1568 1818; x_wconf 86' lang='grc' dir='ltr'>τινά</span> <span class='ocrx_word' id='word_1_235' title='bbox 1581 1765 1683 1838; x_wconf 76' lang='grc' dir='ltr'>ἀγῶνα]</span> <span class='ocrx_word' id='word_1_236' title='bbox 1699 1766 1729 1818; x_wconf 86' lang='grc' dir='ltr'>Εἰ</span> <span class='ocrx_word' id='word_1_237' title='bbox 1741 1767 1785 1837; x_wconf 78' lang='grc' dir='ltr'>μέν</span> <span class='ocrx_word' id='word_1_238' title='bbox 1802 1768 1852 1839; x_wconf 69' lang='grc' dir='ltr'>γὰρ</span> 
     </span>
     <span class='ocr_line' id='line_1_18' title="bbox 245 1840 1853 1919; baseline 0.001 -21"><span class='ocrx_word' id='word_1_239' title='bbox 245 1846 381 1917; x_wconf 79' lang='grc' dir='ltr'>ἐξελέγχειν</span> <span class='ocrx_word' id='word_1_240' title='bbox 395 1845 478 1916; x_wconf 79' lang='grc' dir='ltr'>εἶχες,</span> <span class='ocrx_word' id='word_1_241' title='bbox 489 1844 538 1898; x_wconf 79' lang='grc' dir='ltr'>ἔδει</span> <span class='ocrx_word' id='word_1_242' title='bbox 551 1843 610 1914; x_wconf 75' lang='grc' dir='ltr'>πρὸς</span> <span class='ocrx_word' id='word_1_243' title='bbox 625 1845 680 1904; x_wconf 82' lang='grc' dir='ltr'>τούς</span> <span class='ocrx_word' id='word_1_244' title='bbox 692 1842 838 1912; x_wconf 86' lang='grc' dir='ltr'>θεσμοθέτας</span> <span class='ocrx_word' id='word_1_245' title='bbox 855 1840 964 1896; x_wconf 75' lang='grc' dir='ltr'>ἀπαντᾶν</span> <span class='ocrx_word' id='word_1_246' title='bbox 984 1844 1027 1896; x_wconf 81' lang='grc' dir='ltr'>καί</span> <span class='ocrx_word' id='word_1_247' title='bbox 1072 1844 1137 1896; x_wconf 79' lang='grc' dir='ltr'>ἀλλο</span> <span class='ocrx_word' id='word_1_248' title='bbox 1150 1864 1174 1897; x_wconf 91' lang='grc' dir='ltr'>τι</span> <span class='ocrx_word' id='word_1_249' title='bbox 1193 1841 1223 1911; x_wconf 78' lang='grc' dir='ltr'>ὴν</span> <span class='ocrx_word' id='word_1_250' title='bbox 1243 1845 1272 1897; x_wconf 86' lang='grc' dir='ltr'>τ“ο</span> <span class='ocrx_word' id='word_1_251' title='bbox 1293 1844 1423 1916; x_wconf 81' lang='grc' dir='ltr'>ἔγκλημα,</span> <span class='ocrx_word' id='word_1_252' title='bbox 1438 1840 1492 1899; x_wconf 89' lang='grc' dir='ltr'>οίον</span> <span class='ocrx_word' id='word_1_253' title='bbox 1515 1847 1706 1916; x_wconf 82' lang='grc' dir='ltr'>παραπρισθείας</span> <span class='ocrx_word' id='word_1_254' title='bbox 1724 1849 1740 1913; x_wconf 83' lang='grc' dir='ltr'>ὴ</span> <span class='ocrx_word' id='word_1_255' title='bbox 1755 1847 1853 1919; x_wconf 86' lang='grc' dir='ltr'>έτίροο,</span> 
     </span>
     <span class='ocr_line' id='line_1_19' title="bbox 245 1920 1857 1998; baseline -0.002 -17"><span class='ocrx_word' id='word_1_256' title='bbox 245 1929 301 1998; x_wconf 89' lang='grc' dir='ltr'>παρ’</span> <span class='ocrx_word' id='word_1_257' title='bbox 319 1927 418 1988; x_wconf 83' lang='grc' dir='ltr'>ἐκείνοις</span> <span class='ocrx_word' id='word_1_258' title='bbox 436 1927 593 1995; x_wconf 83' lang='grc' dir='ltr'>κατηγορεῖν,</span> <span class='ocrx_word' id='word_1_259' title='bbox 630 1923 724 1976; x_wconf 86' lang='grc' dir='ltr'>Οθκούν</span> <span class='ocrx_word' id='word_1_260' title='bbox 749 1920 765 1988; x_wconf 84' lang='grc' dir='ltr'>ὴ</span> <span class='ocrx_word' id='word_1_261' title='bbox 789 1921 832 1992; x_wconf 77' lang='grc' dir='ltr'>μέν</span> <span class='ocrx_word' id='word_1_262' title='bbox 852 1923 967 1993; x_wconf 83' lang='grc' dir='ltr'>πρότασις</span> <span class='ocrx_word' id='word_1_263' title='bbox 982 1929 1026 1978; x_wconf 80' lang='grc' dir='ltr'>τοῖν</span> <span class='ocrx_word' id='word_1_264' title='bbox 1071 1923 1119 1995; x_wconf 77' lang='grc' dir='ltr'>οθχ</span> <span class='ocrx_word' id='word_1_265' title='bbox 1132 1925 1223 1995; x_wconf 90' lang='grc' dir='ltr'>όμοίως</span> <span class='ocrx_word' id='word_1_266' title='bbox 1236 1921 1291 1994; x_wconf 86' lang='grc' dir='ltr'>ιίχε</span> <span class='ocrx_word' id='word_1_267' title='bbox 1303 1924 1528 1997; x_wconf 79' lang='grc' dir='ltr'>χώρανὴμνήμη·</span> <span class='ocrx_word' id='word_1_268' title='bbox 1544 1932 1585 1978; x_wconf 78' lang='grc' dir='ltr'>νύν</span> <span class='ocrx_word' id='word_1_269' title='bbox 1598 1926 1624 1981; x_wconf 78' lang='grc' dir='ltr'>δέ</span> <span class='ocrx_word' id='word_1_270' title='bbox 1637 1931 1766 1997; x_wconf 85' lang='grc' dir='ltr'>συμφωνεῖ</span> <span class='ocrx_word' id='word_1_271' title='bbox 1776 1927 1857 1998; x_wconf 77' lang='grc' dir='ltr'>ἀμφό-</span> 
     </span>
     <span class='ocr_line' id='line_1_20' title="bbox 244 2000 1855 2078; baseline 0 -19"><span class='ocrx_word' id='word_1_272' title='bbox 244 2008 411 2078; x_wconf 81' lang='grc' dir='ltr'>Δημοσθένους</span> <span class='ocrx_word' id='word_1_273' title='bbox 424 2001 677 2075; x_wconf 82' lang='grc' dir='ltr'>παραγραφικὴ,ὴδί</span> <span class='ocrx_word' id='word_1_274' title='bbox 691 2000 833 2068; x_wconf 81' lang='grc' dir='ltr'>ἀντίθεσιςὴ</span> <span class='ocrx_word' id='word_1_275' title='bbox 848 2002 913 2072; x_wconf 80' lang='grc' dir='ltr'>παρά</span> <span class='ocrx_word' id='word_1_276' title='bbox 931 2001 1026 2074; x_wconf 83' lang='grc' dir='ltr'>Ἀνδρο-</span> <span class='ocrx_word' id='word_1_277' title='bbox 1072 2022 1139 2074; x_wconf 84' lang='grc' dir='ltr'>τερα.</span> <span class='ocrx_word' id='word_1_278' title='bbox 1179 2002 1323 2056; x_wconf 67' lang='grc' dir='ltr'>’ἀκολουθεῖ</span> <span class='ocrx_word' id='word_1_279' title='bbox 1333 2003 1381 2074; x_wconf 84' lang='grc' dir='ltr'>γάρ</span> <span class='ocrx_word' id='word_1_280' title='bbox 1393 2010 1429 2076; x_wconf 82' lang='grc' dir='ltr'>τῷ</span> <span class='ocrx_word' id='word_1_281' title='bbox 1451 2006 1598 2076; x_wconf 75' lang='grc' dir='ltr'>γεγραφέναι</span> <span class='ocrx_word' id='word_1_282' title='bbox 1611 2007 1742 2078; x_wconf 74' lang='grc' dir='ltr'>παράνομα</span> <span class='ocrx_word' id='word_1_283' title='bbox 1761 2008 1802 2059; x_wconf 85' lang='grc' dir='ltr'>καί</span> <span class='ocrx_word' id='word_1_284' title='bbox 1823 2007 1855 2059; x_wconf 77' lang='grc' dir='ltr'>τὸ</span> 
     </span>
     <span class='ocr_line' id='line_1_21' title="bbox 244 2080 1384 2157; baseline -0.004 -17"><span class='ocrx_word' id='word_1_285' title='bbox 244 2089 330 2149; x_wconf 90' lang='grc' dir='ltr'>τίωνος</span> <span class='ocrx_word' id='word_1_286' title='bbox 345 2085 522 2157; x_wconf 88' lang='grc' dir='ltr'>μεταληπτική.</span> <span class='ocrx_word' id='word_1_287' title='bbox 565 2080 595 2135; x_wconf 84' lang='grc' dir='ltr'><em>Ἥ</em></span> <span class='ocrx_word' id='word_1_288' title='bbox 609 2081 715 2143; x_wconf 88' lang='grc' dir='ltr'>δίλύσις</span> <span class='ocrx_word' id='word_1_289' title='bbox 725 2086 768 2147; x_wconf 89' lang='grc' dir='ltr'>τῆς</span> <span class='ocrx_word' id='word_1_290' title='bbox 781 2080 1026 2154; x_wconf 75' lang='grc' dir='ltr'>ἀντιθέσεωςὴπαρδ</span> <span class='ocrx_word' id='word_1_291' title='bbox 1072 2083 1213 2151; x_wconf 82' lang='grc' dir='ltr'>βτύιωκέναι</span> <span class='ocrx_word' id='word_1_292' title='bbox 1229 2083 1384 2153; x_wconf 87' lang='grc' dir='ltr'>παρανόμως.</span> 
     </span>
     <span class='ocr_line' id='line_1_22' title="bbox 244 2159 1850 2235; baseline 0.001 -17"><span class='ocrx_word' id='word_1_293' title='bbox 244 2167 413 2235; x_wconf 86' lang='grc' dir='ltr'>Δημοσθένους</span> <span class='ocrx_word' id='word_1_294' title='bbox 425 2163 500 2217; x_wconf 82' lang='grc' dir='ltr'>πάλιν</span> <span class='ocrx_word' id='word_1_295' title='bbox 525 2160 708 2233; x_wconf 85' lang='grc' dir='ltr'>μεταληπτική·</span> <span class='ocrx_word' id='word_1_296' title='bbox 729 2159 744 2226; x_wconf 88' lang='grc' dir='ltr'>ὴ</span> <span class='ocrx_word' id='word_1_297' title='bbox 764 2159 812 2229; x_wconf 84' lang='grc' dir='ltr'>γάρ</span> <span class='ocrx_word' id='word_1_298' title='bbox 836 2160 968 2232; x_wconf 80' lang='grc' dir='ltr'>μετάληψις</span> <span class='ocrx_word' id='word_1_299' title='bbox 982 2160 1026 2214; x_wconf 90' lang='grc' dir='ltr'>ούκ</span> <span class='ocrx_word' id='word_1_300' title='bbox 1107 2165 1199 2224; x_wconf 82' lang='grc' dir='ltr'>6οτ,ή</span> <span class='ocrx_word' id='word_1_301' title='bbox 1226 2161 1273 2213; x_wconf 78' lang='grc' dir='ltr'>Καί</span> <span class='ocrx_word' id='word_1_302' title='bbox 1287 2159 1335 2232; x_wconf 88' lang='grc' dir='ltr'>μὴν</span> <span class='ocrx_word' id='word_1_303' title='bbox 1348 2161 1467 2235; x_wconf 84' lang='grc' dir='ltr'>κάκεῖνο]</span> <span class='ocrx_word' id='word_1_304' title='bbox 1483 2162 1547 2231; x_wconf 82' lang='grc' dir='ltr'>Αθτη</span> <span class='ocrx_word' id='word_1_305' title='bbox 1563 2162 1661 2230; x_wconf 84' lang='grc' dir='ltr'>ὴλύσις</span> <span class='ocrx_word' id='word_1_306' title='bbox 1673 2163 1850 2235; x_wconf 79' lang='grc' dir='ltr'>μεταληπτική.</span> 
     </span>
     <span class='ocr_line' id='line_1_23' title="bbox 244 2238 1850 2316; baseline -0.001 -18"><span class='ocrx_word' id='word_1_307' title='bbox 244 2245 372 2316; x_wconf 72' lang='grc' dir='ltr'>ἀντιλήψει</span> <span class='ocrx_word' id='word_1_308' title='bbox 387 2245 479 2315; x_wconf 90' lang='grc' dir='ltr'>μόνον,</span> <span class='ocrx_word' id='word_1_309' title='bbox 494 2240 561 2294; x_wconf 84' lang='grc' dir='ltr'>ἀλλά</span> <span class='ocrx_word' id='word_1_310' title='bbox 573 2240 614 2294; x_wconf 83' lang='grc' dir='ltr'>καί</span> <span class='ocrx_word' id='word_1_311' title='bbox 631 2238 763 2310; x_wconf 80' lang='grc' dir='ltr'>μεταλήψει</span> <span class='ocrx_word' id='word_1_312' title='bbox 776 2238 875 2292; x_wconf 90' lang='grc' dir='ltr'>λύεται·</span> <span class='ocrx_word' id='word_1_313' title='bbox 892 2238 983 2311; x_wconf 85' lang='grc' dir='ltr'>είσάγει</span> <span class='ocrx_word' id='word_1_314' title='bbox 999 2241 1026 2294; x_wconf 75' lang='grc' dir='ltr'>δὲ</span> <span class='ocrx_word' id='word_1_315' title='bbox 1074 2238 1459 2309; x_wconf 85' lang='grc' dir='ltr'>Ἐνδείκνυταιδέδιάταύτηςότι</span> <span class='ocrx_word' id='word_1_316' title='bbox 1468 2247 1595 2313; x_wconf 81' lang='grc' dir='ltr'>πανταχοῦ</span> <span class='ocrx_word' id='word_1_317' title='bbox 1604 2246 1750 2314; x_wconf 87' lang='grc' dir='ltr'>κατηγορεῖν</span> <span class='ocrx_word' id='word_1_318' title='bbox 1763 2243 1850 2306; x_wconf 80' lang='grc' dir='ltr'>ἐξεστι.</span> 
     </span>
     <span class='ocr_line' id='line_1_24' title="bbox 243 2318 1853 2395; baseline -0.002 -17"><span class='ocrx_word' id='word_1_319' title='bbox 243 2324 319 2391; x_wconf 80' lang='grc' dir='ltr'>αύτὴν</span> <span class='ocrx_word' id='word_1_320' title='bbox 331 2321 622 2395; x_wconf 75' lang='grc' dir='ltr'>όριστικῖιςτεχνολογῶν</span> <span class='ocrx_word' id='word_1_321' title='bbox 632 2320 722 2390; x_wconf 85' lang='grc' dir='ltr'>περίτι</span> <span class='ocrx_word' id='word_1_322' title='bbox 735 2319 857 2388; x_wconf 83' lang='grc' dir='ltr'>λοιδορίας</span> <span class='ocrx_word' id='word_1_323' title='bbox 869 2320 911 2372; x_wconf 85' lang='grc' dir='ltr'>καί</span> <span class='ocrx_word' id='word_1_324' title='bbox 921 2318 1025 2391; x_wconf 90' lang='grc' dir='ltr'>ἐλέγχου</span> <span class='ocrx_word' id='word_1_325' title='bbox 1069 2322 1146 2374; x_wconf 89' lang='grc' dir='ltr'>Δοκεῖ</span> <span class='ocrx_word' id='word_1_326' title='bbox 1155 2323 1182 2375; x_wconf 86' lang='grc' dir='ltr'>δέ</span> <span class='ocrx_word' id='word_1_327' title='bbox 1196 2341 1238 2392; x_wconf 88' lang='grc' dir='ltr'>μοι</span> <span class='ocrx_word' id='word_1_328' title='bbox 1252 2322 1381 2392; x_wconf 80' lang='grc' dir='ltr'>προφάσεις</span> <span class='ocrx_word' id='word_1_329' title='bbox 1396 2323 1436 2374; x_wconf 78' lang='grc' dir='ltr'>διὰ</span> <span class='ocrx_word' id='word_1_330' title='bbox 1449 2322 1537 2390; x_wconf 90' lang='grc' dir='ltr'>ταύτης</span> <span class='ocrx_word' id='word_1_331' title='bbox 1554 2322 1620 2395; x_wconf 79' lang='grc' dir='ltr'>αύτῷ</span> <span class='ocrx_word' id='word_1_332' title='bbox 1639 2323 1763 2393; x_wconf 90' lang='grc' dir='ltr'>θηρεύειν,</span> <span class='ocrx_word' id='word_1_333' title='bbox 1776 2342 1853 2375; x_wconf 85' lang='grc' dir='ltr'>κατα-</span> 
     </span>
     <span class='ocr_line' id='line_1_25' title="bbox 244 2399 1853 2475; baseline -0.007 -9"><span class='ocrx_word' id='word_1_334' title='bbox 244 2405 286 2457; x_wconf 65' lang='grc' dir='ltr'>ῑαί</span> <span class='ocrx_word' id='word_1_335' title='bbox 304 2404 430 2475; x_wconf 62' lang='grc' dir='ltr'>θρῑσῐῑῑῶς</span> <span class='ocrx_word' id='word_1_336' title='bbox 443 2401 498 2472; x_wconf 59' lang='grc' dir='ltr'>περ]</span> <span class='ocrx_word' id='word_1_337' title='bbox 519 2399 632 2469; x_wconf 61' lang='grc' dir='ltr'>έῑαῖέθθθ</span> <span class='ocrx_word' id='word_1_338' title='bbox 649 2399 834 2470; x_wconf 67' lang='grc' dir='ltr'>θίαλῑγθμίθῠτ·</span> <span class='ocrx_word' id='word_1_339' title='bbox 871 2399 982 2470; x_wconf 73' lang='grc' dir='ltr'>Σθφισμα</span> <span class='ocrx_word' id='word_1_340' title='bbox 999 2401 1026 2454; x_wconf 79' lang='grc' dir='ltr'>δὲ</span> <span class='ocrx_word' id='word_1_341' title='bbox 1070 2403 1234 2464; x_wconf 82' lang='grc' dir='ltr'>σκευάζωντλ</span> <span class='ocrx_word' id='word_1_342' title='bbox 1247 2400 1280 2474; x_wconf 92' lang='grc' dir='ltr'>μὴ</span> <span class='ocrx_word' id='word_1_343' title='bbox 1294 2404 1390 2465; x_wconf 77' lang='grc' dir='ltr'>πάντως</span> <span class='ocrx_word' id='word_1_344' title='bbox 1403 2402 1513 2473; x_wconf 76' lang='grc' dir='ltr'>ἀνάγκην</span> <span class='ocrx_word' id='word_1_345' title='bbox 1536 2403 1602 2474; x_wconf 88' lang='grc' dir='ltr'>ἐχειν</span> <span class='ocrx_word' id='word_1_346' title='bbox 1616 2403 1682 2473; x_wconf 80' lang='grc' dir='ltr'>παρά</span> <span class='ocrx_word' id='word_1_347' title='bbox 1695 2407 1748 2465; x_wconf 88' lang='grc' dir='ltr'>τοῖς</span> <span class='ocrx_word' id='word_1_348' title='bbox 1762 2404 1853 2474; x_wconf 72' lang='grc' dir='ltr'>θεσμο·</span> 
     </span>
     <span class='ocr_line' id='line_1_26' title="bbox 243 2477 1852 2555; baseline -0.002 -18"><span class='ocrx_word' id='word_1_349' title='bbox 243 2485 272 2538; x_wconf 88' lang='grc' dir='ltr'>τδ</span> <span class='ocrx_word' id='word_1_350' title='bbox 286 2485 443 2555; x_wconf 88' lang='grc' dir='ltr'>γιγνόμενον.</span> <span class='ocrx_word' id='word_1_351' title='bbox 485 2477 584 2544; x_wconf 82' lang='grc' dir='ltr'>Ἐπειδὴ</span> <span class='ocrx_word' id='word_1_352' title='bbox 597 2478 645 2550; x_wconf 85' lang='grc' dir='ltr'>γάρ</span> <span class='ocrx_word' id='word_1_353' title='bbox 654 2478 763 2549; x_wconf 88' lang='grc' dir='ltr'>ἀντικρυς</span> <span class='ocrx_word' id='word_1_354' title='bbox 774 2477 817 2531; x_wconf 88' lang='grc' dir='ltr'>ούκ</span> <span class='ocrx_word' id='word_1_355' title='bbox 826 2477 880 2549; x_wconf 82' lang='grc' dir='ltr'>ἔχει</span> <span class='ocrx_word' id='word_1_356' title='bbox 888 2478 1025 2549; x_wconf 87' lang='grc' dir='ltr'>διελέγχειν</span> <span class='ocrx_word' id='word_1_357' title='bbox 1072 2485 1150 2544; x_wconf 86' lang='grc' dir='ltr'>θίταις</span> <span class='ocrx_word' id='word_1_358' title='bbox 1161 2483 1324 2553; x_wconf 83' lang='grc' dir='ltr'>κατηγορεῖν·</span> <span class='ocrx_word' id='word_1_359' title='bbox 1338 2482 1380 2534; x_wconf 81' lang='grc' dir='ltr'>καὶ</span> <span class='ocrx_word' id='word_1_360' title='bbox 1392 2482 1436 2534; x_wconf 82' lang='grc' dir='ltr'>ἵνα</span> <span class='ocrx_word' id='word_1_361' title='bbox 1448 2479 1583 2544; x_wconf 74' lang='grc' dir='ltr'>ἀξιόπιστος</span> <span class='ocrx_word' id='word_1_362' title='bbox 1598 2484 1699 2553; x_wconf 87' lang='grc' dir='ltr'>γένηται</span> <span class='ocrx_word' id='word_1_363' title='bbox 1711 2484 1852 2552; x_wconf 73' lang='grc' dir='ltr'>νομοθετῶν</span> 
     </span>
     <span class='ocr_line' id='line_1_27' title="bbox 244 2557 1853 2633; baseline -0.001 -17"><span class='ocrx_word' id='word_1_364' title='bbox 244 2563 299 2617; x_wconf 81' lang='grc' dir='ltr'>ούδί</span> <span class='ocrx_word' id='word_1_365' title='bbox 314 2563 445 2633; x_wconf 83' lang='grc' dir='ltr'>διαρρήδην</span> <span class='ocrx_word' id='word_1_366' title='bbox 459 2560 577 2615; x_wconf 76' lang='grc' dir='ltr'>δεικνύειν</span> <span class='ocrx_word' id='word_1_367' title='bbox 590 2564 702 2612; x_wconf 79' lang='grc' dir='ltr'>τοιοῦτον</span> <span class='ocrx_word' id='word_1_368' title='bbox 714 2559 775 2611; x_wconf 81' lang='grc' dir='ltr'>ὄντα</span> <span class='ocrx_word' id='word_1_369' title='bbox 787 2558 831 2611; x_wconf 75' lang='grc' dir='ltr'>τὀν</span> <span class='ocrx_word' id='word_1_370' title='bbox 847 2557 1023 2629; x_wconf 75' lang='grc' dir='ltr'>Ἀνδροτίωνα,</span> <span class='ocrx_word' id='word_1_371' title='bbox 1070 2562 1125 2633; x_wconf 81' lang='grc' dir='ltr'>περί</span> <span class='ocrx_word' id='word_1_372' title='bbox 1135 2562 1238 2626; x_wconf 87' lang='grc' dir='ltr'>τούτου,</span> <span class='ocrx_word' id='word_1_373' title='bbox 1252 2561 1318 2613; x_wconf 85' lang='grc' dir='ltr'>ἀλλά</span> <span class='ocrx_word' id='word_1_374' title='bbox 1332 2559 1365 2632; x_wconf 91' lang='grc' dir='ltr'>μὴ</span> <span class='ocrx_word' id='word_1_375' title='bbox 1377 2561 1474 2632; x_wconf 79' lang='grc' dir='ltr'>φεύγειν</span> <span class='ocrx_word' id='word_1_376' title='bbox 1487 2562 1631 2633; x_wconf 79' lang='grc' dir='ltr'>ύποληφθῆ,</span> <span class='ocrx_word' id='word_1_377' title='bbox 1651 2561 1747 2614; x_wconf 80' lang='grc' dir='ltr'>Σόλωνι</span> <span class='ocrx_word' id='word_1_378' title='bbox 1760 2563 1853 2631; x_wconf 81' lang='grc' dir='ltr'>περιτί·</span> 
     </span>
     <span class='ocr_line' id='line_1_28' title="bbox 245 2636 1852 2715; baseline -0.001 -20"><span class='ocrx_word' id='word_1_379' title='bbox 245 2643 358 2714; x_wconf 78' lang='grc' dir='ltr'>βούλεται</span> <span class='ocrx_word' id='word_1_380' title='bbox 370 2641 410 2694; x_wconf 85' lang='grc' dir='ltr'>διά</span> <span class='ocrx_word' id='word_1_381' title='bbox 424 2648 473 2694; x_wconf 85' lang='grc' dir='ltr'>τῶν</span> <span class='ocrx_word' id='word_1_382' title='bbox 482 2640 638 2710; x_wconf 72' lang='grc' dir='ltr'>σοφισμάτων</span> <span class='ocrx_word' id='word_1_383' title='bbox 650 2636 721 2700; x_wconf 78' lang='grc' dir='ltr'>δόξαν</span> <span class='ocrx_word' id='word_1_384' title='bbox 730 2637 841 2708; x_wconf 90' lang='grc' dir='ltr'>ίλέγχων</span> <span class='ocrx_word' id='word_1_385' title='bbox 851 2640 903 2699; x_wconf 88' lang='grc' dir='ltr'>τοῖς</span> <span class='ocrx_word' id='word_1_386' title='bbox 912 2637 1025 2692; x_wconf 87' lang='grc' dir='ltr'>ἀκούουσι</span> <span class='ocrx_word' id='word_1_387' title='bbox 1070 2644 1126 2709; x_wconf 84' lang='grc' dir='ltr'>θησι</span> <span class='ocrx_word' id='word_1_388' title='bbox 1139 2644 1183 2696; x_wconf 88' lang='grc' dir='ltr'>τδν</span> <span class='ocrx_word' id='word_1_389' title='bbox 1198 2643 1286 2715; x_wconf 84' lang='grc' dir='ltr'>λόγον.</span> <span class='ocrx_word' id='word_1_390' title='bbox 1324 2641 1429 2696; x_wconf 81' lang='grc' dir='ltr'>Ποιεῖδέ</span> <span class='ocrx_word' id='word_1_391' title='bbox 1439 2646 1513 2695; x_wconf 83' lang='grc' dir='ltr'>τοῦτο</span> <span class='ocrx_word' id='word_1_392' title='bbox 1523 2643 1555 2694; x_wconf 90' lang='grc' dir='ltr'>δι’</span> <span class='ocrx_word' id='word_1_393' title='bbox 1568 2642 1662 2696; x_wconf 87' lang='grc' dir='ltr'>ένδειαν</span> <span class='ocrx_word' id='word_1_394' title='bbox 1675 2649 1724 2695; x_wconf 77' lang='grc' dir='ltr'>τῶν</span> <span class='ocrx_word' id='word_1_395' title='bbox 1739 2640 1852 2711; x_wconf 82' lang='grc' dir='ltr'>ἐλέγχων</span> 
     </span>
     <span class='ocr_line' id='line_1_29' title="bbox 243 2714 1851 2794; baseline -0.002 -20"><span class='ocrx_word' id='word_1_396' title='bbox 243 2724 390 2794; x_wconf 81' lang='grc' dir='ltr'>παρασχεῖν.</span> <span class='ocrx_word' id='word_1_397' title='bbox 427 2719 461 2772; x_wconf 86' lang='grc' dir='ltr'>Ὅ</span> <span class='ocrx_word' id='word_1_398' title='bbox 485 2739 508 2771; x_wconf 90' lang='grc' dir='ltr'>τι</span> <span class='ocrx_word' id='word_1_399' title='bbox 530 2718 572 2789; x_wconf 82' lang='grc' dir='ltr'>μὲν</span> <span class='ocrx_word' id='word_1_400' title='bbox 591 2719 639 2788; x_wconf 81' lang='grc' dir='ltr'>γάρ</span> <span class='ocrx_word' id='word_1_401' title='bbox 659 2716 722 2768; x_wconf 89' lang='grc' dir='ltr'>ἐστιν</span> <span class='ocrx_word' id='word_1_402' title='bbox 737 2714 842 2786; x_wconf 82' lang='grc' dir='ltr'>ἐλεγχος</span> <span class='ocrx_word' id='word_1_403' title='bbox 855 2716 896 2769; x_wconf 87' lang='grc' dir='ltr'>καί</span> <span class='ocrx_word' id='word_1_404' title='bbox 914 2715 1025 2787; x_wconf 84' lang='grc' dir='ltr'>λοιδορία</span> <span class='ocrx_word' id='word_1_405' title='bbox 1070 2720 1195 2787; x_wconf 85' lang='grc' dir='ltr'>δηλονότι.</span> <span class='ocrx_word' id='word_1_406' title='bbox 1236 2719 1301 2774; x_wconf 72' lang='grc' dir='ltr'>’ἀλλ’</span> <span class='ocrx_word' id='word_1_407' title='bbox 1314 2718 1441 2790; x_wconf 85' lang='grc' dir='ltr'>ἐπειδήπερ</span> <span class='ocrx_word' id='word_1_408' title='bbox 1456 2719 1851 2792; x_wconf 79' lang='grc' dir='ltr'>τίςτδέγκλημαέπηρὲαατομίν</span> 
     </span>
     <span class='ocr_line' id='line_1_30' title="bbox 242 2797 1851 2873; baseline 0 -18"><span class='ocrx_word' id='word_1_409' title='bbox 242 2800 326 2872; x_wconf 84' lang='grc' dir='ltr'>λέγει,</span> <span class='ocrx_word' id='word_1_410' title='bbox 342 2802 381 2854; x_wconf 86' lang='grc' dir='ltr'>ότι</span> <span class='ocrx_word' id='word_1_411' title='bbox 394 2799 420 2853; x_wconf 84' lang='grc' dir='ltr'>δέ</span> <span class='ocrx_word' id='word_1_412' title='bbox 430 2798 474 2852; x_wconf 86' lang='grc' dir='ltr'>ούκ</span> <span class='ocrx_word' id='word_1_413' title='bbox 482 2798 580 2869; x_wconf 74' lang='grc' dir='ltr'>ἐλέγχει</span> <span class='ocrx_word' id='word_1_414' title='bbox 593 2799 637 2851; x_wconf 87' lang='grc' dir='ltr'>τδν</span> <span class='ocrx_word' id='word_1_415' title='bbox 650 2797 809 2868; x_wconf 76' lang='grc' dir='ltr'>Ἀνδροτίωνα</span> <span class='ocrx_word' id='word_1_416' title='bbox 820 2797 907 2863; x_wconf 90' lang='grc' dir='ltr'>δῆλον.</span> <span class='ocrx_word' id='word_1_417' title='bbox 949 2797 1024 2851; x_wconf 75' lang='grc' dir='ltr'>Ἐπί·</span> <span class='ocrx_word' id='word_1_418' title='bbox 1070 2799 1197 2861; x_wconf 82' lang='grc' dir='ltr'>αύτδςτοῖι</span> <span class='ocrx_word' id='word_1_419' title='bbox 1213 2802 1288 2870; x_wconf 89' lang='grc' dir='ltr'>φόνου</span> <span class='ocrx_word' id='word_1_420' title='bbox 1306 2804 1349 2852; x_wconf 85' lang='grc' dir='ltr'>τοῦ</span> <span class='ocrx_word' id='word_1_421' title='bbox 1365 2800 1469 2870; x_wconf 87' lang='grc' dir='ltr'>πατρδς,</span> <span class='ocrx_word' id='word_1_422' title='bbox 1486 2799 1601 2853; x_wconf 84' lang='grc' dir='ltr'>ἐόούλετο</span> <span class='ocrx_word' id='word_1_423' title='bbox 1615 2800 1642 2856; x_wconf 84' lang='grc' dir='ltr'>δέ</span> <span class='ocrx_word' id='word_1_424' title='bbox 1662 2801 1794 2873; x_wconf 84' lang='grc' dir='ltr'>ἀμύνεσθαι</span> <span class='ocrx_word' id='word_1_425' title='bbox 1812 2822 1851 2855; x_wconf 86' lang='grc' dir='ltr'>πι-</span> 
     </span>
     <span class='ocr_line' id='line_1_31' title="bbox 243 2874 1849 2955; baseline -0.002 -19"><span class='ocrx_word' id='word_1_426' title='bbox 243 2903 282 2955; x_wconf 91' lang='grc' dir='ltr'>γει</span> <span class='ocrx_word' id='word_1_427' title='bbox 293 2881 320 2935; x_wconf 86' lang='grc' dir='ltr'>δέ</span> <span class='ocrx_word' id='word_1_428' title='bbox 334 2880 395 2952; x_wconf 81' lang='grc' dir='ltr'>μετὰ</span> <span class='ocrx_word' id='word_1_429' title='bbox 409 2883 486 2933; x_wconf 83' lang='grc' dir='ltr'>ταῦτα</span> <span class='ocrx_word' id='word_1_430' title='bbox 502 2879 544 2932; x_wconf 87' lang='grc' dir='ltr'>καί</span> <span class='ocrx_word' id='word_1_431' title='bbox 557 2877 708 2949; x_wconf 86' lang='grc' dir='ltr'>ἐπαγγελίαν</span> <span class='ocrx_word' id='word_1_432' title='bbox 725 2874 906 2947; x_wconf 75' lang='grc' dir='ltr'>μεταληπτικὴν</span> <span class='ocrx_word' id='word_1_433' title='bbox 921 2875 969 2931; x_wconf 82' lang='grc' dir='ltr'>ἀκιδ</span> <span class='ocrx_word' id='word_1_434' title='bbox 982 2880 1024 2931; x_wconf 76' lang='grc' dir='ltr'>τό·</span> <span class='ocrx_word' id='word_1_435' title='bbox 1069 2880 1186 2949; x_wconf 88' lang='grc' dir='ltr'>κροτέρως</span> <span class='ocrx_word' id='word_1_436' title='bbox 1197 2877 1339 2931; x_wconf 79' lang='grc' dir='ltr'>διαύάλλων</span> <span class='ocrx_word' id='word_1_437' title='bbox 1354 2877 1397 2931; x_wconf 90' lang='grc' dir='ltr'>τδν</span> <span class='ocrx_word' id='word_1_438' title='bbox 1415 2877 1555 2944; x_wconf 83' lang='grc' dir='ltr'>ἀντίδικον,</span> <span class='ocrx_word' id='word_1_439' title='bbox 1571 2879 1612 2931; x_wconf 81' lang='grc' dir='ltr'>διὰ</span> <span class='ocrx_word' id='word_1_440' title='bbox 1625 2884 1698 2933; x_wconf 81' lang='grc' dir='ltr'>τοῦτο</span> <span class='ocrx_word' id='word_1_441' title='bbox 1715 2881 1849 2951; x_wconf 83' lang='grc' dir='ltr'>προήχθη,</span> 
     </span>
     <span class='ocr_line' id='line_1_32' title="bbox 243 2956 1850 3032; baseline -0.001 -16"><span class='ocrx_word' id='word_1_442' title='bbox 243 2982 289 3016; x_wconf 85' lang='grc' dir='ltr'>που</span> <span class='ocrx_word' id='word_1_443' title='bbox 301 2962 343 3014; x_wconf 81' lang='grc' dir='ltr'>καί</span> <span class='ocrx_word' id='word_1_444' title='bbox 356 2961 464 3031; x_wconf 87' lang='grc' dir='ltr'>χρόνου,</span> <span class='ocrx_word' id='word_1_445' title='bbox 479 2958 604 3029; x_wconf 78' lang='grc' dir='ltr'>δείξομεν,</span> <span class='ocrx_word' id='word_1_446' title='bbox 626 2957 723 3029; x_wconf 85' lang='grc' dir='ltr'>λέγων,</span> <span class='ocrx_word' id='word_1_447' title='bbox 738 2957 810 3021; x_wconf 90' lang='grc' dir='ltr'>τότε,</span> <span class='ocrx_word' id='word_1_448' title='bbox 831 2956 888 3027; x_wconf 82' lang='grc' dir='ltr'>ούχὶ</span> <span class='ocrx_word' id='word_1_449' title='bbox 902 2961 960 3023; x_wconf 85' lang='grc' dir='ltr'>νύν,</span> <span class='ocrx_word' id='word_1_450' title='bbox 982 2959 1025 3011; x_wconf 83' lang='grc' dir='ltr'>καί</span> <span class='ocrx_word' id='word_1_451' title='bbox 1070 2959 1110 3012; x_wconf 83' lang='grc' dir='ltr'>καί</span> <span class='ocrx_word' id='word_1_452' title='bbox 1123 2961 1223 3029; x_wconf 82' lang='grc' dir='ltr'>κατέχεε</span> <span class='ocrx_word' id='word_1_453' title='bbox 1238 2959 1281 3029; x_wconf 80' lang='grc' dir='ltr'>μέν</span> <span class='ocrx_word' id='word_1_454' title='bbox 1297 2956 1341 3024; x_wconf 91' lang='grc' dir='ltr'>τὴν</span> <span class='ocrx_word' id='word_1_455' title='bbox 1353 2959 1527 3030; x_wconf 86' lang='grc' dir='ltr'>βλασφημίαν,</span> <span class='ocrx_word' id='word_1_456' title='bbox 1537 2961 1634 3032; x_wconf 85' lang='grc' dir='ltr'>φεύγειν</span> <span class='ocrx_word' id='word_1_457' title='bbox 1645 2959 1671 3014; x_wconf 85' lang='grc' dir='ltr'>δέ</span> <span class='ocrx_word' id='word_1_458' title='bbox 1684 2964 1793 3031; x_wconf 70' lang='grc' dir='ltr'>πειρᾶται</span> <span class='ocrx_word' id='word_1_459' title='bbox 1806 2964 1850 3014; x_wconf 77' lang='grc' dir='ltr'>τὸν</span> 
     </span>
     <span class='ocr_line' id='line_1_33' title="bbox 243 3036 1850 3113; baseline -0.002 -17"><span class='ocrx_word' id='word_1_460' title='bbox 243 3041 429 3113; x_wconf 79' lang='grc' dir='ltr'>ἔπαγγελοῖιμεν</span> <span class='ocrx_word' id='word_1_461' title='bbox 443 3039 488 3106; x_wconf 88' lang='grc' dir='ltr'>τὴν</span> <span class='ocrx_word' id='word_1_462' title='bbox 500 3039 649 3110; x_wconf 87' lang='grc' dir='ltr'>κατηγορίαν</span> <span class='ocrx_word' id='word_1_463' title='bbox 663 3036 786 3106; x_wconf 79' lang='grc' dir='ltr'>πρδςτοθς</span> <span class='ocrx_word' id='word_1_464' title='bbox 797 3037 951 3108; x_wconf 85' lang='grc' dir='ltr'>θεσμοθέτας.</span> <span class='ocrx_word' id='word_1_465' title='bbox 978 3038 1024 3089; x_wconf 85' lang='grc' dir='ltr'>ίίαλ</span> <span class='ocrx_word' id='word_1_466' title='bbox 1069 3038 1155 3111; x_wconf 84' lang='grc' dir='ltr'>ἀγῶνα</span> <span class='ocrx_word' id='word_1_467' title='bbox 1168 3040 1209 3093; x_wconf 87' lang='grc' dir='ltr'>καί</span> <span class='ocrx_word' id='word_1_468' title='bbox 1220 3038 1265 3105; x_wconf 87' lang='grc' dir='ltr'>τὴν</span> <span class='ocrx_word' id='word_1_469' title='bbox 1283 3040 1393 3111; x_wconf 71' lang='grc' dir='ltr'>ἄντικρυς</span> <span class='ocrx_word' id='word_1_470' title='bbox 1406 3042 1507 3111; x_wconf 77' lang='grc' dir='ltr'>μάχην,</span> <span class='ocrx_word' id='word_1_471' title='bbox 1521 3041 1662 3112; x_wconf 84' lang='grc' dir='ltr'>μηδαμόθεν</span> <span class='ocrx_word' id='word_1_472' title='bbox 1676 3040 1743 3111; x_wconf 87' lang='grc' dir='ltr'>έχων</span> <span class='ocrx_word' id='word_1_473' title='bbox 1757 3040 1850 3113; x_wconf 78' lang='grc' dir='ltr'>ἐναργῆ</span> 
     </span>
     <span class='ocr_line' id='line_1_34' title="bbox 244 3113 1851 3191; baseline -0.001 -17"><span class='ocrx_word' id='word_1_474' title='bbox 244 3121 402 3191; x_wconf 79' lang='grc' dir='ltr'>μεταόιόάζει</span> <span class='ocrx_word' id='word_1_475' title='bbox 415 3116 628 3187; x_wconf 77' lang='grc' dir='ltr'>τδνέλεγχονίπί</span> <span class='ocrx_word' id='word_1_476' title='bbox 641 3117 770 3186; x_wconf 78' lang='grc' dir='ltr'>πρόσωπον</span> <span class='ocrx_word' id='word_1_477' title='bbox 786 3113 897 3184; x_wconf 85' lang='grc' dir='ltr'>ἀόριστον</span> <span class='ocrx_word' id='word_1_478' title='bbox 912 3114 1023 3170; x_wconf 83' lang='grc' dir='ltr'>καλάτεε-</span> <span class='ocrx_word' id='word_1_479' title='bbox 1068 3118 1112 3184; x_wconf 86' lang='grc' dir='ltr'>τὴν</span> <span class='ocrx_word' id='word_1_480' title='bbox 1136 3118 1267 3181; x_wconf 81' lang='grc' dir='ltr'>ἀπόδειξιν.</span> <span class='ocrx_word' id='word_1_481' title='bbox 1309 3117 1380 3190; x_wconf 76' lang='grc' dir='ltr'>Ὁρᾷς</span> <span class='ocrx_word' id='word_1_482' title='bbox 1399 3125 1460 3190; x_wconf 78' lang='grc' dir='ltr'>γοῦν</span> <span class='ocrx_word' id='word_1_483' title='bbox 1481 3121 1546 3182; x_wconf 87' lang='grc' dir='ltr'>όπως</span> <span class='ocrx_word' id='word_1_484' title='bbox 1566 3120 1700 3191; x_wconf 81' lang='grc' dir='ltr'>μετατιθείς</span> <span class='ocrx_word' id='word_1_485' title='bbox 1722 3118 1755 3181; x_wconf 82' lang='grc' dir='ltr'>εἰς</span> <span class='ocrx_word' id='word_1_486' title='bbox 1773 3121 1851 3188; x_wconf 71' lang='grc' dir='ltr'>ἀνδρα</span> 
     </span>
     <span class='ocr_line' id='line_1_35' title="bbox 241 3193 1850 3273; baseline -0.002 -18"><span class='ocrx_word' id='word_1_487' title='bbox 241 3200 426 3273; x_wconf 86' lang='grc' dir='ltr'>ρέστατον,ίνα</span> <span class='ocrx_word' id='word_1_488' title='bbox 438 3205 473 3271; x_wconf 80' lang='grc' dir='ltr'>τῷ</span> <span class='ocrx_word' id='word_1_489' title='bbox 482 3199 563 3251; x_wconf 90' lang='grc' dir='ltr'>δοκεῖν</span> <span class='ocrx_word' id='word_1_490' title='bbox 573 3195 646 3268; x_wconf 80' lang='grc' dir='ltr'>ἐγγύς</span> <span class='ocrx_word' id='word_1_491' title='bbox 656 3201 704 3248; x_wconf 84' lang='grc' dir='ltr'>τῶν</span> <span class='ocrx_word' id='word_1_492' title='bbox 715 3193 827 3266; x_wconf 86' lang='grc' dir='ltr'>ἐλέγχων</span> <span class='ocrx_word' id='word_1_493' title='bbox 839 3196 968 3266; x_wconf 84' lang='grc' dir='ltr'>γινόμενος</span> <span class='ocrx_word' id='word_1_494' title='bbox 980 3198 1023 3251; x_wconf 88' lang='grc' dir='ltr'>τδν</span> <span class='ocrx_word' id='word_1_495' title='bbox 1069 3199 1151 3270; x_wconf 79' lang='grc' dir='ltr'>ἕτερον</span> <span class='ocrx_word' id='word_1_496' title='bbox 1165 3197 1209 3265; x_wconf 85' lang='grc' dir='ltr'>τὴν</span> <span class='ocrx_word' id='word_1_497' title='bbox 1230 3199 1284 3270; x_wconf 81' lang='grc' dir='ltr'>περί</span> <span class='ocrx_word' id='word_1_498' title='bbox 1297 3200 1383 3253; x_wconf 88' lang='grc' dir='ltr'>τούτου</span> <span class='ocrx_word' id='word_1_499' title='bbox 1397 3200 1529 3264; x_wconf 89' lang='grc' dir='ltr'>σύστασιν,</span> <span class='ocrx_word' id='word_1_500' title='bbox 1551 3200 1593 3253; x_wconf 84' lang='grc' dir='ltr'>καί</span> <span class='ocrx_word' id='word_1_501' title='bbox 1614 3200 1656 3253; x_wconf 89' lang='grc' dir='ltr'>τδν</span> <span class='ocrx_word' id='word_1_502' title='bbox 1679 3200 1790 3252; x_wconf 87' lang='grc' dir='ltr'>κίνδυνον</span> <span class='ocrx_word' id='word_1_503' title='bbox 1816 3199 1850 3261; x_wconf 88' lang='grc' dir='ltr'>είς</span> 
     </span>
     <span class='ocr_line' id='line_1_36' title="bbox 242 3274 1851 3362; baseline -0.008 -18"><span class='ocrx_word' id='word_1_504' title='bbox 242 3287 526 3362; x_wconf 80' lang='grc' dir='ltr'>ἀκροατὴνσυναρπάσῃ.</span> <span class='ocrx_word' id='word_1_505' title='bbox 564 3283 628 3337; x_wconf 77' lang='grc' dir='ltr'>Εἶτα</span> <span class='ocrx_word' id='word_1_506' title='bbox 644 3283 834 3354; x_wconf 81' lang='grc' dir='ltr'>συλλογιστικῶς</span> <span class='ocrx_word' id='word_1_507' title='bbox 845 3283 912 3336; x_wconf 89' lang='grc' dir='ltr'>λύων</span> <span class='ocrx_word' id='word_1_508' title='bbox 926 3283 1021 3356; x_wconf 81' lang='grc' dir='ltr'>ἰπάγει,</span> <span class='ocrx_word' id='word_1_509' title='bbox 1068 3278 1110 3330; x_wconf 79' lang='grc' dir='ltr'>τὀν</span> <span class='ocrx_word' id='word_1_510' title='bbox 1125 3277 1198 3331; x_wconf 86' lang='grc' dir='ltr'>αύτδν</span> <span class='ocrx_word' id='word_1_511' title='bbox 1214 3277 1308 3331; x_wconf 84' lang='grc' dir='ltr'>ίκεῖνον</span> <span class='ocrx_word' id='word_1_512' title='bbox 1323 3279 1466 3349; x_wconf 86' lang='grc' dir='ltr'>μεθίστησι,</span> <span class='ocrx_word' id='word_1_513' title='bbox 1484 3278 1566 3349; x_wconf 85' lang='grc' dir='ltr'>λέγων</span> <span class='ocrx_word' id='word_1_514' title='bbox 1584 3279 1642 3350; x_wconf 83' lang='grc' dir='ltr'>παρ’</span> <span class='ocrx_word' id='word_1_515' title='bbox 1661 3274 1690 3331; x_wconf 88' lang='grc' dir='ltr'>ού</span> <span class='ocrx_word' id='word_1_516' title='bbox 1705 3279 1774 3346; x_wconf 81' lang='grc' dir='ltr'>δίκην</span> <span class='ocrx_word' id='word_1_517' title='bbox 1798 3279 1851 3332; x_wconf 82' lang='grc' dir='ltr'>ἐστί</span> 
     </span>
     <span class='ocr_line' id='line_1_37' title="bbox 241 3357 1849 3442; baseline 0 -19"><span class='ocrx_word' id='word_1_518' title='bbox 241 3370 264 3424; x_wconf 92' lang='grc' dir='ltr'>εἰ</span> <span class='ocrx_word' id='word_1_519' title='bbox 277 3370 321 3442; x_wconf 86' lang='grc' dir='ltr'>μίν</span> <span class='ocrx_word' id='word_1_520' title='bbox 335 3369 383 3441; x_wconf 79' lang='grc' dir='ltr'>γὰρ</span> <span class='ocrx_word' id='word_1_521' title='bbox 404 3368 483 3421; x_wconf 78' lang='grc' dir='ltr'>ἀλλον</span> <span class='ocrx_word' id='word_1_522' title='bbox 498 3365 552 3419; x_wconf 79' lang='grc' dir='ltr'>τινὰ</span> <span class='ocrx_word' id='word_1_523' title='bbox 574 3364 659 3435; x_wconf 83' lang='grc' dir='ltr'>ἀγῶνα</span> <span class='ocrx_word' id='word_1_524' title='bbox 680 3362 862 3435; x_wconf 73' lang='grc' dir='ltr'>ἀγωνιζομένου</span> <span class='ocrx_word' id='word_1_525' title='bbox 883 3367 928 3417; x_wconf 89' lang='grc' dir='ltr'>σού</span> <span class='ocrx_word' id='word_1_526' title='bbox 947 3370 1023 3419; x_wconf 77' lang='grc' dir='ltr'>ταῦτα</span> <span class='ocrx_word' id='word_1_527' title='bbox 1068 3357 1171 3422; x_wconf 58' lang='grc' dir='ltr'>λαθῑῖίι</span> <span class='ocrx_word' id='word_1_528' title='bbox 1194 3358 1227 3420; x_wconf 67' lang='grc' dir='ltr'>ὡς</span> <span class='ocrx_word' id='word_1_529' title='bbox 1253 3358 1365 3411; x_wconf 62' lang='grc' dir='ltr'>θῑνδθίῡθ</span> <span class='ocrx_word' id='word_1_530' title='bbox 1390 3358 1507 3429; x_wconf 57' lang='grc' dir='ltr'>μεγίστου</span> <span class='ocrx_word' id='word_1_531' title='bbox 1528 3363 1739 3429; x_wconf 53' lang='lat' dir='ltr'>’mmmmm‘</span> <span class='ocrx_word' id='word_1_532' title='bbox 1758 3364 1795 3429; x_wconf 63' lang='grc' dir='ltr'>τῷ</span> <span class='ocrx_word' id='word_1_533' title='bbox 1814 3358 1849 3429; x_wconf 66' lang='grc' dir='ltr'>μὴ</span> 
     </span>
     <span class='ocr_line' id='line_1_38' title="bbox 240 3435 1849 3523; baseline -0.005 -19"><span class='ocrx_word' id='word_1_534' title='bbox 240 3453 435 3523; x_wconf 68' lang='grc' dir='ltr'>κατηγοροῦμεν.</span> <span class='ocrx_word' id='word_1_535' title='bbox 477 3444 507 3499; x_wconf 82' lang='lat'>‘0</span> <span class='ocrx_word' id='word_1_536' title='bbox 528 3445 554 3499; x_wconf 77' lang='grc' dir='ltr'>δὲ</span> <span class='ocrx_word' id='word_1_537' title='bbox 577 3443 743 3516; x_wconf 75' lang='grc' dir='ltr'>συλλογισμός</span> <span class='ocrx_word' id='word_1_538' title='bbox 767 3444 915 3515; x_wconf 75' lang='grc' dir='ltr'>σεσοφιιται.</span> <span class='ocrx_word' id='word_1_539' title='bbox 954 3445 1023 3499; x_wconf 60' lang='lat' dir='ltr'>&#39;Ebu</span> <span class='ocrx_word' id='word_1_540' title='bbox 1068 3435 1207 3507; x_wconf 72' lang='grc' dir='ltr'>ἐλέγχοντι.</span> <span class='ocrx_word' id='word_1_541' title='bbox 1246 3435 1321 3489; x_wconf 81' lang='grc' dir='ltr'>Ὅθεν</span> <span class='ocrx_word' id='word_1_542' title='bbox 1336 3435 1513 3507; x_wconf 73' lang='grc' dir='ltr'>εθλαθούμενοε</span> <span class='ocrx_word' id='word_1_543' title='bbox 1532 3436 1576 3489; x_wconf 79' lang='grc' dir='ltr'>τδν</span> <span class='ocrx_word' id='word_1_544' title='bbox 1592 3435 1676 3508; x_wconf 72' lang='grc' dir='ltr'>ἀγῶνα</span> <span class='ocrx_word' id='word_1_545' title='bbox 1694 3436 1735 3488; x_wconf 74' lang='grc' dir='ltr'>καί</span> <span class='ocrx_word' id='word_1_546' title='bbox 1751 3437 1849 3505; x_wconf 71' lang='grc' dir='ltr'>φεύγων</span> 
     </span>
     <span class='ocr_line' id='line_1_39' title="bbox 240 3513 1848 3600; baseline -0.007 -21"><span class='ocrx_word' id='word_1_547' title='bbox 240 3528 289 3600; x_wconf 75' lang='grc' dir='ltr'>γὰρ</span> <span class='ocrx_word' id='word_1_548' title='bbox 302 3535 397 3600; x_wconf 75' lang='grc' dir='ltr'>πρῶτον</span> <span class='ocrx_word' id='word_1_549' title='bbox 415 3524 556 3588; x_wconf 84' lang='grc' dir='ltr'>ἀποδεῖξαι,</span> <span class='ocrx_word' id='word_1_550' title='bbox 572 3522 628 3577; x_wconf 77' lang='grc' dir='ltr'>εἶτα</span> <span class='ocrx_word' id='word_1_551' title='bbox 641 3521 843 3591; x_wconf 79' lang='grc' dir='ltr'>συλλογίσασθαι.</span> <span class='ocrx_word' id='word_1_552' title='bbox 882 3524 934 3576; x_wconf 85' lang='grc' dir='ltr'>Νύν</span> <span class='ocrx_word' id='word_1_553' title='bbox 943 3524 969 3578; x_wconf 89' lang='grc' dir='ltr'>δέ</span> <span class='ocrx_word' id='word_1_554' title='bbox 988 3524 1021 3594; x_wconf 82' lang='grc' dir='ltr'>μὴ</span> <span class='ocrx_word' id='word_1_555' title='bbox 1067 3516 1195 3586; x_wconf 86' lang='grc' dir='ltr'>προδήλως</span> <span class='ocrx_word' id='word_1_556' title='bbox 1208 3513 1252 3581; x_wconf 88' lang='grc' dir='ltr'>τὴν</span> <span class='ocrx_word' id='word_1_557' title='bbox 1265 3519 1308 3582; x_wconf 90' lang='grc' dir='ltr'>τῆς</span> <span class='ocrx_word' id='word_1_558' title='bbox 1316 3515 1483 3587; x_wconf 88' lang='grc' dir='ltr'>παραιτήσεως</span> <span class='ocrx_word' id='word_1_559' title='bbox 1499 3515 1568 3568; x_wconf 89' lang='grc' dir='ltr'>λύσιν</span> <span class='ocrx_word' id='word_1_560' title='bbox 1580 3515 1720 3567; x_wconf 80' lang='grc' dir='ltr'>τελευταίαν</span> <span class='ocrx_word' id='word_1_561' title='bbox 1731 3516 1848 3580; x_wconf 76' lang='grc' dir='ltr'>τέθεικεν,</span> 
     </span>
     <span class='ocr_line' id='line_1_40' title="bbox 240 3593 1849 3675; baseline -0.004 -15"><span class='ocrx_word' id='word_1_562' title='bbox 240 3605 537 3675; x_wconf 75' lang='grc' dir='ltr'>ἀποδείξαςόνςδεδειχὼς</span> <span class='ocrx_word' id='word_1_563' title='bbox 550 3602 731 3673; x_wconf 81' lang='grc' dir='ltr'>συλλογίζεται.</span> <span class='ocrx_word' id='word_1_564' title='bbox 768 3599 834 3655; x_wconf 81' lang='grc' dir='ltr'>Εἶτα</span> <span class='ocrx_word' id='word_1_565' title='bbox 846 3601 927 3674; x_wconf 85' lang='grc' dir='ltr'>έτέραν</span> <span class='ocrx_word' id='word_1_566' title='bbox 937 3602 1022 3675; x_wconf 81' lang='grc' dir='ltr'>ἐπάγει</span> <span class='ocrx_word' id='word_1_567' title='bbox 1067 3595 1247 3665; x_wconf 64' lang='grc' dir='ltr'>ἐίδὲῑκθῦμῑίθς</span> <span class='ocrx_word' id='word_1_568' title='bbox 1260 3595 1292 3646; x_wconf 67' lang='grc' dir='ltr'>δί’</span> <span class='ocrx_word' id='word_1_569' title='bbox 1313 3594 1385 3660; x_wconf 70' lang='grc' dir='ltr'><strong>αὖῖῆς</strong></span> <span class='ocrx_word' id='word_1_570' title='bbox 1403 3593 1464 3666; x_wconf 69' lang='grc' dir='ltr'>μθῐῑ</span> <span class='ocrx_word' id='word_1_571' title='bbox 1484 3594 1619 3659; x_wconf 60' lang='grc' dir='ltr'>θίαίκαῗῦί</span> <span class='ocrx_word' id='word_1_572' title='bbox 1635 3593 1770 3663; x_wconf 69' lang='grc' dir='ltr'>ίίῑδὲγχῑῑν</span> <span class='ocrx_word' id='word_1_573' title='bbox 1786 3595 1849 3665; x_wconf 69' lang='grc' dir='ltr'>μήτε</span> 
     </span>
     <span class='ocr_line' id='line_1_41' title="bbox 239 3670 1849 3757; baseline -0.009 -18"><span class='ocrx_word' id='word_1_574' title='bbox 239 3687 309 3741; x_wconf 91' lang='grc' dir='ltr'>λύσιν</span> <span class='ocrx_word' id='word_1_575' title='bbox 332 3682 529 3757; x_wconf 76' lang='grc' dir='ltr'>μεταληπτικὴν,</span> <span class='ocrx_word' id='word_1_576' title='bbox 549 3683 591 3735; x_wconf 85' lang='grc' dir='ltr'>καί</span> <span class='ocrx_word' id='word_1_577' title='bbox 616 3680 664 3751; x_wconf 87' lang='grc' dir='ltr'>μὴν</span> <span class='ocrx_word' id='word_1_578' title='bbox 686 3679 786 3734; x_wconf 84' lang='grc' dir='ltr'>κάκεῖνό</span> <span class='ocrx_word' id='word_1_579' title='bbox 803 3700 833 3751; x_wconf 88' lang='grc' dir='ltr'>γε</span> <span class='ocrx_word' id='word_1_580' title='bbox 863 3683 906 3736; x_wconf 86' lang='grc' dir='ltr'>δεῖ</span> <span class='ocrx_word' id='word_1_581' title='bbox 934 3685 1021 3753; x_wconf 83' lang='grc' dir='ltr'>μαθεῖν</span> <span class='ocrx_word' id='word_1_582' title='bbox 1066 3672 1131 3743; x_wconf 66' lang='grc' dir='ltr'>παρέ</span> <span class='ocrx_word' id='word_1_583' title='bbox 1144 3679 1192 3725; x_wconf 73' lang='grc' dir='ltr'>τῶν</span> <span class='ocrx_word' id='word_1_584' title='bbox 1207 3673 1290 3743; x_wconf 71' lang='grc' dir='ltr'>νόμων</span> <span class='ocrx_word' id='word_1_585' title='bbox 1299 3672 1401 3742; x_wconf 81' lang='grc' dir='ltr'>ὡρίσθαι</span> <span class='ocrx_word' id='word_1_586' title='bbox 1412 3670 1457 3738; x_wconf 86' lang='grc' dir='ltr'>τὴν</span> <span class='ocrx_word' id='word_1_587' title='bbox 1468 3691 1497 3725; x_wconf 86' lang='grc' dir='ltr'>πε</span> <span class='ocrx_word' id='word_1_588' title='bbox 1512 3672 1523 3722; x_wconf 78' lang='grc' dir='ltr'>ἰ</span> <span class='ocrx_word' id='word_1_589' title='bbox 1536 3672 1629 3724; x_wconf 90' lang='grc' dir='ltr'>τούτων</span> <span class='ocrx_word' id='word_1_590' title='bbox 1641 3670 1761 3741; x_wconf 78' lang='grc' dir='ltr'>ἀνάγκην.</span> <span class='ocrx_word' id='word_1_591' title='bbox 1803 3670 1849 3725; x_wconf 83' lang='grc' dir='ltr'>Ἔν</span> 
     </span>
     <span class='ocr_line' id='line_1_42' title="bbox 239 3691 1849 3837; baseline -0.011 -17"><span class='ocrx_word' id='word_1_592' title='bbox 239 3767 317 3837; x_wconf 80' lang='grc' dir='ltr'>ύμᾶς,</span> <span class='ocrx_word' id='word_1_593' title='bbox 331 3765 457 3826; x_wconf 81' lang='grc' dir='ltr'>δτιότοθς</span> <span class='ocrx_word' id='word_1_594' title='bbox 467 3764 556 3833; x_wconf 88' lang='grc' dir='ltr'>νόμους</span> <span class='ocrx_word' id='word_1_595' title='bbox 568 3761 657 3824; x_wconf 81' lang='grc' dir='ltr'>τιθείς,</span> <span class='ocrx_word' id='word_1_596' title='bbox 671 3759 750 3813; x_wconf 82' lang='grc' dir='ltr'>καίτίι</span> <span class='ocrx_word' id='word_1_597' title='bbox 762 3758 829 3826; x_wconf 78' lang='grc' dir='ltr'>έξῆς,</span> <span class='ocrx_word' id='word_1_598' title='bbox 841 3760 1021 3834; x_wconf 83' lang='grc' dir='ltr'>ἐνδεικνύμενος</span> <span class='ocrx_word' id='word_1_599' title='bbox 1069 3751 1095 3805; x_wconf 82' lang='grc' dir='ltr'>δέ</span> <span class='ocrx_word' id='word_1_600' title='bbox 1110 3757 1147 3821; x_wconf 82' lang='grc' dir='ltr'>τῷ</span> <span class='ocrx_word' id='word_1_601' title='bbox 1159 3753 1225 3822; x_wconf 89' lang='grc' dir='ltr'>μέρει</span> <span class='ocrx_word' id='word_1_602' title='bbox 1237 3752 1316 3823; x_wconf 83' lang='grc' dir='ltr'>τούτῳ</span> <span class='ocrx_word' id='word_1_603' title='bbox 1336 3755 1379 3818; x_wconf 88' lang='grc' dir='ltr'>τῆς</span> <span class='ocrx_word' id='word_1_604' title='bbox 1391 3751 1484 3813; x_wconf 88' lang='grc' dir='ltr'>λύσεώς</span> <span class='ocrx_word' id='word_1_605' title='bbox 1499 3691 1551 3804; x_wconf 80' lang='grc' dir='ltr'>ἐστί</span> <span class='ocrx_word' id='word_1_606' title='bbox 1565 3771 1588 3804; x_wconf 89' lang='grc' dir='ltr'>τι</span> <span class='ocrx_word' id='word_1_607' title='bbox 1601 3757 1651 3804; x_wconf 79' lang='grc' dir='ltr'>τῶν</span> <span class='ocrx_word' id='word_1_608' title='bbox 1673 3750 1773 3821; x_wconf 79' lang='grc' dir='ltr'>ἀσαφῶν</span> <span class='ocrx_word' id='word_1_609' title='bbox 1785 3751 1849 3805; x_wconf 77' lang='grc' dir='ltr'>κατὰ</span> 
     </span>
     <span class='ocr_line' id='line_1_43' title="bbox 239 3828 1850 3911; baseline -0.01 -13"><span class='ocrx_word' id='word_1_610' title='bbox 239 3844 281 3898; x_wconf 85' lang='grc' dir='ltr'>διίι</span> <span class='ocrx_word' id='word_1_611' title='bbox 294 3844 383 3910; x_wconf 89' lang='grc' dir='ltr'>ταύτης</span> <span class='ocrx_word' id='word_1_612' title='bbox 401 3844 439 3896; x_wconf 86' lang='grc' dir='ltr'>ότι</span> <span class='ocrx_word' id='word_1_613' title='bbox 449 3844 577 3911; x_wconf 80' lang='grc' dir='ltr'>πανταχοῖ</span> <span class='ocrx_word' id='word_1_614' title='bbox 589 3840 734 3909; x_wconf 86' lang='grc' dir='ltr'>κατηγορεῖν</span> <span class='ocrx_word' id='word_1_615' title='bbox 748 3838 848 3900; x_wconf 78' lang='grc' dir='ltr'>ἔξεστιν.</span> <span class='ocrx_word' id='word_1_616' title='bbox 1066 3832 1111 3899; x_wconf 87' lang='grc' dir='ltr'>τὴν</span> <span class='ocrx_word' id='word_1_617' title='bbox 1127 3831 1287 3903; x_wconf 76' lang='grc' dir='ltr'>ἐξαγγελίαν,</span> <span class='ocrx_word' id='word_1_618' title='bbox 1304 3831 1400 3902; x_wconf 77' lang='grc' dir='ltr'>μᾶλλον</span> <span class='ocrx_word' id='word_1_619' title='bbox 1414 3831 1441 3885; x_wconf 87' lang='grc' dir='ltr'>δί</span> <span class='ocrx_word' id='word_1_620' title='bbox 1457 3830 1519 3883; x_wconf 84' lang='grc' dir='ltr'>κατά</span> <span class='ocrx_word' id='word_1_621' title='bbox 1533 3828 1578 3896; x_wconf 88' lang='grc' dir='ltr'>τὴν</span> <span class='ocrx_word' id='word_1_622' title='bbox 1592 3830 1700 3900; x_wconf 77' lang='grc' dir='ltr'>ἱστορίαν</span> <span class='ocrx_word' id='word_1_623' title='bbox 1721 3834 1765 3896; x_wconf 85' lang='grc' dir='ltr'>τῆς</span> <span class='ocrx_word' id='word_1_624' title='bbox 1779 3831 1850 3883; x_wconf 81' lang='grc' dir='ltr'>πολι·</span> 
     </span>
     <span class='ocr_line' id='line_1_44' title="bbox 276 3910 1849 3995; baseline -0.01 -17"><span class='ocrx_word' id='word_1_625' title='bbox 276 3926 338 3995; x_wconf 85' lang='grc'>599,</span> <span class='ocrx_word' id='word_1_626' title='bbox 354 3927 399 3987; x_wconf 63' lang='grc' dir='ltr'>μή.</span> <span class='ocrx_word' id='word_1_627' title='bbox 418 3920 596 3992; x_wconf 81' lang='grc' dir='ltr'>Ἕταιρήσεως]</span> <span class='ocrx_word' id='word_1_628' title='bbox 607 3918 733 3988; x_wconf 85' lang='grc' dir='ltr'>Πορνείας.</span> <span class='ocrx_word' id='word_1_629' title='bbox 749 3920 780 3972; x_wconf 91' lang='grc' dir='ltr'>Β.</span> <span class='ocrx_word' id='word_1_630' title='bbox 906 3966 912 3978; x_wconf 81' lang='grc'>,</span> <span class='ocrx_word' id='word_1_631' title='bbox 1067 3913 1144 3976; x_wconf 85' lang='grc' dir='ltr'>τείας,</span> <span class='ocrx_word' id='word_1_632' title='bbox 1167 3912 1357 3983; x_wconf 83' lang='grc' dir='ltr'>ἀπαρείληπται</span> <span class='ocrx_word' id='word_1_633' title='bbox 1371 3911 1414 3981; x_wconf 80' lang='grc' dir='ltr'>μέν</span> <span class='ocrx_word' id='word_1_634' title='bbox 1433 3910 1466 3972; x_wconf 86' lang='grc' dir='ltr'>ίος</span> <span class='ocrx_word' id='word_1_635' title='bbox 1484 3911 1653 3980; x_wconf 77' lang='grc' dir='ltr'>παράδειγμα,</span> <span class='ocrx_word' id='word_1_636' title='bbox 1670 3910 1748 3962; x_wconf 85' lang='grc' dir='ltr'>δεῖται</span> <span class='ocrx_word' id='word_1_637' title='bbox 1764 3910 1791 3963; x_wconf 88' lang='grc' dir='ltr'>δέ</span> <span class='ocrx_word' id='word_1_638' title='bbox 1804 3915 1849 3977; x_wconf 87' lang='grc' dir='ltr'>τῆς</span> 
     </span>
     <span class='ocr_line' id='line_1_45' title="bbox 276 3989 1849 4073; baseline -0.01 -16"><span class='ocrx_word' id='word_1_639' title='bbox 276 4006 338 4073; x_wconf 84' lang='grc'>599,</span> <span class='ocrx_word' id='word_1_640' title='bbox 354 4006 398 4056; x_wconf 75' lang='lat'>28.</span> <span class='ocrx_word' id='word_1_641' title='bbox 413 4001 472 4071; x_wconf 84' lang='grc' dir='ltr'>Ιίερί</span> <span class='ocrx_word' id='word_1_642' title='bbox 492 3999 582 4070; x_wconf 89' lang='grc' dir='ltr'>χιλίων</span> <span class='ocrx_word' id='word_1_643' title='bbox 600 3996 795 4068; x_wconf 84' lang='grc' dir='ltr'>ἐκινδυνεύομεν]</span> <span class='ocrx_word' id='word_1_644' title='bbox 809 3998 929 4065; x_wconf 76' lang='grc' dir='ltr'>Δηλονότι</span> <span class='ocrx_word' id='word_1_645' title='bbox 944 4001 1019 4070; x_wconf 87' lang='grc' dir='ltr'>δραχ-</span> <span class='ocrx_word' id='word_1_646' title='bbox 1066 3994 1226 4063; x_wconf 84' lang='grc' dir='ltr'>διορθώσεως.</span> <span class='ocrx_word' id='word_1_647' title='bbox 1269 3991 1312 4045; x_wconf 87' lang='grc' dir='ltr'>Ἐν</span> <span class='ocrx_word' id='word_1_648' title='bbox 1323 3993 1348 4046; x_wconf 83' lang='grc' dir='ltr'>δέ</span> <span class='ocrx_word' id='word_1_649' title='bbox 1358 3998 1394 4063; x_wconf 82' lang='grc' dir='ltr'>τῷ</span> <span class='ocrx_word' id='word_1_650' title='bbox 1406 3991 1453 4060; x_wconf 89' lang='grc' dir='ltr'>ούχ</span> <span class='ocrx_word' id='word_1_651' title='bbox 1471 3989 1507 4042; x_wconf 81' lang='grc' dir='ltr'>ένί</span> <span class='ocrx_word' id='word_1_652' title='bbox 1519 3991 1609 4043; x_wconf 85' lang='grc' dir='ltr'>δέδωκε</span> <span class='ocrx_word' id='word_1_653' title='bbox 1627 3989 1709 4059; x_wconf 86' lang='grc' dir='ltr'>τρόπῳ</span> <span class='ocrx_word' id='word_1_654' title='bbox 1725 3989 1849 4057; x_wconf 79' lang='grc' dir='ltr'>σοφίζεται</span> 
     </span>
     <span class='ocr_line' id='line_1_46' title="bbox 240 4067 1849 4154; baseline -0.011 -20"><span class='ocrx_word' id='word_1_655' title='bbox 240 4087 303 4154; x_wconf 79' lang='grc' dir='ltr'>μῶν.</span> <span class='ocrx_word' id='word_1_656' title='bbox 345 4080 480 4153; x_wconf 79' lang='grc' dir='ltr'>Ἐκράτησε</span> <span class='ocrx_word' id='word_1_657' title='bbox 500 4077 548 4149; x_wconf 83' lang='grc' dir='ltr'>γάρ</span> <span class='ocrx_word' id='word_1_658' title='bbox 573 4080 646 4130; x_wconf 83' lang='grc' dir='ltr'>τούτο</span> <span class='ocrx_word' id='word_1_659' title='bbox 662 4075 719 4146; x_wconf 85' lang='grc' dir='ltr'>παρ’</span> <span class='ocrx_word' id='word_1_660' title='bbox 743 4074 890 4142; x_wconf 68' lang='grc' dir='ltr'>Ἀθηναίοις,</span> <span class='ocrx_word' id='word_1_661' title='bbox 906 4076 1021 4148; x_wconf 88' lang='grc' dir='ltr'>λέγεσθαι</span> <span class='ocrx_word' id='word_1_662' title='bbox 1066 4072 1188 4143; x_wconf 82' lang='grc' dir='ltr'>όρήτωρ,</span> <span class='ocrx_word' id='word_1_663' title='bbox 1203 4075 1220 4124; x_wconf 79' lang='grc' dir='ltr'><strong><em>ἂ</em></strong></span> <span class='ocrx_word' id='word_1_664' title='bbox 1236 4072 1289 4144; x_wconf 84' lang='grc' dir='ltr'>περί</span> <span class='ocrx_word' id='word_1_665' title='bbox 1305 4072 1398 4137; x_wconf 84' lang='grc' dir='ltr'>κλοπῆς</span> <span class='ocrx_word' id='word_1_666' title='bbox 1411 4070 1504 4140; x_wconf 86' lang='grc' dir='ltr'>εἴρηται</span> <span class='ocrx_word' id='word_1_667' title='bbox 1518 4070 1593 4139; x_wconf 82' lang='grc' dir='ltr'>μόνης</span> <span class='ocrx_word' id='word_1_668' title='bbox 1602 4069 1644 4120; x_wconf 83' lang='grc' dir='ltr'>καὶ</span> <span class='ocrx_word' id='word_1_669' title='bbox 1657 4067 1801 4137; x_wconf 79' lang='grc' dir='ltr'>ἱεροσυλίας,</span> <span class='ocrx_word' id='word_1_670' title='bbox 1814 4068 1849 4129; x_wconf 80' lang='grc' dir='ltr'>ὡς</span> 
     </span>
     <span class='ocr_line' id='line_1_47' title="bbox 240 4146 1847 4234; baseline -0.012 -17"><span class='ocrx_word' id='word_1_671' title='bbox 240 4158 445 4234; x_wconf 79' lang='grc' dir='ltr'>ἀπροσδιορίστως</span> <span class='ocrx_word' id='word_1_672' title='bbox 457 4163 530 4213; x_wconf 91' lang='grc' dir='ltr'>τοῖιτο</span> <span class='ocrx_word' id='word_1_673' title='bbox 544 4156 585 4210; x_wconf 81' lang='grc' dir='ltr'>καί</span> <span class='ocrx_word' id='word_1_674' title='bbox 598 4158 717 4209; x_wconf 84' lang='grc' dir='ltr'>νοεῖσθαι.</span> <span class='ocrx_word' id='word_1_675' title='bbox 732 4160 764 4210; x_wconf 84' lang='grc' dir='ltr'>Α.</span> <span class='ocrx_word' id='word_1_676' title='bbox 1065 4153 1235 4207; x_wconf 80' lang='grc' dir='ltr'>κατὰπάντων</span> <span class='ocrx_word' id='word_1_677' title='bbox 1247 4152 1347 4222; x_wconf 89' lang='grc' dir='ltr'>κείμενα</span> <span class='ocrx_word' id='word_1_678' title='bbox 1358 4150 1453 4220; x_wconf 90' lang='grc' dir='ltr'>λέγων,</span> <span class='ocrx_word' id='word_1_679' title='bbox 1464 4148 1508 4200; x_wconf 80' lang='grc' dir='ltr'>ἵνα</span> <span class='ocrx_word' id='word_1_680' title='bbox 1516 4148 1563 4202; x_wconf 85' lang='grc' dir='ltr'>ἀπδ</span> <span class='ocrx_word' id='word_1_681' title='bbox 1577 4154 1626 4201; x_wconf 77' lang='grc' dir='ltr'>τῶν</span> <span class='ocrx_word' id='word_1_682' title='bbox 1639 4146 1847 4219; x_wconf 73' lang='grc' dir='ltr'>ὁμολογουμένων</span> 
     </span>
     <span class='ocr_line' id='line_1_48' title="bbox 275 4230 1522 4310; baseline -0.013 -13"><span class='ocrx_word' id='word_1_683' title='bbox 275 4249 337 4308; x_wconf 88' lang='grc'><strong>600,</strong></span> <span class='ocrx_word' id='word_1_684' title='bbox 356 4260 380 4294; x_wconf 94' lang='lat'>1.</span> <span class='ocrx_word' id='word_1_685' title='bbox 395 4240 442 4293; x_wconf 81' lang='grc' dir='ltr'>ίίαλ</span> <span class='ocrx_word' id='word_1_686' title='bbox 462 4238 593 4310; x_wconf 88' lang='grc' dir='ltr'>ἐνοχλεῖν,</span> <span class='ocrx_word' id='word_1_687' title='bbox 611 4235 640 4290; x_wconf 89' lang='grc' dir='ltr'>ού</span> <span class='ocrx_word' id='word_1_688' title='bbox 655 4238 798 4309; x_wconf 84' lang='grc' dir='ltr'>δικασταῖς]</span> <span class='ocrx_word' id='word_1_689' title='bbox 818 4235 950 4308; x_wconf 86' lang='grc' dir='ltr'>Συγκρούει</span> <span class='ocrx_word' id='word_1_690' title='bbox 963 4239 1020 4308; x_wconf 81' lang='grc' dir='ltr'>τρό·</span> <span class='ocrx_word' id='word_1_691' title='bbox 1065 4233 1106 4285; x_wconf 88' lang='grc' dir='ltr'>καί</span> <span class='ocrx_word' id='word_1_692' title='bbox 1119 4233 1148 4286; x_wconf 85' lang='grc' dir='ltr'>τδ</span> <span class='ocrx_word' id='word_1_693' title='bbox 1160 4231 1387 4303; x_wconf 84' lang='grc' dir='ltr'>ἀμφισόητούμενον</span> <span class='ocrx_word' id='word_1_694' title='bbox 1402 4230 1522 4299; x_wconf 82' lang='grc' dir='ltr'>σνναχθῆ.</span> 
     </span>
     <span class='ocr_line' id='line_1_49' title="bbox 239 4303 1847 4390; baseline -0.012 -13"><span class='ocrx_word' id='word_1_695' title='bbox 239 4342 285 4377; x_wconf 87' lang='grc' dir='ltr'>πον</span> <span class='ocrx_word' id='word_1_696' title='bbox 310 4322 365 4376; x_wconf 85' lang='grc' dir='ltr'>τινά</span> <span class='ocrx_word' id='word_1_697' title='bbox 383 4323 436 4383; x_wconf 88' lang='grc' dir='ltr'>τοῖς</span> <span class='ocrx_word' id='word_1_698' title='bbox 459 4321 584 4380; x_wconf 81' lang='grc' dir='ltr'>δικασταῖς</span> <span class='ocrx_word' id='word_1_699' title='bbox 604 4316 694 4383; x_wconf 85' lang='grc' dir='ltr'>αύτδν,</span> <span class='ocrx_word' id='word_1_700' title='bbox 710 4317 735 4372; x_wconf 86' lang='grc' dir='ltr'>τί</span> <span class='ocrx_word' id='word_1_701' title='bbox 751 4338 781 4390; x_wconf 88' lang='grc' dir='ltr'>γε</span> <span class='ocrx_word' id='word_1_702' title='bbox 802 4318 858 4390; x_wconf 83' lang='grc' dir='ltr'>παρ’</span> <span class='ocrx_word' id='word_1_703' title='bbox 879 4317 962 4381; x_wconf 88' lang='grc' dir='ltr'>αθτοῖς</span> <span class='ocrx_word' id='word_1_704' title='bbox 976 4318 1020 4372; x_wconf 82' lang='grc' dir='ltr'>ούκ</span> <span class='ocrx_word' id='word_1_705' title='bbox 1102 4318 1163 4375; x_wconf 75' lang='grc'><strong>601,</strong></span> <span class='ocrx_word' id='word_1_706' title='bbox 1189 4329 1230 4381; x_wconf 83' lang='grc'>19.</span> <span class='ocrx_word' id='word_1_707' title='bbox 1252 4310 1362 4381; x_wconf 84' lang='grc' dir='ltr'>Ἄπαγε]</span> <span class='ocrx_word' id='word_1_708' title='bbox 1385 4306 1447 4361; x_wconf 80' lang='grc' dir='ltr'>Ἀντί</span> <span class='ocrx_word' id='word_1_709' title='bbox 1463 4312 1507 4361; x_wconf 85' lang='grc' dir='ltr'>τοῦ</span> <span class='ocrx_word' id='word_1_710' title='bbox 1531 4305 1654 4377; x_wconf 77' lang='grc' dir='ltr'>ἀπαγωγῇ</span> <span class='ocrx_word' id='word_1_711' title='bbox 1674 4311 1738 4377; x_wconf 85' lang='grc' dir='ltr'>χρῶ.</span> <span class='ocrx_word' id='word_1_712' title='bbox 1780 4303 1847 4359; x_wconf 70' lang='lat' dir='ltr'>’Am-</span> 
     </span>
     <span class='ocr_line' id='line_1_50' title="bbox 238 4387 1846 4471; baseline -0.012 -16"><span class='ocrx_word' id='word_1_713' title='bbox 238 4400 352 4471; x_wconf 80' lang='grc' dir='ltr'>ἀνέχεται</span> <span class='ocrx_word' id='word_1_714' title='bbox 366 4401 494 4471; x_wconf 86' lang='grc' dir='ltr'>κρίνεσθαι.</span> <span class='ocrx_word' id='word_1_715' title='bbox 509 4399 611 4453; x_wconf 83' lang='lat' dir='ltr'><strong>FLYT.</strong></span> <span class='ocrx_word' id='word_1_716' title='bbox 1065 4392 1137 4465; x_wconf 89' lang='grc' dir='ltr'>γωγὴ</span> <span class='ocrx_word' id='word_1_717' title='bbox 1152 4394 1179 4446; x_wconf 91' lang='grc' dir='ltr'>δέ</span> <span class='ocrx_word' id='word_1_718' title='bbox 1190 4390 1255 4445; x_wconf 86' lang='grc' dir='ltr'>ἐστιν</span> <span class='ocrx_word' id='word_1_719' title='bbox 1272 4389 1287 4457; x_wconf 84' lang='grc' dir='ltr'>ὴ</span> <span class='ocrx_word' id='word_1_720' title='bbox 1302 4396 1350 4443; x_wconf 85' lang='grc' dir='ltr'>τῶν</span> <span class='ocrx_word' id='word_1_721' title='bbox 1364 4388 1506 4460; x_wconf 90' lang='grc' dir='ltr'>κακούργων</span> <span class='ocrx_word' id='word_1_722' title='bbox 1520 4388 1578 4458; x_wconf 82' lang='grc' dir='ltr'>πρδς</span> <span class='ocrx_word' id='word_1_723' title='bbox 1590 4387 1646 4447; x_wconf 73' lang='grc' dir='ltr'>τούς</span> <span class='ocrx_word' id='word_1_724' title='bbox 1663 4387 1749 4439; x_wconf 76' lang='grc' dir='ltr'>ἕνδεκα</span> <span class='ocrx_word' id='word_1_725' title='bbox 1769 4387 1846 4454; x_wconf 80' lang='grc' dir='ltr'>παρά·</span> 
     </span>
     <span class='ocr_line' id='line_1_51' title="bbox 274 4463 1846 4548; baseline -0.011 -15"><span class='ocrx_word' id='word_1_726' title='bbox 274 4486 336 4543; x_wconf 85' lang='grc'><strong>600,</strong></span> <span class='ocrx_word' id='word_1_727' title='bbox 353 4479 379 4533; x_wconf 85' lang='grc'>5.</span> <span class='ocrx_word' id='word_1_728' title='bbox 394 4478 464 4531; x_wconf 81' lang='grc' dir='ltr'>Αίτία</span> <span class='ocrx_word' id='word_1_729' title='bbox 475 4476 517 4548; x_wconf 78' lang='grc' dir='ltr'>μέν</span> <span class='ocrx_word' id='word_1_730' title='bbox 531 4477 597 4548; x_wconf 87' lang='grc' dir='ltr'>γάρ]</span> <span class='ocrx_word' id='word_1_731' title='bbox 614 4475 703 4530; x_wconf 87' lang='grc' dir='ltr'>Ἰστέον</span> <span class='ocrx_word' id='word_1_732' title='bbox 718 4478 755 4528; x_wconf 86' lang='grc' dir='ltr'>ότι</span> <span class='ocrx_word' id='word_1_733' title='bbox 765 4476 819 4546; x_wconf 89' lang='grc' dir='ltr'>τρία</span> <span class='ocrx_word' id='word_1_734' title='bbox 831 4477 944 4546; x_wconf 87' lang='grc' dir='ltr'>σημαίνει</span> <span class='ocrx_word' id='word_1_735' title='bbox 955 4476 1020 4548; x_wconf 75' lang='grc' dir='ltr'>παρὰ</span> <span class='ocrx_word' id='word_1_736' title='bbox 1065 4477 1141 4535; x_wconf 91' lang='grc' dir='ltr'>δοσις.</span> <span class='ocrx_word' id='word_1_737' title='bbox 1178 4472 1213 4524; x_wconf 88' lang='grc' dir='ltr'>Τδ</span> <span class='ocrx_word' id='word_1_738' title='bbox 1226 4471 1252 4523; x_wconf 80' lang='grc' dir='ltr'>δέ</span> <span class='ocrx_word' id='word_1_739' title='bbox 1273 4470 1377 4541; x_wconf 81' lang='grc' dir='ltr'>ἔρρωσαι</span> <span class='ocrx_word' id='word_1_740' title='bbox 1390 4469 1432 4521; x_wconf 82' lang='grc' dir='ltr'>καί</span> <span class='ocrx_word' id='word_1_741' title='bbox 1446 4473 1527 4539; x_wconf 82' lang='grc' dir='ltr'>σαυτῷ</span> <span class='ocrx_word' id='word_1_742' title='bbox 1544 4467 1662 4527; x_wconf 82' lang='grc' dir='ltr'>πιστεύεις</span> <span class='ocrx_word' id='word_1_743' title='bbox 1673 4463 1759 4535; x_wconf 79' lang='grc' dir='ltr'>εἴληφε</span> <span class='ocrx_word' id='word_1_744' title='bbox 1770 4467 1846 4536; x_wconf 81' lang='grc' dir='ltr'>παρά·</span> 
     </span>
     <span class='ocr_line' id='line_1_52' title="bbox 238 4544 1846 4627; baseline -0.009 -15"><span class='ocrx_word' id='word_1_745' title='bbox 238 4562 290 4622; x_wconf 92' lang='grc' dir='ltr'>τοῖς</span> <span class='ocrx_word' id='word_1_746' title='bbox 303 4555 542 4623; x_wconf 83' lang='grc' dir='ltr'>παλαιοῖςὴαίτία·</span> <span class='ocrx_word' id='word_1_747' title='bbox 558 4553 632 4620; x_wconf 79' lang='grc' dir='ltr'>ἀύτὴν</span> <span class='ocrx_word' id='word_1_748' title='bbox 644 4553 688 4619; x_wconf 90' lang='grc' dir='ltr'>τὴν</span> <span class='ocrx_word' id='word_1_749' title='bbox 699 4554 795 4620; x_wconf 90' lang='grc' dir='ltr'>αἰτίαν,</span> <span class='ocrx_word' id='word_1_750' title='bbox 810 4556 840 4621; x_wconf 84' lang='grc' dir='ltr'>ῆν</span> <span class='ocrx_word' id='word_1_751' title='bbox 856 4560 898 4607; x_wconf 83' lang='grc' dir='ltr'>νύν</span> <span class='ocrx_word' id='word_1_752' title='bbox 913 4555 1019 4627; x_wconf 87' lang='grc' dir='ltr'>λέγομεν</span> <span class='ocrx_word' id='word_1_753' title='bbox 1064 4557 1154 4625; x_wconf 89' lang='grc' dir='ltr'>δειγμα</span> <span class='ocrx_word' id='word_1_754' title='bbox 1178 4552 1237 4623; x_wconf 84' lang='grc' dir='ltr'>πρδς</span> <span class='ocrx_word' id='word_1_755' title='bbox 1260 4548 1303 4615; x_wconf 88' lang='grc' dir='ltr'>τὴν</span> <span class='ocrx_word' id='word_1_756' title='bbox 1320 4549 1479 4620; x_wconf 85' lang='grc' dir='ltr'>προκειμένην</span> <span class='ocrx_word' id='word_1_757' title='bbox 1503 4546 1627 4601; x_wconf 87' lang='grc' dir='ltr'>ύπόθεσιν.</span> <span class='ocrx_word' id='word_1_758' title='bbox 1670 4546 1749 4598; x_wconf 76' lang='grc' dir='ltr'>Τοῦτο</span> <span class='ocrx_word' id='word_1_759' title='bbox 1769 4544 1795 4598; x_wconf 81' lang='grc' dir='ltr'>δί</span> <span class='ocrx_word' id='word_1_760' title='bbox 1817 4545 1846 4597; x_wconf 79' lang='grc' dir='ltr'>τίν</span> 
     </span>
     <span class='ocr_line' id='line_1_53' title="bbox 238 4622 1844 4705; baseline -0.01 -14"><span class='ocrx_word' id='word_1_761' title='bbox 238 4639 426 4692; x_wconf 85' lang='grc' dir='ltr'>ἀναπόδεικτον·</span> <span class='ocrx_word' id='word_1_762' title='bbox 444 4634 524 4689; x_wconf 89' lang='grc' dir='ltr'>αίτίαν</span> <span class='ocrx_word' id='word_1_763' title='bbox 539 4632 584 4699; x_wconf 84' lang='grc' dir='ltr'>τὴν</span> <span class='ocrx_word' id='word_1_764' title='bbox 597 4634 699 4704; x_wconf 85' lang='grc' dir='ltr'>μέμψιν,</span> <span class='ocrx_word' id='word_1_765' title='bbox 712 4634 771 4685; x_wconf 85' lang='grc' dir='ltr'>όταν</span> <span class='ocrx_word' id='word_1_766' title='bbox 784 4651 819 4694; x_wconf 90' lang='grc' dir='ltr'>τις</span> <span class='ocrx_word' id='word_1_767' title='bbox 831 4633 902 4702; x_wconf 89' lang='grc' dir='ltr'>φίλον</span> <span class='ocrx_word' id='word_1_768' title='bbox 915 4632 1019 4687; x_wconf 83' lang='grc' dir='ltr'>αἰτιᾶται</span> <span class='ocrx_word' id='word_1_769' title='bbox 1066 4633 1169 4705; x_wconf 76' lang='grc' dir='ltr'>ἔρρωσαι</span> <span class='ocrx_word' id='word_1_770' title='bbox 1179 4631 1219 4683; x_wconf 86' lang='grc' dir='ltr'>καί</span> <span class='ocrx_word' id='word_1_771' title='bbox 1230 4630 1258 4684; x_wconf 84' lang='grc' dir='ltr'>τδ</span> <span class='ocrx_word' id='word_1_772' title='bbox 1270 4629 1323 4695; x_wconf 77' lang='grc' dir='ltr'>έξῆς</span> <span class='ocrx_word' id='word_1_773' title='bbox 1336 4628 1363 4681; x_wconf 88' lang='grc' dir='ltr'>ού</span> <span class='ocrx_word' id='word_1_774' title='bbox 1372 4626 1427 4697; x_wconf 83' lang='grc' dir='ltr'>περί</span> <span class='ocrx_word' id='word_1_775' title='bbox 1437 4633 1486 4680; x_wconf 82' lang='grc' dir='ltr'>τῶν</span> <span class='ocrx_word' id='word_1_776' title='bbox 1494 4627 1593 4677; x_wconf 88' lang='grc' dir='ltr'>δικαίων</span> <span class='ocrx_word' id='word_1_777' title='bbox 1601 4625 1642 4677; x_wconf 84' lang='grc' dir='ltr'>καί</span> <span class='ocrx_word' id='word_1_778' title='bbox 1651 4622 1755 4677; x_wconf 78' lang='grc' dir='ltr'>ἐνταῦθα</span> <span class='ocrx_word' id='word_1_779' title='bbox 1767 4623 1844 4693; x_wconf 90' lang='grc' dir='ltr'>λέγει,</span> 
     </span>
     <span class='ocr_line' id='line_1_54' title="bbox 237 4702 1844 4788; baseline -0.012 -15"><span class='ocrx_word' id='word_1_780' title='bbox 237 4720 270 4783; x_wconf 83' lang='grc' dir='ltr'>ώς</span> <span class='ocrx_word' id='word_1_781' title='bbox 283 4725 362 4781; x_wconf 84' lang='grc' dir='ltr'>κακῶς</span> <span class='ocrx_word' id='word_1_782' title='bbox 375 4718 531 4788; x_wconf 85' lang='grc' dir='ltr'>πεπραχότα·</span> <span class='ocrx_word' id='word_1_783' title='bbox 553 4714 594 4767; x_wconf 84' lang='grc' dir='ltr'>καί</span> <span class='ocrx_word' id='word_1_784' title='bbox 607 4712 685 4767; x_wconf 78' lang='grc' dir='ltr'>αἰτίαν</span> <span class='ocrx_word' id='word_1_785' title='bbox 700 4711 745 4778; x_wconf 90' lang='grc' dir='ltr'>τὴν</span> <span class='ocrx_word' id='word_1_786' title='bbox 759 4714 877 4783; x_wconf 87' lang='grc' dir='ltr'>πρόφασιν</span> <span class='ocrx_word' id='word_1_787' title='bbox 890 4713 931 4765; x_wconf 84' lang='grc' dir='ltr'>καί</span> <span class='ocrx_word' id='word_1_788' title='bbox 944 4713 1019 4785; x_wconf 80' lang='grc' dir='ltr'>ἀφορ-</span> <span class='ocrx_word' id='word_1_789' title='bbox 1064 4714 1152 4772; x_wconf 86' lang='grc' dir='ltr'>πύθεν;</span> <span class='ocrx_word' id='word_1_790' title='bbox 1167 4708 1232 4762; x_wconf 85' lang='grc' dir='ltr'>ἀλλά</span> <span class='ocrx_word' id='word_1_791' title='bbox 1244 4708 1299 4779; x_wconf 84' lang='grc' dir='ltr'>περί</span> <span class='ocrx_word' id='word_1_792' title='bbox 1311 4711 1354 4773; x_wconf 80' lang='grc' dir='ltr'>τῆς</span> <span class='ocrx_word' id='word_1_793' title='bbox 1367 4705 1450 4778; x_wconf 76' lang='grc' dir='ltr'>ῥώμης</span> <span class='ocrx_word' id='word_1_794' title='bbox 1462 4706 1504 4758; x_wconf 85' lang='grc' dir='ltr'>καί</span> <span class='ocrx_word' id='word_1_795' title='bbox 1518 4708 1561 4771; x_wconf 90' lang='grc' dir='ltr'>τῆς</span> <span class='ocrx_word' id='word_1_796' title='bbox 1571 4711 1615 4757; x_wconf 80' lang='grc' dir='ltr'>τοῦ</span> <span class='ocrx_word' id='word_1_797' title='bbox 1628 4706 1740 4774; x_wconf 85' lang='grc' dir='ltr'>σώματος</span> <span class='ocrx_word' id='word_1_798' title='bbox 1753 4702 1844 4772; x_wconf 86' lang='grc' dir='ltr'>ίσχύος.</span> 
     </span>
     <span class='ocr_line' id='line_1_55' title="bbox 239 4782 1846 4874; baseline -0.012 -21"><span class='ocrx_word' id='word_1_799' title='bbox 239 4802 287 4874; x_wconf 88' lang='grc' dir='ltr'>μήν</span> <span class='ocrx_word' id='word_1_800' title='bbox 299 4818 364 4860; x_wconf 91' lang='grc' dir='ltr'>τινος</span> <span class='ocrx_word' id='word_1_801' title='bbox 374 4799 528 4869; x_wconf 88' lang='grc' dir='ltr'>γενομένην,</span> <span class='ocrx_word' id='word_1_802' title='bbox 542 4794 576 4857; x_wconf 80' lang='grc' dir='ltr'>ὡς</span> <span class='ocrx_word' id='word_1_803' title='bbox 589 4792 630 4846; x_wconf 88' lang='grc' dir='ltr'>ἐάν</span> <span class='ocrx_word' id='word_1_804' title='bbox 644 4792 751 4863; x_wconf 81' lang='grc' dir='ltr'>εἴπωμεν</span> <span class='ocrx_word' id='word_1_805' title='bbox 766 4792 803 4844; x_wconf 86' lang='grc' dir='ltr'>ότι</span> <span class='ocrx_word' id='word_1_806' title='bbox 815 4791 881 4845; x_wconf 90' lang='grc' dir='ltr'>αἰτία</span> <span class='ocrx_word' id='word_1_807' title='bbox 892 4799 935 4845; x_wconf 83' lang='grc' dir='ltr'>τοῦ</span> <span class='ocrx_word' id='word_1_808' title='bbox 946 4794 1020 4864; x_wconf 88' lang='grc' dir='ltr'>Τρωι-</span> <span class='ocrx_word' id='word_1_809' title='bbox 1068 4791 1159 4853; x_wconf 81' lang='grc' dir='ltr'>Ἀπάξει</span> <span class='ocrx_word' id='word_1_810' title='bbox 1171 4790 1196 4842; x_wconf 81' lang='grc' dir='ltr'>δέ</span> <span class='ocrx_word' id='word_1_811' title='bbox 1209 4788 1326 4857; x_wconf 91' lang='grc' dir='ltr'>δηλονότι</span> <span class='ocrx_word' id='word_1_812' title='bbox 1341 4786 1400 4856; x_wconf 85' lang='grc' dir='ltr'>πρδς</span> <span class='ocrx_word' id='word_1_813' title='bbox 1416 4786 1471 4846; x_wconf 81' lang='grc' dir='ltr'>τούς</span> <span class='ocrx_word' id='word_1_814' title='bbox 1483 4786 1570 4838; x_wconf 73' lang='grc' dir='ltr'>ἕνδεκα</span> <span class='ocrx_word' id='word_1_815' title='bbox 1581 4784 1637 4844; x_wconf 80' lang='grc' dir='ltr'>τούς</span> <span class='ocrx_word' id='word_1_816' title='bbox 1648 4782 1687 4837; x_wconf 83' lang='grc' dir='ltr'>ἐπί</span> <span class='ocrx_word' id='word_1_817' title='bbox 1698 4788 1733 4854; x_wconf 77' lang='grc' dir='ltr'>τῷ</span> <span class='ocrx_word' id='word_1_818' title='bbox 1749 4783 1846 4852; x_wconf 84' lang='grc' dir='ltr'>δεσμω·</span> 
     </span>
     <span class='ocr_line' id='line_1_56' title="bbox 238 4860 1846 4948; baseline -0.012 -14"><span class='ocrx_word' id='word_1_819' title='bbox 238 4883 283 4934; x_wconf 82' lang='grc' dir='ltr'>κού</span> <span class='ocrx_word' id='word_1_820' title='bbox 292 4878 402 4948; x_wconf 76' lang='grc' dir='ltr'>πολέμου</span> <span class='ocrx_word' id='word_1_821' title='bbox 411 4874 509 4947; x_wconf 84' lang='grc' dir='ltr'>ἐγένετο</span> <span class='ocrx_word' id='word_1_822' title='bbox 523 4873 538 4940; x_wconf 83' lang='grc' dir='ltr'>ὴ</span> <span class='ocrx_word' id='word_1_823' title='bbox 553 4870 651 4944; x_wconf 80' lang='grc' dir='ltr'>ἁρπαγὴ</span> <span class='ocrx_word' id='word_1_824' title='bbox 664 4874 706 4938; x_wconf 82' lang='grc' dir='ltr'>τῆς</span> <span class='ocrx_word' id='word_1_825' title='bbox 722 4868 836 4938; x_wconf 81' lang='grc' dir='ltr'>Ἑλένης,</span> <span class='ocrx_word' id='word_1_826' title='bbox 850 4870 866 4938; x_wconf 90' lang='grc' dir='ltr'>ὴ</span> <span class='ocrx_word' id='word_1_827' title='bbox 880 4891 903 4925; x_wconf 87' lang='grc' dir='ltr'>τι</span> <span class='ocrx_word' id='word_1_828' title='bbox 912 4877 1017 4927; x_wconf 78' lang='grc' dir='ltr'>τοιοῦτο.</span> <span class='ocrx_word' id='word_1_829' title='bbox 1064 4871 1150 4941; x_wconf 81' lang='grc' dir='ltr'>τηρίῳ.</span> <span class='ocrx_word' id='word_1_830' title='bbox 1187 4869 1222 4922; x_wconf 73' lang='grc' dir='ltr'>’ίδ</span> <span class='ocrx_word' id='word_1_831' title='bbox 1245 4867 1271 4921; x_wconf 84' lang='grc' dir='ltr'>δέ</span> <span class='ocrx_word' id='word_1_832' title='bbox 1291 4867 1416 4936; x_wconf 77' lang='grc' dir='ltr'>οὐδέτερον</span> <span class='ocrx_word' id='word_1_833' title='bbox 1440 4865 1538 4935; x_wconf 87' lang='grc' dir='ltr'>βούλει,</span> <span class='ocrx_word' id='word_1_834' title='bbox 1562 4865 1700 4927; x_wconf 81' lang='grc' dir='ltr'>τουτέστιν,</span> <span class='ocrx_word' id='word_1_835' title='bbox 1726 4860 1781 4914; x_wconf 84' lang='grc' dir='ltr'>ούτε</span> <span class='ocrx_word' id='word_1_836' title='bbox 1802 4862 1846 4915; x_wconf 82' lang='grc' dir='ltr'>τδν</span> 
     </span>
    </p>
   </div>
   <div class='ocr_carea' id='block_1_3' title="bbox 123 4940 1845 5033">
    <p class='ocr_par' dir='ltr' id='par_1_3' title="bbox 123 4940 1845 5033">
     <span class='ocr_line' id='line_1_57' title="bbox 123 4940 1845 5033; baseline -0.011 -19"><span class='ocrx_word' id='word_1_837' title='bbox 123 5024 129 5033; x_wconf 83' lang='lat'><strong>.</strong></span> <span class='ocrx_word' id='word_1_838' title='bbox 238 4962 295 5015; x_wconf 83' lang='grc' dir='ltr'>Αίί.</span> <span class='ocrx_word' id='word_1_839' title='bbox 1063 4947 1190 5016; x_wconf 87' lang='grc' dir='ltr'>διαιτητὴν</span> <span class='ocrx_word' id='word_1_840' title='bbox 1203 4947 1258 5001; x_wconf 85' lang='grc' dir='ltr'>ούτε</span> <span class='ocrx_word' id='word_1_841' title='bbox 1270 4945 1314 5013; x_wconf 87' lang='grc' dir='ltr'>τὴν</span> <span class='ocrx_word' id='word_1_842' title='bbox 1326 4947 1384 5016; x_wconf 85' lang='grc' dir='ltr'>πρδς</span> <span class='ocrx_word' id='word_1_843' title='bbox 1398 4946 1453 5007; x_wconf 82' lang='grc' dir='ltr'>τούς</span> <span class='ocrx_word' id='word_1_844' title='bbox 1466 4946 1551 4998; x_wconf 86' lang='grc' dir='ltr'>ένδεκα</span> <span class='ocrx_word' id='word_1_845' title='bbox 1563 4943 1684 5013; x_wconf 77' lang='grc' dir='ltr'>ἄρχοντας</span> <span class='ocrx_word' id='word_1_846' title='bbox 1697 4940 1845 5011; x_wconf 84' lang='grc' dir='ltr'>ἀπαγωγήν.</span> 
     </span>
    </p>
   </div>
   <div class='ocr_carea' id='block_1_4' title="bbox 238 5020 1848 5349">
    <p class='ocr_par' dir='ltr' id='par_1_4' title="bbox 238 5020 1848 5349">
     <span class='ocr_line' id='line_1_58' title="bbox 274 5020 1846 5107; baseline -0.012 -18"><span class='ocrx_word' id='word_1_847' title='bbox 274 5043 336 5101; x_wconf 89' lang='grc'><strong>600,</strong></span> <span class='ocrx_word' id='word_1_848' title='bbox 352 5057 380 5107; x_wconf 88' lang='grc'>9.</span> <span class='ocrx_word' id='word_1_849' title='bbox 395 5035 537 5106; x_wconf 83' lang='grc' dir='ltr'>Τεκμήρια]</span> <span class='ocrx_word' id='word_1_850' title='bbox 554 5032 691 5105; x_wconf 83' lang='grc' dir='ltr'>Τεκμήριόν</span> <span class='ocrx_word' id='word_1_851' title='bbox 706 5031 757 5086; x_wconf 83' lang='grc' dir='ltr'>ἐστι</span> <span class='ocrx_word' id='word_1_852' title='bbox 771 5031 799 5085; x_wconf 88' lang='grc' dir='ltr'>τδ</span> <span class='ocrx_word' id='word_1_853' title='bbox 812 5030 851 5086; x_wconf 85' lang='grc' dir='ltr'>ίπί</span> <span class='ocrx_word' id='word_1_854' title='bbox 862 5033 1017 5105; x_wconf 70' lang='grc' dir='ltr'>πράγματος,</span> <span class='ocrx_word' id='word_1_855' title='bbox 1065 5030 1159 5100; x_wconf 85' lang='grc' dir='ltr'>Γράφον</span> <span class='ocrx_word' id='word_1_856' title='bbox 1174 5028 1233 5098; x_wconf 88' lang='grc' dir='ltr'>πρδς</span> <span class='ocrx_word' id='word_1_857' title='bbox 1245 5026 1301 5087; x_wconf 79' lang='grc' dir='ltr'>τούς</span> <span class='ocrx_word' id='word_1_858' title='bbox 1313 5026 1472 5096; x_wconf 83' lang='grc' dir='ltr'>θεσμοθέτας·</span> <span class='ocrx_word' id='word_1_859' title='bbox 1489 5024 1617 5085; x_wconf 88' lang='grc' dir='ltr'>κατοκνεῖς</span> <span class='ocrx_word' id='word_1_860' title='bbox 1628 5021 1669 5075; x_wconf 82' lang='grc' dir='ltr'>καί</span> <span class='ocrx_word' id='word_1_861' title='bbox 1680 5026 1770 5083; x_wconf 80' lang='grc' dir='ltr'>τούτος</span> <span class='ocrx_word' id='word_1_862' title='bbox 1787 5020 1846 5088; x_wconf 83' lang='grc' dir='ltr'>ἐφη-</span> 
     </span>
     <span class='ocr_line' id='line_1_59' title="bbox 239 5099 1848 5188; baseline -0.013 -16"><span class='ocrx_word' id='word_1_863' title='bbox 239 5113 293 5172; x_wconf 88' lang='grc' dir='ltr'>οίον</span> <span class='ocrx_word' id='word_1_864' title='bbox 308 5117 441 5188; x_wconf 88' lang='grc' dir='ltr'>παρέστηκέ</span> <span class='ocrx_word' id='word_1_865' title='bbox 451 5134 487 5177; x_wconf 93' lang='grc' dir='ltr'>τις</span> <span class='ocrx_word' id='word_1_866' title='bbox 500 5116 635 5185; x_wconf 84' lang='grc' dir='ltr'>νεοσφαγεῖ</span> <span class='ocrx_word' id='word_1_867' title='bbox 644 5115 740 5183; x_wconf 81' lang='grc' dir='ltr'>σώματι</span> <span class='ocrx_word' id='word_1_868' title='bbox 751 5110 789 5165; x_wconf 75' lang='grc' dir='ltr'>ἔπ’</span> <span class='ocrx_word' id='word_1_869' title='bbox 801 5111 901 5183; x_wconf 88' lang='grc' dir='ltr'>έρημίας</span> <span class='ocrx_word' id='word_1_870' title='bbox 910 5113 951 5165; x_wconf 84' lang='grc' dir='ltr'>καί</span> <span class='ocrx_word' id='word_1_871' title='bbox 961 5113 1019 5167; x_wconf 81' lang='grc' dir='ltr'>ύπο·</span> <span class='ocrx_word' id='word_1_872' title='bbox 1064 5112 1125 5180; x_wconf 82' lang='grc' dir='ltr'>γού,</span> <span class='ocrx_word' id='word_1_873' title='bbox 1138 5108 1277 5169; x_wconf 86' lang='grc' dir='ltr'>τουτέστιν,</span> <span class='ocrx_word' id='word_1_874' title='bbox 1288 5104 1413 5168; x_wconf 83' lang='grc' dir='ltr'>ύπόδειξον</span> <span class='ocrx_word' id='word_1_875' title='bbox 1420 5107 1473 5167; x_wconf 87' lang='grc' dir='ltr'>τοῖς</span> <span class='ocrx_word' id='word_1_876' title='bbox 1482 5104 1610 5175; x_wconf 84' lang='grc' dir='ltr'>ἀρχουσιν.</span> <span class='ocrx_word' id='word_1_877' title='bbox 1646 5100 1679 5153; x_wconf 83' lang='grc' dir='ltr'>Εἰ</span> <span class='ocrx_word' id='word_1_878' title='bbox 1692 5100 1718 5153; x_wconf 86' lang='grc' dir='ltr'>δέ</span> <span class='ocrx_word' id='word_1_879' title='bbox 1727 5099 1848 5153; x_wconf 83' lang='grc' dir='ltr'>παλιλλο-</span> 
     </span>
     <span class='ocr_line' id='line_1_60' title="bbox 238 5178 1846 5267; baseline -0.012 -14"><span class='ocrx_word' id='word_1_880' title='bbox 238 5201 332 5253; x_wconf 81' lang='grc' dir='ltr'>νοεῖται</span> <span class='ocrx_word' id='word_1_881' title='bbox 342 5197 375 5260; x_wconf 76' lang='grc' dir='ltr'>όις</span> <span class='ocrx_word' id='word_1_882' title='bbox 389 5195 487 5267; x_wconf 90' lang='grc' dir='ltr'>φονεύς·</span> <span class='ocrx_word' id='word_1_883' title='bbox 504 5195 567 5257; x_wconf 84' lang='grc' dir='ltr'>εἰκδς</span> <span class='ocrx_word' id='word_1_884' title='bbox 579 5193 643 5248; x_wconf 80' lang='grc' dir='ltr'>δὲτδ</span> <span class='ocrx_word' id='word_1_885' title='bbox 653 5192 709 5263; x_wconf 85' lang='grc' dir='ltr'>περί</span> <span class='ocrx_word' id='word_1_886' title='bbox 721 5192 868 5262; x_wconf 85' lang='grc' dir='ltr'>πρόσωπον,</span> <span class='ocrx_word' id='word_1_887' title='bbox 883 5188 937 5247; x_wconf 91' lang='grc' dir='ltr'>οίον</span> <span class='ocrx_word' id='word_1_888' title='bbox 956 5192 1019 5257; x_wconf 89' lang='grc' dir='ltr'>είκδς</span> <span class='ocrx_word' id='word_1_889' title='bbox 1064 5191 1142 5264; x_wconf 88' lang='grc' dir='ltr'>γήσας</span> <span class='ocrx_word' id='word_1_890' title='bbox 1154 5190 1281 5261; x_wconf 86' lang='grc' dir='ltr'>φαίνεται,</span> <span class='ocrx_word' id='word_1_891' title='bbox 1302 5184 1371 5239; x_wconf 78' lang='grc' dir='ltr'>ούδὲν</span> <span class='ocrx_word' id='word_1_892' title='bbox 1386 5185 1525 5256; x_wconf 70' lang='grc' dir='ltr'>θαυμαστὴν</span> <span class='ocrx_word' id='word_1_893' title='bbox 1542 5182 1584 5236; x_wconf 86' lang='grc' dir='ltr'>καί</span> <span class='ocrx_word' id='word_1_894' title='bbox 1599 5181 1701 5237; x_wconf 89' lang='grc' dir='ltr'>διπλοῖιν</span> <span class='ocrx_word' id='word_1_895' title='bbox 1722 5178 1788 5233; x_wconf 82' lang='grc' dir='ltr'>εῖναι</span> <span class='ocrx_word' id='word_1_896' title='bbox 1801 5179 1846 5234; x_wconf 80' lang='grc' dir='ltr'>τδν</span> 
     </span>
     <span class='ocr_line' id='line_1_61' title="bbox 239 5256 1846 5349; baseline -0.014 -16"><span class='ocrx_word' id='word_1_897' title='bbox 239 5281 281 5333; x_wconf 81' lang='grc' dir='ltr'>τὀν</span> <span class='ocrx_word' id='word_1_898' title='bbox 293 5282 401 5349; x_wconf 81' lang='grc' dir='ltr'>συνεχῶς</span> <span class='ocrx_word' id='word_1_899' title='bbox 415 5275 635 5346; x_wconf 78' lang='grc' dir='ltr'>καλλωπιζόμενον</span> <span class='ocrx_word' id='word_1_900' title='bbox 645 5272 753 5326; x_wconf 89' lang='grc' dir='ltr'>κίναιδον</span> <span class='ocrx_word' id='word_1_901' title='bbox 766 5270 840 5326; x_wconf 84' lang='grc' dir='ltr'>εἶναι.</span> <span class='ocrx_word' id='word_1_902' title='bbox 857 5277 888 5328; x_wconf 79' lang='grc' dir='ltr'>Α.</span> <span class='ocrx_word' id='word_1_903' title='bbox 1039 5274 1151 5344; x_wconf 82' lang='grc' dir='ltr'>ιλόγον.</span> <span class='ocrx_word' id='word_1_904' title='bbox 1188 5270 1223 5323; x_wconf 63' lang='lat' dir='ltr'>Tb</span> <span class='ocrx_word' id='word_1_905' title='bbox 1246 5266 1289 5341; x_wconf 79' lang='grc' dir='ltr'>μὲν</span> <span class='ocrx_word' id='word_1_906' title='bbox 1314 5265 1363 5337; x_wconf 86' lang='grc' dir='ltr'>γίιρ</span> <span class='ocrx_word' id='word_1_907' title='bbox 1382 5269 1476 5335; x_wconf 80' lang='grc' dir='ltr'>πρῶτον</span> <span class='ocrx_word' id='word_1_908' title='bbox 1502 5264 1572 5335; x_wconf 85' lang='grc' dir='ltr'>μέρος</span> <span class='ocrx_word' id='word_1_909' title='bbox 1589 5262 1622 5325; x_wconf 82' lang='grc' dir='ltr'>ὡς</span> <span class='ocrx_word' id='word_1_910' title='bbox 1647 5260 1712 5332; x_wconf 70' lang='grc' dir='ltr'>παρὰ</span> <span class='ocrx_word' id='word_1_911' title='bbox 1730 5256 1846 5322; x_wconf 80' lang='grc' dir='ltr'>Σόλωνός</span> 
     </span>
    </p>
   </div>
   <div class='ocr_carea' id='block_1_5' title="bbox 0 0 1988 5967">
    <p class='ocr_par' dir='ltr' id='par_1_5' title="bbox 0 0 1988 5967">
     <span class='ocr_line' id='line_1_62' title="bbox 0 0 1988 5967; baseline 0 6"><span class='ocrx_word' id='word_1_912' title='bbox 0 0 1988 5967; x_wconf 95' lang='lat' dir='ltr'> </span> 
     </span>
    </p>
   </div>
  </div>
 </body>
</html>
