3967 5967
326 340 666 433 §Ast-„mamm
697 400 728 412 -·
745 330 893 440 ιάσάίαύ.

598 594 836 691 ΣΧΟΛΙΑ
867 596 962 686 ΕΙΣ
1001 594 1458 692 ΔΗΜΟΣΘΕΝΗΝ.

950 898 1128 923 *OQ-⁶·

300 1114 567 1183 ΟΥΛΠΙΑΝΟΥ
598 1113 804 1181 ΡΗΤΟΡΟΣ
828 1112 1170 1180 ΠΡΟΛΕΓΟΜΕΝΑ
1195 1114 1266 1179 ΕΙΣ
1291 1114 1406 1181 ΤΟΥΣ
1430 1113 1755 1183 ΟΛΥΝΘΙΑΚΟΥΣ

562 1245 565 1249 “
688 1235 767 1301 ΚΑΙ
792 1234 1094 1303 ΦΙΛΙΠΠΙΚΟΥΣ
1118 1234 1306 1303 ΑΟΓΟΥΣ.

875 1513 878 1516 ’
896 1503 1181 1531 —w—

260 1721 381 1789 ίίλείστην
393 1724 505 1776 δοκοῦσιν
515 1723 649 1794 θμοιθτητα
663 1726 749 1786 σώζειν
763 1724 786 1778 οί
798 1724 944 1778 Φιλιππικοὶ
958 1723 1002 1776 λθ·
1049 1720 1096 1793 μην
1115 1724 1156 1775 καὶ
1173 1724 1201 1778 τὀ
1217 1722 1265 1777 ἀπδ
1279 1726 1323 1775 τοῦ
1344 1726 1428 1794 καιροῦ
1441 1722 1581 1793 παροξύνειν
1600 1723 1769 1776 θουκυδίδειον
1786 1723 1827 1777 καὶ

225 1822 265 1873 γοι
278 1804 336 1873 πρὶς
351 1803 393 1865 τάς
405 1808 449 1855 τοῦ
463 1803 610 1857 θουκυδίδου
624 1806 783 1875 δημηγορίας.
822 1803 917 1875 θύγάρ
928 1804 1003 1874 μόνον
1047 1805 1089 1867 τῆς
1103 1800 1175 1866 αύτῆς
1197 1803 1358 1872 δημηγορίας.
1396 1800 1469 1870 Ἔχει
1488 1801 1622 1867 δί’πολλὴν
1636 1801 1770 1871 ὁμοιότητα
1785 1805 1827 1856 καὶ

225 1882 255 1934 τίι
266 1882 386 1953 κεφάλαια
400 1880 449 1934 ίδοι
463 1902 497 1945 τις
515 1884 544 1935 ἀν
556 1882 581 1936 έν
595 1886 646 1945 τοῦς
660 1883 744 1954 λόγοις
761 1883 853 1945 τούτοις
866 1883 1003 1953 συμπεπλε-
1046 1879 1104 1948 πρὸς
1125 1880 1276 1949 δημηγορίας
1294 1878 1426 1951 Ὁμηρικὰς
1446 1879 1461 1932 6
1479 1879 1570 1949 λόγος,
1590 1881 1618 1941 ἀς
1638 1878 1766 1941 Ὀδυσσεύς
1785 1882 1826 1933 καὶ

225 1962 305 2031 γμίνα
321 1963 402 2032 ὥσπερ
420 1960 445 2014 έν
458 1960 559 2024 ίκείναις
572 1962 613 2015 καὶ
626 1960 668 2024 τάς
681 1962 811 2024 ἀντιθέσεις
823 1962 887 2015 ούτω
905 1980 1004 2033 μετακε·
1048 1957 1146 2027 Νέστωρ
1158 1958 1182 2010 έν
1198 1962 1229 2027 τῇ
1242 1959 1340 2028 δευτέρᾳ
1353 1958 1460 2028 ραφιρδίᾳ
1472 1959 1593 2027 πρδςτούς
1608 1957 1717 2028 Ἀχαιούς
1730 1966 1826 2012 ποιοῦν·

225 2041 394 2110 χειρισμίνας,
418 2038 484 2091 ἀλλά
505 2041 546 2092 καὶ
568 2039 649 2094 πολλίι
669 2047 717 2093 τῶν
741 2042 871 2112 νοημάτων
895 2059 1002 2110 παραπε-
1046 2035 1132 2099 ται,δ
1152 2035 1194 2106 μέν
1208 2036 1322 2106 ἐπιτιμῶν
1338 2037 1376 2087 δτι
1389 2036 1432 2089 ούκ
1452 2036 1594 2106 ἀντέχονται
1609 2044 1657 2090 τῶν
1674 2043 1824 2110 πραγμάτων

224 2120 358 2188 ρρασμάνα.
395 2117 485 2171 Αύτίπα
505 2125 552 2171 τῶν
578 2116 743 2171 Ὀλννθιακῶν
766 2119 885 2190 67·ρῇος
898 2118 926 2172 06
944 2119 1002 2188 πρὸς
1048 2112 1187 2183 ἐρρωμένως
1198 2114 1239 2165 καὶ
1253 2113 1324 2176 ἀξιῶν
1339 2115 1446 2184 χρῆσθαι
1460 2116 1513 2175 ταῖς
1528 2121 1576 2168 τῶν
1593 2116 1654 2169 θεῶν
1676 2118 1789 2180 εύνοίαις,
1809 2119 1824 2171 6

226 2197 298 2265 μίαν,
313 2195 379 2249 ἀλλὰ
398 2197 439 2248 καὶ
460 2197 556 2259 πλείους
570 2195 623 2268 ἔχει
642 2197 684 2250 τὴν
704 2198 790 2264 ζῆλον,
830 2197 901 2250 'Em
915 2196 937 2249 δ’
960 2198 1001 2250 ὅτε
1045 2190 1072 2244 δὲ
1091 2190 1283 2261 ὑπομιμνήσκων
1308 2193 1386 2262 ὅρκων
1404 2193 1445 2244 καὶ
1465 2196 1590 2259 συνθηκῶν
1610 2199 1662 2258 τοῖς
1682 2195 1822 2267 Ἀτρείδαις,

226 2273 272 2344 ούχ
282 2274 326 2328 ένα
340 2279 415 2347 μόνον
424 2276 501 2347 λόγον
510 2278 568 2348 πρὸς
580 2278 637 2349 μίαν
652 2277 713 2344 θλην
727 2280 828 2348 προάγει
836 2277 1000 2347 δημηγορίαν,
1045 2272 1125 2341 ὥσπερ
1134 2272 1175 2322 καὶ
1187 2267 1256 2332 οὗτος
1270 2271 1314 2341 (p.
1333 2288 1374 2334 ιο,
1389 2272 1443 2341 αθ)
1456 2292 1461 2302 ·
1477 2296 1488 2320 ι
1501 2273 1563 2325 Νυνὶ
1576 2273 1623 2344 γάρ
1634 2276 1648 2327 θ
1658 2278 1743 2337 πάντες
1755 2275 1822 2346 έθρθ·

226 2351 292 2405 ἀλλά
305 2354 347 2407 καὶ
360 2354 419 2407 θλον
431 2355 561 2426 κεφάλαιον
577 2356 635 2426 πρδς
648 2355 707 2409 θλον
721 2356 867 2427 κεφάλαιον,
878 2357 918 2409 καὶ
931 2375 1001 2426 κεφα-
1048 2371 1059 2397 ί
1076 2348 1151 2414 λῡυίν
1164 2351 1196 2412 ὡς
1212 2348 1352 2412 ’θλυίθίῡυύ
1362 2349 1531 2421 ἕκπῦλῑμῖθθαῑ
1543 2353 1707 2427 δῑῖΦῑλίππῳ
1720 2380 1748 2418 ⁸,
1762 2357 1822 2409 {³²³0-

226 2432 296 2484 λαίου
315 2433 342 2486 δέ
365 2435 435 2504 μέρος
454 2434 512 2505 πρὸς
534 2437 618 2506 μέρος,
634 2436 752 2498 πολλάκις
773 2436 799 2489 δὲ
813 2436 924 2506 καὶπρὸς
941 2437 1000 2506 μέρη
1046 2427 1416 2500 μιμνησκωνῶςέπηγγείλαντο
1430 2429 1566 2492 Ὀλυνθίοις
1576 2432 1689 2500 βοήθειαν
1707 2436 1747 2486 καὶ
1758 2436 1823 2496 ὅπως

225 2510 345 2562 πλειόνων
357 2513 513 2583 δημηγοριῶν
523 2513 653 2584 κεφάλαιον
666 2515 703 2568 ἕν.
740 2515 774 2566 Τύ
787 2533 813 2566 τε
823 2515 1005 2584 σύντομοντῶν
1044 2509 1073 2562 τὸ
1096 2511 1251 2579 παραῦαίνειν
1276 2508 1319 2571 τὰς
1337 2509 1478 2580 ύποσχίσεις
1500 2509 1647 2584 [αίσχρύν].
1688 2512 1730 2565 Ἐν
1745 2510 1781 2577 οἷς
1796 2517 1823 2568 δέ

226 2587 309 2658 λόγων
322 2590 406 2660 ὅμοιον
420 2588 488 2643 ούδὶν
498 2584 573 2655 ἧττόν
584 2590 647 2645 έστι·
660 2592 700 2643 καὶ
712 2591 742 2644 τδ
750 2591 884 2662 ἀναγκαῖον
896 2591 921 2644 δὲ
934 2590 1003 2644 πλεῖ-
1044 2608 1079 2650 τις
1093 2588 1190 2642 ἐκείνων
1204 2595 1252 2642 τῶν
1273 2589 1422 2659 δημηγόρον
1437 2587 1616 2660 ύπομιμνιίσκει
1636 2597 1683 2643 τῶν
1697 2592 1760 2661 παρά
1772 2598 1820 2644 τῶν

225 2685 298 2730 στον,
313 2663 379 2738 ᾧπερ
390 2665 481 2730 ἐκεῖνος
492 2671 598 2739 χρῆσθαι
615 2670 691 2740 φιλεῖ.
732 2670 803 2723 Ἔστι
814 2671 836 2721 δ’
851 2671 892 2723 θτε
907 2670 948 2722 καὶ
959 2669 1001 2730 τάς
1046 2668 1107 2720 θεῶν
1117 2667 1271 2738 ύποοχέσεων
1282 2667 1379 2719 καὶτῶν
1390 2668 1520 2738 συμῦύλων
1531 2669 1572 2720 καὶ
1582 2674 1631 2720 τῶν
1641 2668 1819 2740 οἶωνισμάτων,

224 2744 345 2807 ύποθίστις
358 2745 405 2816 οὐχ
415 2745 473 2818 ύπίρ
488 2753 536 2800 τῶν
550 2751 703 2818 προσώπων,
720 2744 756 2811 οίς
775 2750 931 2801 συνίστασθαι
948 2749 1002 2817 βού·
1045 2744 1069 2798 έν
1084 2746 1178 2808 τούτοις
1189 2748 1227 2799 δτι
1245 2747 1296 2799 θεοὶ
1309 2751 1352 2799 τοῦ
1368 2745 1517 2812 Ἑλληνικοῦ
1530 2749 1690 2816 στρατοπέδου
1703 2750 1820 2818 προεστη-

225 2823 309 2888 λεται,
323 2831 430 2895 φανερῶς
445 2825 592 2879 ἐνδείκνυται
604 2828 760 2897 ποιούμενος,
776 2826 834 2879 ἀλλ’
851 2826 908 2897 ύπέρ
921 2826 1000 2879 αὐτῶν
1044 2840 1100 2874 κασι
1111 2825 1251 2889 συνίστησι·
1277 2825 1350 2878 τοῦτό
1369 2843 1407 2878 τοι
1421 2825 1462 2876 καὶ
1481 2826 1636 2894 Δημοσθένης
1648 2828 1777 2893 πεποίηκεν
1794 2826 1819 2880 έν

225 2908 272 2955 τῶν
295 2901 433 2974 ἀκροατῶν,
455 2906 537 2976 ῶσπερ
554 2905 568 2958 6
588 2904 744 2972 Θουκυδίδης.
781 2907 910 2977 Τοιγάρτοι
932 2905 1001 2958 καὶδ
1044 2901 1122 2972 τούτῳ
1137 2907 1171 2973 τῷ
1189 2902 1259 2974 λόγῳ
1277 2903 1469 2974 ύπομιμνιίοκων
1495 2910 1544 2956 τῶν
1557 2910 1646 2973 καιρῶν
1665 2903 1762 2957 ἐκείνων
1780 2906 1821 2956 καὶ

224 2980 322 3042 Λίσύιος
335 2981 377 3033 καὶ
395 2981 409 3032 6
425 2982 583 3053 Κερκυραῖος,
603 2984 618 3036 6
639 2983 681 3054 μὲν
704 2985 762 3055 πρὸς
779 2983 914 3052 Ἀθηναίους
928 3005 1000 3038 nata„
1044 2986 1092 3032 τῶν
1109 2982 1250 3050 προφάσεων
1263 2978 1299 3033 ὧν
1312 2984 1434 3052 παρέσχον
1448 2982 1565 3042 πολλάκις
1578 2982 1602 3033 οί
1620 2982 1671 3035 θεοὶ
1688 2981 1818 3053 τῇπύλει,

223 3059 319 3128 φεύγων
331 3058 373 3111 διὰ
386 3061 545 3131 συμμαχίαν,
559 3061 574 3113 6
587 3061 613 3114 δὶ
632 3061 791 3133 ἀφιστάμενος
805 3064 862 3132 πρδς
882 3065 998 3116 Δακεδαι-
1043 3056 1096 3113 οίον
1111 3065 1154 3131 (μ.
1175 3078 1215 3125 ιι,
1231 3062 1282 3131 29)
1300 3084 1311 3110 ι
1328 3063 1374 3114 ίίαί
1394 3083 1436 3133 μοι
1454 3064 1525 3115 δοκεῖ
1542 3081 1589 3126 τις,
1608 3058 1630 3115 ὦ
1651 3064 1735 3133 ἀνδρες
1753 3062 1820 3131 Ἀθη-

225 3138 335 3206 μονίονς,
357 3139 404 3208 οθχ
423 3138 480 3209 ίνπίρ
507 3139 597 3194 ίαυτῶν
620 3147 735 3195 τοσοῦτον
757 3143 855 3194 δοκοῦσι
879 3142 1000 3194 πατεῖσθαι
1047 3142 1155 3206 «ναῖοι,
1168 3141 1258 3201 δίκαιος
1272 3139 1388 3211 λογιστὴς
1401 3146 1448 3193 τῶν
1462 3139 1526 3210 παρά
1537 3146 1585 3192 τῶν
1598 3142 1658 3193 θεῶν
1674 3140 1735 3211 ἡμῖν
1748 3142 1821 3215 ύπηρ-

216 3213 300 3286 λόγον
316 3217 373 3270 ὅσον
386 3216 443 3287 ύπέρ
456 3222 498 3271 τοῦ
513 3220 674 3289 συμφέροντος
687 3225 735 3272 τῶν
750 3218 924 3289 ἀκροωμένων.
953 3219 1000 3270 ίίαὶ
1046 3220 1169 3288 ιγμένων
1181 3218 1300 3279 καταστάς
1314 3240 1324 3267 ν
1340 3217 1435 3286 λίγων·
1451 3221 1513 3271 ὥστε
1526 3221 1560 3283 πῆ
1574 3219 1616 3289 μίν
1630 3220 1769 3272 νουθετικθν
1779 3224 1820 3273 καὶ

223 3295 238 3345 6
250 3296 406 3365 Δημοσθένης
418 3296 445 3349 δύ
458 3296 500 3350 τδν
513 3304 608 3367 πρῶτον
620 3304 668 3350 τῶν
682 3297 848 3351 Ὀλυνθιακῶν
861 3317 999 3369 μιταχειρι-
1043 3295 1223 3367 ἐπιτιμητικὸν,
1236 3302 1269 3363 πῆ
1282 3297 1309 3350 δέ
1321 3297 1472 3361 ίνποθετικδν,
1483 3301 1516 3364 πῆ
1528 3298 1554 3351 δὲ
1565 3299 1737 3368 προτρεπτικδν
1754 3298 1818 3352 εἶναι

224 3373 327 3441 ζύμενος
346 3372 393 3442 οθχ
409 3374 442 3435 ύνς
455 3373 513 3444 θπίρ
530 3374 664 3428 Ὀλυνθίων
676 3377 817 3438 σπουδάζων
832 3380 999 3446 προσποιεῖται
1043 3380 1128 3429 τοῦτον
1142 3377 1185 3428 τὸν
1199 3376 1291 3447 λόγον,
1305 3377 1363 3446 πρδς
1379 3377 1421 3439 τάς
1435 3375 1542 3447 Ὀμήρου
1556 3377 1597 3429 καὶ
1616 3376 1763 3429 θουκυδίδου
1777 3381 1820 3446 δη·

223 3449 320 3519 λίγειν,
335 3450 391 3503 ἀλλ’
411 3451 469 3522 ύπέρ
490 3452 568 3506 αύτῶν
583 3460 631 3507 τῶν
653 3454 776 3524 ἀκροατῶν
799 3456 896 3507 καὶτοῦ
914 3457 999 3525 συμφί·
1044 3458 1161 3525 μηγορίας
1176 3459 1353 3526 μεμιμημένον.

224 3549 306 3597 ροντος
322 3535 369 3583 τῶν
387 3529 527 3596 Ἀθηναίων.
566 3533 613 3583 ίίαὶ
626 3530 669 3598 τὴν
685 3535 847 3603 μεταχείρισιν
862 3535 970 3604 φαίνεται
985 3535 1000 3586 θ
1077 3545 1158 3612 Τριῶν
1173 3541 1198 3594 δέ
1215 3542 1292 3593 ὄντων
1306 3547 1354 3594 τῶν
1367 3541 1537 3612 ἀντικειμένων
1551 3541 1666 3613 αδτῷκαὶ
1676 3541 1818 3595 λυπούντων

222 3608 377 3678 Δημοσθένης
391 3607 476 3663 ίκτῶν
490 3610 533 3661 δύο
545 3611 764 3681 δημηγοριῶν,ύνς
778 3612 852 3682 ἔφην,
865 3612 898 3675 τίς
909 3614 998 3679 ταύτην
1043 3622 1101 3691 πρὸς
1122 3617 1166 3685 τὴν
1189 3624 1312 3689 παροῦσαν
1335 3619 1458 3684 θπόθεσιν,
1478 3620 1530 3681 ἓνδς
1545 3620 1588 3690 μέν
1603 3625 1645 3673 τοῦ
1670 3618 1702 3690 μὴ
1726 3620 1818 3674 οἰκεῖον

223 3686 267 3753 ῒὶθ
294 3686 455 3753 ’θδθθθίῦῦῆί
479 3688 639 3758 μεταστήσας·
677 3690 899 3761 Πρθπλῐῑκώτῑρθς
916 3690 999 3762 γύρὸ
1042 3697 1106 3752 εἶναι
1120 3697 1162 3750 τδν
1176 3697 1345 3767 πόλεμον-τί
1361 3695 1409 3767 γάρ
1428 3697 1588 3769 προσηκειτη·
1600 3696 1670 3750 πόλει
1687 3704 1736 3750 τῶν
1751 3697 1817 3765 Ἀθη·

222 3765 341 3836 ἆθρθαῦὶί
362 3767 471 3837 wem,
499 3767 556 3819 ὅταν
582 3768 616 3828 ὧν
640 3767 698 3838 θπὲρ
721 3767 816 3821 νίκῑίωί
842 3768 936 3822 ἁκούων
958 3771 999 3823 καὶ
1044 3779 1117 3829 ναίων
1135 3777 1150 3830 6
1165 3777 1223 3846 πρδς
1247 3775 1387 3835 Ὀλυνθίους
1400 3775 1525 3847 πόλεμοςς
1549 3776 1711 3846 -δευτέρου
1729 3776 1755 3827 δέ
1775 3782 1817 3828 τοῦ

222 3850 270 3896 τῶν
285 3844 351 3915 αύτῷ
367 3845 536 3914 συμφερόντων
552 3846 754 3915 συμύουλεύηται.
791 3848 871 3919 Ταύτῃ
893 3847 934 3916 μέν
955 3844 998 3900 ούν
1044 3856 1105 3926 μηδὲ
1123 3856 1238 3925 χρήματα
1259 3853 1375 3924 ύπάρχειν
1394 3855 1512 3922 πρόχειρα
1532 3854 1583 3913 τοῦς
1603 3854 1815 3923 στρατευομένοις,

222 3924 363 3992 Φθῖἴίθίίῦθ
376 3922 519 3989 ῦλῑίπθίὸ
533 3925 607 3995 λόγος
621 3924 674 3995 ἶχῑῑ
686 3926 744 3995 πρὸς
762 3925 853 3987 ίκῑίθας
865 3925 907 3987 τίς
920 3928 998 3997 δάμη·
1042 3935 1123 4002 τρίτου
1134 3934 1160 3985 δὲ
1173 3937 1216 3984 τοῦ
1230 3931 1329 4001 ίσχυρδν
1344 3929 1408 3982 εἶναι
1424 3930 1466 3981 τὀν
1478 3929 1614 3993 Φίλιππον,
1630 3929 1687 3999 πρὸς
1705 3928 1817 3999 έκάτερον

221 4002 304 4071 γορίας
324 4001 385 4054 κατὰ
402 4000 446 4067 τὴν
474 4006 646 4075 μεταχείρισιν.
685 4005 746 4057 Ούτε
770 4005 818 4075 γάρ
840 4010 955 4059 τοσοῦτον
973 4008 998 4059 οί
1042 4007 1515 4082 έρρωμένωςάντέστηηδδέάνῄρηκε.
1553 4009 1587 4060 ’ίὶν
1601 4008 1644 4078 μέν
1663 4008 1711 4079 γάρ
1726 4007 1815 4078 μηάλ·

221 4081 363 4151 ὶίερκυραίοι
380 4080 435 4135 ούτε
448 4082 472 4135 οί
492 4085 586 4137 Λίσύιοι
599 4086 697 4138 δοκοῦσι
720 4088 841 4138 ποιεῖσθαι
856 4085 898 4139 τὀν
920 4086 996 4157 λύγον
1042 4091 1142 4161 λάτριον
1162 4088 1228 4142 εἶναι
1240 4089 1283 4142 τδν
1299 4088 1418 4158 πόλεμον,
1433 4085 1498 4137 ἀλλὰ
1509 4085 1601 4138 οἰκεῖον
1614 4086 1655 4138 καὶ
1664 4087 1817 4156 προσήκοντα

219 4158 279 4229 θίῑὲίί
290 4166 332 4212 ῖθῦ
350 4160 442 4214 θίῦέίθθ
463 4165 624 4234 ωμφίθθίῑθί
637 4166 695 4217 ὅσον
709 4164 767 4234 'vr-lp
784 4170 827 4217 τοῦ
842 4170 890 4217 τῶν
905 4163 998 4235 ἀκροτο-
1041 4174 1071 4239 τῇ
1087 4165 1177 4231 πόλει,
1196 4169 1294 4238 διχόθεν
1309 4169 1437 4228 δείκνυσιν,
1454 4165 1477 4225 έξ
1488 4164 1540 4226 ἓνδς
1554 4165 1596 4235 μέν
1613 4165 1654 4217 καὶ
1669 4168 1774 4234 πρώτου,
1788 4162 1816 4217 ού

220 4240 315 4308 μένων·
342 4239 397 4294 ούτε
418 4239 466 4311 μὴν
487 4242 501 4294 6
519 4245 674 4313 Δημοσθένης
701 4245 871 4314 συνιστάμενος
890 4244 923 4305 ὡς
939 4244 998 4314 ύπίρ
1041 4249 1080 4299 καὶ
1093 4248 1222 4317 πεφύκασιν
1238 4244 1465 4309 άπαντεςὴττάσθαι
1476 4243 1607 4313 ἀνθρωποι,
1623 4247 1665 4308 τῆς
1678 4244 1815 4314 φιλοτιμίας

224 4317 359 4375 Ὀλυνθίων
379 4320 422 4374 τδν
443 4321 520 4392 λόγον
547 4322 658 4392 βούλεται
683 4325 803 4376 ποιεῖσθαι
823 4324 922 4385 δοκεῖν,
939 4321 996 4374 ἀλλ’
1040 4328 1106 4397 λέγω
1117 4328 1209 4392 καὶτῆς
1221 4325 1362 4396 ἡγεμονίας.
1375 4326 1485 4376 Δείκνυσι
1498 4322 1546 4393 γάρ
1560 4322 1666 4392 τδνύπέρ
1680 4322 1813 4374 Ὀλυνθίων

220 4398 277 4468 ύπὶρ
296 4403 340 4451 τοῦ
362 4403 433 4470 κοινῇ
446 4402 607 4470 συμφέροντος
621 4400 717 4453 καὶτοῦ
732 4400 865 4471 μέλλοντος
878 4402 996 4454 συνοίσειν
1040 4406 1156 4475 έσύμενον
1177 4405 1284 4474 πόλεμον
1300 4402 1379 4473 ἀρχὴν
1394 4404 1474 4473 [ὄντα]
1499 4402 1646 4471 προστασίας
1667 4398 1815 4467 Ἑλληνικῆς

219 4477 342 4549 τῇπθλει.
380 4476 426 4530 ίίαὶ
440 4477 487 4548 μὴν
503 4480 544 4531 καὶ
562 4478 605 4544 τὴν
620 4481 722 4549 τρίοδον
738 4485 786 4531 τῶν
800 4479 938 4549 κεφαλαίων
955 4499 996 4550 γε·
1040 4486 1079 4536 καὶ
1090 4484 1231 4555 ἡγεμονίας,
1245 4486 1275 4551 ἣν
1288 4480 1359 4552 εἶχον
1370 4482 1455 4537 πάλαι,
1466 4481 1511 4532 Καὶ
1522 4480 1569 4551 γὰρ
1579 4482 1608 4532 ἀν
1618 4480 1696 4532 αἐτῶν
1702 4482 1813 4551 γενέσθαι

220 4558 356 4626 mmm
378 4556 484 4626 ⁵²⁹¹?6W5
502 4557 564 4610 κατὰ
585 4557 661 4623 ζῆλοί
682 4562 724 4624 ῖῆί
737 4559 868 4627 Κθρῑθθίων
883 4559 994 4627 ῧθμῦῖθ·
1041 4565 1116 4618 πάλιν
1139 4564 1261 4634 βραθεύειν
1280 4564 1311 4617 τά
1329 4562 1482 4628 Ἑλληνικὰ,
1503 4559 1524 4613 εί
1537 4561 1629 4612 τούτων
1646 4559 1815 4612 άντιλάῦοιντο

220 4634 278 4702 ρίαν
318 4634 365 4686 Καὶ
376 4635 424 4706 γὰρ
438 4633 461 4688 ἓν
481 4635 561 4708 lustu
578 4634 725 4707 βῡθλθμὶθθς
737 4637 751 4689 ὅ
762 4637 907 4701 θῡυίυῧίόηί
920 4655 995 4706 rapo·
1039 4649 1085 4696 τῶν
1100 4646 1260 4714 πραγμάτων.
1277 4642 1323 4694 ίίαὶ
1334 4644 1409 4694 ταῦτά
1424 4660 1496 4711 φησιν
1512 4639 1536 4692 έν
1555 4634 1592 4700 οἷς
1611 4639 1677 4708 λέγει
1692 4640 1734 4708 (9,
1754 4640 1809 4707 ιο)-

219 4710 286 4772 ξῦναι
297 4713 340 4767 τδν
354 4712 475 4784 ἀκροατὴν
489 4715 517 4767 ού
531 4713 575 4781 τὴν
589 4716 691 4786 δύναμιν
704 4714 768 4777 αύξει
780 4721 827 4767 τῶν
846 4713 992 4780 Ἀθηναίων,
1042 4745 1051 4771 ε
1073 4719 1102 4773 Ὀ
1112 4722 1155 4790 μὲν
1167 4718 1213 4773 ούν
1228 4722 1311 4792 παρὼν
1329 4721 1410 4790 καιρὸς
1421 4719 1554 4789 μονονουχὶ
1568 4718 1635 4787 λέγει
1644 4714 1726 4786 φωνην
1739 4716 1813 4786 ἀφιεὶς

219 4794 285 4846 ἀλλά
295 4793 339 4862 την
352 4798 489 4867 προαίρεσιν
501 4798 579 4852 αύτῶν
592 4799 719 4851 διαδάλλει
732 4799 773 4852 καὶ
786 4797 830 4864 τὴν
840 4800 941 4868 γνώμην
954 4800 996 4850 καὶ
1041 4825 1051 4847 ι
1071 4802 1109 4852 ὅτι
1131 4807 1179 4852 τῶν
1194 4802 1343 4870 πραγμάτων
1366 4799 1463 4852 ἐκείνων
1483 4796 1642 4861 ἀντιληπτέον
1661 4795 1732 4864 ἡμῖν,
1748 4796 1813 4865 εἴπερ

218 4872 262 4938 τὴν
281 4873 441 4939 κακοήθειαν,
462 4877 515 4947 μεθ’
528 4870 556 4941 ἧς
575 4877 600 4929 έν
613 4879 666 4939 τοῦς
683 4877 791 4943 Ἕλλησι
809 4876 992 4940 πολιτεύονται,
1041 4904 1050 4927 ι
1071 4880 1124 4949 περὶ
1136 4881 1253 4950 σωτηρίας
1265 4879 1343 4930 αὐτῶν
1356 4878 1503 4948 φροντίζετε.
1520 4900 1530 4923 ν
1550 4873 1647 4939 Ἐπειδὴ
1655 4874 1813 4944 γάρθλθγος

214 4952 462 5023 “mmmmm
475 4955 574 5008 τθαῦῖθ
587 4960 659 5009 τοῦτο
672 4962 748 5010 ποιῶν
760 4959 883 5026 πανταχοῦ
897 4953 940 5020 τήν
955 4975 993 5026 φι·
1038 4957 1078 5009 καὶ
1099 4956 1114 5023 ἡ
1132 4954 1255 5028 προτροπὴ
1275 4958 1375 5028 μέγεθος
1396 4955 1463 5026 ἔχει,
1481 4954 1605 5022 περιέθηκε
1628 4959 1662 5022 τῷ
1678 4957 1753 5022 καιρῷ
1769 4950 1813 5016 την

134 5070 139 5079 .
218 5033 421 5104 λοπραγμοσύνην
432 5033 571 5105 θρυλιῖτὴν
584 5034 707 5090 Φιλίππου
716 5035 757 5088 καὶ
768 5034 797 5087 τδ
811 5033 995 5095 σπουδαίωςκαὶ
1038 5034 1185 5106 προτροπὴν,
1198 5032 1269 5098 ούτός
1282 5034 1346 5089 έστιν
1360 5035 1374 5088 6
1387 5034 1468 5103 καιρὸς
1484 5032 1590 5096 ἐκεῖνος,
1600 5031 1690 5102 λέγων,
1704 5031 1717 5083 ύ
1731 5031 1813 5082 καλῶν

218 5111 280 5163 κατὰ
290 5111 374 5183 καιρὸν
388 5112 609 5186 ἀντιλαμύάνεσθιιι
623 5121 670 5169 τῶν
685 5116 849 5186 πραγμάτων,
867 5112 923 5167 ούτε
940 5116 995 5176 ταῖς
1036 5113 1099 5184 ύμᾶς
1111 5116 1152 5168 καὶ
1166 5116 1291 5187 διεγείρων
1306 5114 1346 5168 έπὶ
1363 5112 1408 5179 τὴν
1424 5112 1556 5177 ἀνάκτησιν
1571 5110 1613 5162 καὶ
1627 5108 1671 5174 τὴν
1692 5110 1812 5179 σωτηρίαν

202 5186 347 5262 ’δυνάμεσιν
360 5190 417 5251 ούτε
430 5196 461 5264 τῇ
473 5192 543 5267 ῥώμη
557 5195 683 5265 περιτιθείς
703 5195 814 5265 μέγεθος·
833 5197 897 5249 ὥστε
910 5194 939 5247 τίν
953 5213 994 5247 κε·
1038 5198 1086 5244 τῶν
1101 5197 1251 5266 πραγμάτων
1271 5192 1380 5258 ἐκείνων,
1397 5191 1418 5246 εί
1435 5191 1574 5262 φροντίζετε
1590 5193 1632 5254 τῆς
1645 5187 1723 5241 αύτῶν
1738 5207 1815 5253 σωτη-

218 5268 320 5344 φάλαιον
334 5275 369 5341 τῷ
382 5271 505 5343 κεφαλαίῳ
523 5272 655 5342 πολλαχῶς
668 5273 834 5343 παραπλήσιον
854 5272 927 5325 εἶναι.
948 5272 995 5324 ίίαὶ
1037 5273 1099 5341 ρίας
1116 5277 1256 5335 τουτέστιν,
1279 5272 1299 5325 εί
1321 5273 1388 5343 μέλει
1403 5276 1433 5342 τῇ
1455 5270 1527 5324 πόλει
1547 5272 1590 5321 τοῦ
1604 5270 1749 5337 προεστάναι
1765 5273 1813 5319 τῶν

1003 5376 1042 5415 ῦίίί
