3967 5967
251 474 308 526 m
777 442 929 521 ’Σκοιιι
954 458 1017 518 m
1038 458 1310 519 ιιιιιοεοενιιιι.

281 597 343 667 755,
358 601 399 662 ιθ.
412 594 535 663 Φήσαςδί
548 593 660 666 ἀπορρεῖν
676 592 706 647 τό
721 592 802 664 φύλλα
813 570 862 646 τῶν
874 592 1024 663 στεφάνων]
1072 593 1145 644 τοῦτο
1156 589 1287 662 γίγονενέγ
1301 580 1392 662 γραφή.
1433 587 1573 656 Ἐπειδὴδέ
1592 588 1713 654 ἀπέδειξεν
1725 591 1751 646 έν
1768 598 1807 665 τῷ
1817 595 1858 648 21-

245 676 341 739 Παίζει,
378 676 478 747 Χρνσῶν
489 674 538 746 γάρ
549 674 628 727 όντων
645 678 694 726 τῶν
713 673 853 742 στεφάνων,
868 671 901 733 ῶς
914 669 968 742 περί
983 670 1027 722 ἀν·
1071 671 1133 741 καίῳ
1144 671 1270 743 κεφαλαίῳ
1287 669 1345 740 ούχί
1355 668 1412 731 τούς
1432 667 1564 732 ἀδυνάτους
1578 671 1705 737 δεθέντας,
1720 670 1786 724 ἀλλά
1799 673 1858 735 τούς

245 757 301 818 θους
313 758 387 809 τοῦτο
403 754 486 809 έλαῦε.
523 753 632 825 Σαπρούς
643 751 670 806 δέ
680 751 812 817 παλαιούς,
826 750 943 822 σαθροίις,
954 768 1026 816 σεση·
1073 750 1180 821 μάλιστα
1190 750 1341 822 στρατηγούς
1353 767 1380 802 τε
1393 748 1435 801 καὶ
1445 748 1548 820 ῥήτορας
1563 750 1605 803 καί
1617 750 1807 822 δημαγωγοὺς,
1821 750 1858 805 εἰ.

245 835 330 898 πόκας.
344 836 426 891 mv,
584 842 587 847 ’
1073 831 1151 891 κότως
1162 828 1278 901 έθάρρησε
1296 829 1437 899 προσθεῖναι
1450 826 1496 895 τήν
1506 826 1658 895 κατασκευὴν
1674 834 1706 901 τῇ
1720 829 1857 894 ἀντιθέσει,

282 904 345 984 755,
363 931 405 984 19.
420 912 469 965 Τδν
484 910 680 983 δημόσιον]Τον
692 906 894 981 ἀπογραφόμενον
908 908 939 962 τά
952 909 1029 980 δημό-
1069 907 1316 980 ίναόΤιμοκράτους
1326 906 1402 977 λόγος
1415 905 1560 978 ίλέγχηται.
1597 907 1857 981 ΕίγάρόμένΤιμο-

247 1011 303 1045 σια·
317 994 399 1064 ῶπιερ
409 995 451 1045 νῦν
466 990 573 1062 λέγομεν
587 990 760 1060 ταθουλάριον.
774 991 831 1043 RY.
1072 990 1160 1058 κράιης
1172 987 1246 1057 φησίν
1254 984 1312 1056 θπὶρ
1325 990 1373 1038 τῶν
1384 983 1510 1037 ἀδυνάτων
1522 984 1587 1039 εἶναι
1595 986 1639 1039 τδν
1652 988 1745 1057 νόμον,
1759 987 1861 1059 φαίνον-

282 1071 344 1139 756,
359 1071 404 1123 αθ.
421 1069 467 1122 ίίαί
478 1065 508 1121 ού
522 1070 550 1122 τδ
562 1075 633 1140 σῶμα
646 1067 819 1138 ἡταιρηκότος]
835 1064 976 1136 Ὁριστικῶς
987 1064 1029 1116 καί
1072 1086 1112 1121 ται
1118 1068 1141 1120 δ’
1155 1067 1204 1137 ούχ
1217 1067 1242 1119 σί
1256 1065 1371 1119 ἀδύνατοι
1379 1065 1487 1127 δεθέντες
1495 1065 1615 1128 πολλάκις
1624 1106 1632 1131 ,
1641 1065 1699 1119 ἀλλ’
1711 1067 1736 1119 σί
1748 1067 1860 1137 μάλιστα

246 1155 390 1219 σοφιστικῶς
402 1153 475 1203 τοῦτο
484 1151 559 1203 ποιεῖ’.
578 1147 609 1201 Εί
620 1146 668 1219 γάρ
679 1146 708 1200 τό
722 1145 793 1219 σῶμα
804 1145 933 1211 κωλύεται,
940 1143 1029 1216 πολλῶ
1072 1148 1249 1210 δυνατώτατοι,
1267 1151 1318 1208 πῶς
1328 1144 1373 1197 ούκ
1385 1144 1415 1196 ἀν
1427 1143 1499 1206 αύτδς
1510 1145 1607 1214 γένοιτο
1622 1145 1637 1197 ό
1649 1144 1770 1216 ἀκροατής
1779 1144 1856 1198 ἀντα-

249 1227 345 1298 μὶλλον
359 1229 388 1282 τδ
400 1230 489 1300 ὄνομα.
506 1229 587 1283 TCV.
1071 1224 1192 1297 γωνιστὴς
1203 1225 1284 1296 τούτῳ
1294 1230 1330 1296 τῷ
1338 1223 1423 1295 λόγῳς
1433 1220 1489 1277 οίδε
1498 1222 1525 1277 δέ
1534 1222 1597 1294 μετὰ
1610 1223 1654 1287 τάς
1664 1224 1745 1287 λύσεις
1756 1224 1799 1286 τάς
1815 1223 1858 1277 ἀν-

283 1300 345 1378 757,
364 1327 391 1380 7.
411 1306 440 1362 ‘0
463 1307 489 1361 δέ
508 1308 678 1378 παρακάθηται
697 1305 739 1358 καί
752 1304 781 1358 ού
806 1304 950 1358 καταδύεται
975 1305 1030 1365 τοῖς
1072 1304 1371 1367 τιθέοειςτιθίναι.Τ(Ν.

247 1388 434 1459 πεπραγμένοις]
445 1386 496 1440 Νῦν
510 1386 565 1457 περί
576 1384 744 1458 Ἀνδροτίωνα
756 1384 834 1455 λέγει,
849 1386 908 1453 ὅπερ
922 1382 990 1437 εἶπεν
1003 1382 1028 1435 έν
1108 1384 1177 1452 758,
1199 1400 1243 1453 ²7.
1261 1381 1355 1452 Αύτδν]
1374 1380 1404 1434 ‘0
1417 1381 1580 1452 Τιμοκράτης.
1602 1385 1641 1437 Α.·
1673 1382 1741 1444 Τινίς
1755 1384 1860 1454 βούλον-

247 1468 344 1538 τῷκατ
360 1465 529 1538 Ἀνδροτίωνος
540 1466 595 1537 περὶ
607 1470 651 1518 τοῦ
662 1465 835 1536 Τιμοκράτους.
847 1463 1027 1519 ACDGRTV.
1072 1482 1111 1517 ται
1123 1463 1232 1517 ἐντεῦθεν
1239 1463 1306 1518 εἶναι
1315 1461 1372 1524 τούς
1383 1461 1521 1532 ἐπιλόγους,
1536 1459 1629 1528 ἐπειδὴ,
1643 1464 1726 1532 φασίν,
1735 1461 1860 1533 έντῷπρδ

285 1545 346 1613 758,
357 1563 383 1615 7.
395 1545 457 1607 Το“υς
467 1544 568 1616 ἐχθρούς
577 1547 728 1616 κρατοῦντες]
737 1542 798 1597 Ἀντί
809 1546 853 1596 τοῦ
863 1549 912 1595 τῶν
921 1540 1025 1615 έχθρῶν·
1073 1542 1147 1596 αθτοῦ
1158 1543 1233 1610 κώλῳ
1247 1542 1408 1611 έπελογίσατο
1418 1539 1449 1594 τά
1464 1540 1519 1612 τρία
1531 1541 1660 1611 κεφάλαια.
1676 1543 1857 1596 ACDGRTV.

248 1621 386 1694 άρχαϊσμδς
401 1624 428 1677 δέ
441 1621 501 1677 ἔστι.
516 1625 550 1676 Y.
1072 1620 1191 1687 Είσήκται
1208 1621 1234 1674 δέ
1246 1622 1280 1683 ῶς
1293 1619 1319 1672 έν
1338 1622 1472 1691 διασυρμῷ.
1513 1641 1524 1669 ι
1544 1617 1633 1673 λκούω
1650 1619 1676 1673 δέ
1688 1620 1771 1690 λέγειν
1784 1621 1859 1676 αύτδν

285 1703 347 1771 758,
365 1709 407 1767 ιθ.
426 1701 491 1755 Ἀλλ’
510 1701 651 1774 Ἀνδροτίων
666 1703 741 1775 ύμῖν]
756 1695 848 1773 Σχῆμα
864 1699 1028 1775 έπανάλτρήις,
1072 1701 1105 1763 ῶς
1119 1699 1264 1765 έκτέτισται,
1284 1721 1296 1749 ν
1311 1698 1388 1753 οἱονεί
1405 1698 1541 1767 παράδοξον
1555 1697 1633 1770 λόγον
1654 1700 1696 1752 καί
1706 1701 1859 1754 ἀτοπονκαί

248 1781 288 1837 ίπί
296 1786 425 1853 προσώπου
433 1783 558 1850 διαθολῆς.
571 1785 601 1837 B.
1072 1777 1181 1849 οὐδαμοῦ
1195 1781 1248 1841 τοῖς
1260 1779 1416 1848 ζητουμένοις
1428 1776 1575 1830 ἀκόλουθον.
1612 1777 1656 1831 Διδ
1669 1779 1711 1830 καί
1723 1781 1859 1850 περιτρέπει

286 1863 348 1933 758,
366 1881 407 1934 ¹7·
422 1861 543 1933 Χερνίδων
563 1864 605 1916 καί
626 1864 721 1933 κανῶν]
739 1861 793 1914 Τῶν
808 1860 867 1931 πρθς
883 1857 928 1925 τήν
945 1860 1028 1913 θυσίαν
1073 1855 1138 1929 αύτῷ
1158 1857 1201 1911 τδν
1222 1857 1311 1928 λόγον.
1352 1854 1540 1926 Ὁμολογοῦντα
1560 1853 1609 1926 γάρ
1628 1853 1742 1923 έπσίησεν
1760 1857 1858 1910 ότι-διά

249 1941 422 2015 ἁρμοζόντων·
436 1941 504 2012 λέγει
515 1942 542 1994 δέ
557 1947 634 1996 ταῦτα
644 1941 669 1996 ἐν
684 1940 721 2004 οίς
739 1941 863 1996 νίπτονται
877 1939 902 1992 σί
913 1940 1029 1993 σπένδον·
1072 1935 1128 1997 τούς
1141 1936 1248 2007 πρέσῦεις
1262 1934 1334 2001 ἔθηκε
1346 1934 1388 1987 τδν
1402 1935 1490 2004 νόμον,
1505 1932 1640 2004 ἀπαγαγὼν
1653 1934 1686 1995 ῶς
1705 1934 1796 2004 ἔνοχός
1806 1936 1858 1990 ἐστι

249 2039 298 2084 τες.
311 2021 369 2077 RY.
1072 2018 1104 2087 τῆ
1115 2018 1253 2089 παρανομίᾳ
1267 2015 1299 2087 μὴ
1312 2013 1351 2069 έπί
1362 2018 1420 2068 πᾶσι
1432 2015 1559 2085 γεγραφὼς
1573 2015 1615 2067 τδν
1630 2016 1717 2085 νόμον,
1733 2014 1793 2066 ἀλλ’
1806 2016 1860 2069 θλί·

286 2097 348 2167 758,
360 2102 404 2162 24.
424 2094 490 2148 θίδα
507 2097 592 2159 θτιόις
608 2095 650 2168 μέν
664 2095 708 2149 ούκ
725 2094 1030 2170 ἀσύμφοροςήίίληρώσας
1072 2097 1311 2165 γοιςχαρισάμενος.
1353 2092 1630 2163 Ὅθενέπισημαίνεται
1643 2094 1702 2163 πρδς
1721 2095 1858 2156 τούςδικα·

249 2171 294 2240 τὴν
307 2174 421 2246 έπιφυράν
432 2178 513 2244 τίθησι
524 2173 568 2241 τήν
585 2172 768 2245 πολυθρύλητον
783 2172 877 2240 έκείνην
890 2172 1028 2235 ἀντίθεσιν,
1073 2171 1144 2237 στάς,
1163 2172 1355 2244 ἀναμιμνήσκων
1370 2171 1426 2233 τούς
1442 2173 1528 2240 όρκους
1541 2172 1594 2223 καθ’
1608 2172 1650 2234 οῦς
1662 2172 1736 2225 αὐτοὶ·
1750 2175 1858 2237 δικάζειν

250 2253 282 2304 δι’
295 2254 325 2320 ήν
345 2251 590 2323 ἀσύστατοςόλόγος
612 2251 766 2319 ὑπείληπται.
804 2250 905 2320 Πρῶτον
923 2249 965 2320 μίν
985 2245 1029 2302 ούν
1072 2251 1227 2322 όμωμόκασι.
1264 2252 1321 2304 Λύει
1338 2250 1396 2321 γὰρ,
1411 2250 1484 2319 φησί,
1499 2250 1556 2312 τοὶις
1573 2250 1720 2321 νόμους-καθ
1734 2253 1859 2323 μετά-τῶν

250 2329 317 2392 ἀξιον
332 2331 453 2403 θαυμάσαι
467 2334 504 2385 ότι
528 2329 627 2402 μέλλων
640 2330 731 2383 τιθέναι
744 2328 788 2395 τὴν
807 2327 926 2382 ἀντίθεσιν
950 2327 1031 2382 ἀνεκε·
1073 2333 1155 2401 νόμων
1169 2331 1200 2383 τὰ
1213 2330 1365 2400 δικαστήρια.
1378 2330 1456 2384 TCV.

250 2409 407 2478 φαλαιιύσατο
423 2409 468 2477 τήν
490 2410 590 2483 μνήμην
609 2414 658 2463 τῶν
677 2407 799 2479 ἰσχυρῶν,
812 2412 856 2462 τοῦ
871 2411 1027 2478 παρανόμου,
1112 2407 1155 2471 Ὧς
1168 2408 1300 2464 έκτέτιστσιι
1313 2408 1344 2462 τδι
1354 2407 1494 2480 χρήματα]
1513 2406 1586 2468 Τινάς
1599 2407 1712 2479 λέγουσιν
1733 2409 1760 2463 έκ
1772 2410 1861 2464 τούτου

250 2482 294 2532 τοῦ
308 2478 465 2552 ἀσυμφόρου,
486 2485 530 2535 τοῦ
545 2479 646 2545 ἀδίκου,
659 2480 703 2531 ἵνα
722 2477 787 2552 δείξῃ
808 2480 846 2531 ότι
859 2486 935 2532 ταῦτα
947 2474 978 2546 ήν
999 2476 1030 2530 τά
1073 2488 1214 2559 „pamm
1227 2488 1271 2542 τδρ
1286 2488 1361 2559 λόγος
1383 2487 1528 2540 ἀσύστατον,
1567 2485 1597 2538 Εἰ
1616 2486 1665 2558 γὰρ
1678 2486 1861 2542 3351ng

202 2600 204 2603 .
251 2558 383 2629 κρινόμενα
402 2560 444 2613 καί
465 2559 624 2631 περὶτούτων
642 2557 658 2625 ἦ
680 2558 773 2630 ψῆφος,
787 2556 845 2628 ούχλ
868 2556 895 2610 δέ
915 2556 945 2610 τό
967 2556 1030 2610 κατὰ
1073 2566 1189 2638 χρήματα
1208 2566 1249 2621 καὶ
1266 2565 1441 2639 &pomam
1460 2565 1475 2617 6
1494 2566 1650 2636 Δημοσθένης
1666 2566 1770 2620 ἔπαφρα
1785 2572 1863 2621 rafim

251 2636 307 2697 τούς
319 2638 437 2708 πρέσδεις.
472 2639 517 2691 Διά
531 2637 693 2692 τοῦτοδὲκαί
703 2637 844 2690 τελευταίαν
853 2634 898 2702 τήν
909 2635 1030 2689 ἀντίθεσιν
1073 2644 1148 2709 αὖτέ,
1162 2644 1377 2717 ὠχηφρπςρηῃῶς
1390 2646 1534 2715 amyotus,
1570 2645 1691 2714 Λέρηρεη,
1705 2650 1802 2716 πρῶτος
1814 2646 1859 2717 μὲι

251 2717 369 2781 τέθεικεν,
383 2719 427 2771 ἵνα
435 2720 476 2772 καί
487 2725 522 2791 τῷ
534 2720 603 2791 τόπῳ
616 2718 747 2784 ένδείξηται
758 2716 831 2782 αύτῆς
844 2717 873 2770 τό
887 2715 1028 2787 έξαγιύνιον.
1073 2726 1115 2777 χαὶ
1126 2725 1197 2789 abso<
1216 2725 1324 2797 ὁργτωρ
1339 2723 1523 2794 {mmmm
1540 2726 1627 2788 τοῦτο,
1643 2725 1681 2776 an
1694 2724 1723 2776 ὠ
1736 2727 1863 2796 περι-τος.

251 2794 309 2848 Ὅῐῑ
320 2795 346 2849 δέ
362 2795 490 2868 έξᾰγώίῑῡέ
502 2798 518 2865 θ
532 2797 651 2860 amem<
661 2795 733 2859 αὖτίς
744 2795 876 2867 ῧῑᾱρρθῧθί
886 2794 952 2868 We
962 2795 976 2848 ὗ
987 2794 1030 2867 ῥό-
1073 2824 1123 2859 των
1134 2804 1199 2858 έστίν
1212 2805 1226 2858 θ
1237 2805 1305 2876 ἀγὼν
1318 2808 1371 2867 νῦν,
1386 2802 1453 2855 ἀλλά
1463 2802 1570 2873 περὶτοῦ
1580 2800 1631 2856 είτε
1642 2801 1752 2875 έννόμως
1763 2804 1858 2876 έγράφη

252 2891 302 2944 τωρ
315 2872 420 2936 έδίδαξεν
441 2876 531 2941 είπῶν,
556 2899 568 2925 ιι
590 2875 656 2928 ἀλλά
675 2874 707 2947 μή
731 2875 894 2945 περὶτούτων
912 2874 1030 2928 οίσόντων
1077 2884 1179 2955 δρόμος
1192 2884 1382 2955 ὁτιμηχράτοις
1394 2880 1609 2952 &mmmm
1625 2882 1804 2937 ACDGRTV,

255 2974 266 2999 ·
287 2951 357 3023 ἡμῶν
369 2950 414 3019 τὴν
426 2955 514 3026 νῆσον.
531 2955 603 3007 »Καὶ
614 2954 733 3026 ἑτέρωθι(
743 2973 771 3026 p·
787 2954 848 3025 759,
864 2958 915 3025 ιο)
926 2953 953 3007 δὲ
964 2954 1032 3025 λέγει
1060 2952 1063 2961 ’
1110 2964 1172 3034 7⁵9,
1187 2964 1214 3017 ι.
1226 2962 1289 3016 οισι
1301 2962 1356 3015 ιιι·
1369 2963 1413 3029 ει]
1430 2959 1495 3014 ἰιιι
1506 2965 1549 3014 ..ι
1563 2960 1617 3014 σοι
1629 2961 1703 3024 οι...
1716 2963 1823 3018 κτον.

255 3052 266 3115 ι
289 3028 322 3102 μή
334 3030 392 3102 λέγε
404 3030 449 3098 τήν
462 3032 566 3088 έκτισιν·
583 3034 671 3103 (ούδέν
682 3034 730 3106 γὰρ
742 3032 897 3088 ἐπικοινωνεῖ
908 3040 944 3106 τῷ
961 3036 1032 3106 νόμῳ
1109 3040 1142 3094 Εἰ
1156 3043 1199 3112 μὲν
1213 3041 1261 3113 γὰρ
1273 3041 1332 3112 θιιὶρ
1341 3041 1433 3094 τούτων
1441 3042 1454 3112 ]
1462 3040 1497 3093 Το
1509 3039 1663 3111 διλήμμιιιοι
1673 3040 1748 3094 πάλιν
1760 3047 1858 3114 σχῆμα,

255 3131 266 3157 ι
287 3109 361 3181 τῷδετ
370 3113 379 3176 )
389 3108 447 3163 ἀλλ’
458 3112 491 3173 ῶς
503 3112 636 3179 έπιτήδειός
646 3112 696 3166 ίστι
705 3113 746 3166 καί
754 3112 835 3174 καλῶς
843 3111 910 3183 έχων
922 3112 1030 3184 θνόμος,
1075 3120 1178 3176 mcv,

254 3210 266 3236 ι
288 3191 360 3242 τοῦτο
370 3189 480 3245 δίδασκε·
492 3195 566 3245 τοῦτο
577 3193 625 3263 γάρ
634 3191 698 3245 ἐστιν
711 3191 768 3263 ύπίρ
779 3188 808 3244 ού
822 3192 851 3244 σύ
866 3193 910 3262 μέν
923 3191 1031 3264 είσενεγ·
1111 3199 1173 3269 759,
1193 3199 1235 3253 15.
1251 3199 1336 3252 Καίτοι
1347 3197 1390 3250 καὶ
1402 3198 1468 3251 τοῦτ’
1482 3197 1526 3251 σι’,ιι
1545 3196 1714 3269 ἀπορήσαιμιγ
1728 3198 1795 3270 ’θρα
1810 3207 1862 3264 ‚533

255 3289 265 3315 ⁸¹
286 3269 338 3319 θεῖν
362 3265 423 3341 φῂς,
448 3267 498 3340 ἕγύ)
518 3270 544 3324 δέ
563 3272 744 3341 γέγραμμαι.»
772 3269 850 3323 Ὥστε
876 3272 1031 3341 πανταχόθεν
1075 3274 1120 3342 τήν
1134 3278 1202 3330 λύσιν
1217 3276 1305 3330 έκτῶν
1319 3282 1390 3347 τριῶν
1403 3275 1562 3347 παρείληφεν,
1577 3275 1625 3330 ἀτδ
1638 3282 1682 3329 τοῦ
1694 3276 1790 3343 αίτίον,
1811 3278 1861 3333 ἀπό

252 3344 304 3399 έστί
317 3345 449 3418 καταφανές
461 3348 499 3401 ότι
512 3349 629 3417 διαθολῆς
640 3350 712 3404 ἕνεκα
720 3346 764 3416 τήν
777 3348 840 3402 κατά
849 3354 897 3404 τῶν
908 3350 1032 3421 πρέοθεων
1075 3358 1120 3408 τοῦ
1134 3356 1293 3426 συνέχοντος,
1306 3354 1349 3406 καί
1359 3352 1407 3406 ἀπδ
1417 3357 1462 3406 τσῦ
1474 3355 1625 3424 κρινομένου.
1640 3356 1821 3412 ACDGRTV.

250 3424 364 3478 ύπόθεσιν
376 3425 471 3497 εἴληφε.
484 3430 540 3483 RY.
698 3465 702 3471 ι
1112 3434 1197 3487 Καίτοι
1214 3433 1257 3485 καί
1272 3437 1345 3486 τοῦτο
1357 3432 1401 3484 ούκ
1415 3431 1562 3503 ἀπορήσαιμ’
1571 3433 1637 3503 ῶν]
1659 3429 1705 3485 Ἐκ
1724 3435 1863 3504 περιουσίας

287 3503 354 3558 Οἶδα
365 3506 387 3557 δ’
397 3508 435 3560 ότι
447 3508 481 3570 ὡς
494 3508 537 3579 μέν
551 3508 595 3562 ούκ
606 3507 742 3580 ἀσύμφορός
753 3505 818 3561 έστιν
828 3506 890 3579 ἡμῖν
906 3507 920 3561 ό
935 3509 1031 3582 νόμος]
1076 3511 1117 3564 καί
1128 3517 1171 3580 τῆς
1183 3512 1318 3584 λεγομένης
1331 3510 1444 3573 έκτίσεως
1456 3511 1646 3582 έπιλαμῦάνεται
1659 3512 1803 3584 κακούργως
1816 3513 1859 3566 αθ·

252 3582 361 3638 Μελλων
370 3586 462 3639 τιθέναι
475 3586 520 3654 τὴν
533 3587 654 3642 ἀντίθεσιν
671 3586 899 3659 ἀνεκεφαλαιιύσατο
912 3585 956 3653 τήν
970 3588 1033 3659 μνή-
1076 3588 1120 3657 τὴν
1133 3591 1175 3643 καί
1186 3593 1333 3662 παρανόμως
1343 3592 1492 3662 γεγενῆσθαι
1504 3591 1619 3660 φάσκων·
1638 3588 1771 3644 αίνίττεται
1786 3592 1814 3645 δέ
1826 3593 1862 3654 έις

255 3680 303 3732 μην
318 3668 366 3717 τῶν
381 3663 501 3736 ἰσχυρῶν,
515 3671 560 3720 τοῦ
578 3668 738 3738 παρανόμου,
752 3668 797 3718 τοῦ
816 3665 968 3738 ἀσυμφόρου,
989 3671 1033 3721 τοῦ
1076 3668 1135 3722 σθτδ
1149 3669 1192 3740 μέν
1204 3670 1233 3724 τό
1249 3670 1343 3724 άπλοῦν
1356 3669 1570 3740 καταῦεῦλήκμοι,
1589 3670 1618 3724 τδ
1631 3668 1657 3723 δέ
1672 3674 1717 3737 τῆς
1728 3671 1862 3735 διπλασίας

254 3740 353 3807 ἀδίκου,
367 3744 410 3797 ἵνα
423 3745 488 3817 δείξῃ
501 3748 539 3800 ότι
550 3752 626 3801 ταῦτα
637 3743 667 3813 ἧν
681 3745 712 3800 τά
723 3748 854 3817 κρινόμενα
864 3747 906 3800 καί
919 3748 973 3817 περί
981 3747 1035 3801 τού-
1077 3747 1251 3821 ἀπεστέρησσν.
1264 3751 1321 3803 RY.

254 3837 304 3873 των
320 3820 438 3892 ἥψῆφος,
462 3822 519 3893 ούχί
533 3824 601 3878 δίτδ
617 3824 679 3878 κατά
699 3826 756 3887 τούς
776 3826 893 3896 πρέσύεις.
933 3825 1032 3894 Ἐπειδὴ
1098 3822 1174 3898 759,
1185 3847 1225 3885 ιο,
1240 3826 1319 3900 Οίμαι
1327 3828 1407 3881 τοίνυν
1418 3826 1509 3899 αίτδν]
1524 3825 1706 3890 λντίθεσιςάπδ
1719 3833 1863 3902 τσῦσυμφέ·

255 3897 281 3949 δέ
293 3903 385 3955 κινοῦσι
394 3900 436 3952 τδν
448 3902 503 3973 περί
513 3908 561 3955 τῶν
575 3903 698 3973 πρέσύεων
712 3904 790 3973 λόγον
804 3906 843 3957 ότι
859 3903 993 3958 έκτετίκασι
1002 3905 1033 3959 τά
1077 3926 1161 3978 ροντος
1174 3907 1301 3978 έπιλογική
1311 3904 1382 3977 μικτή
1396 3905 1444 3961 ἀπδ
1450 3911 1494 3972 τῆς
1500 3911 1544 3961 τοῦ
1553 3907 1668 3978 λέγοντος
1679 3910 1810 3976 ποιότητος
1820 3912 1863 3964 καί

256 3976 373 4047 χρήματα
389 3979 517 4051 λέγοντες,
531 3981 678 4035 ἐνδείκνυται
701 3985 740 4036 ότι
761 3982 787 4036 έκ
800 3985 936 4056 περιουσίας
953 3987 1033 4058 τούτῳ
1076 3992 1119 4040 τοῦ
1132 3987 1274 4058 κεφαλαίου.
1302 3987 1360 4048 Τοῖς
1372 3986 1455 4048 αύτοίς
1465 3986 1492 4040 δέ
1503 3986 1659 4057 θεωρήμασιν
1669 3991 1761 4057 χρῆται
1772 3985 1811 4053 οίς
1819 3990 1862 4045 καί

255 4060 394 4129 χρήταιτῷ
410 4058 480 4130 λόγῳ
494 4066 531 4133 τῷ
547 4060 609 4114 κατά
622 4062 679 4123 τοίνς
690 4062 808 4132 πρέοθεις.
845 4061 891 4115 Διά
903 4068 977 4117 τοῦτο
997 4084 1034 4118 τε·
1077 4068 1116 4122 έπί
1128 4072 1171 4134 τῆς
1182 4067 1229 4139 πρδ
1243 4067 1316 4133 αύτῆς
1327 4067 1477 4129 ἀντιθέσεως.
1495 4069 1522 4121 S.
1559 4068 1594 4119 Τδ
1608 4065 1772 4137 ἀναίσχυντον
1786 4069 1863 4124 αὑτοῦ

208 4203 212 4210 ¹
256 4136 369 4191 λευταίαν
390 4137 431 4190 καί
451 4138 496 4206 τὴν
518 4139 639 4193 ἀντίθεσιν
659 4141 780 4206 τέθεικεν,
793 4142 836 4193 ἵνα
849 4142 890 4194 καί
911 4149 947 4215 τῷ
964 4143 1033 4217 τόπῳ
1076 4147 1317 4202 διίιινοσιν.ΑΤ(Ν.
1330 4144 1863 4217 Ἐστιμίνάπδτοῦσυμφὲροντοςίγάντίθε.

257 4214 389 4283 ἐνδείξηται
402 4216 475 4283 αύτῆς
486 4219 514 4271 τδ
529 4219 670 4289 ἐξαγώνιον.
709 4217 755 4271 Ka}
775 4220 814 4272 ότι
825 4217 954 4289 έξαγώνιος
965 4219 981 4287 ίγ
994 4220 1034 4275 ἀν·
1076 4245 1122 4289 σις,
1137 4225 1248 4298 ἀπέρριψε
1261 4225 1287 4278 δέ
1303 4222 1378 4290 αύτῆν
1393 4223 1496 4277 ἐνταῦθα
1510 4224 1560 4279 ἀπό
1569 4227 1701 4279 τοῦκόπου
1715 4231 1760 4279 τοῦ
1770 4228 1862 4282 σίκείου

258 4296 344 4356 τίθεῦις
358 4293 428 4358 αὖτδς
449 4295 555 4359 έθίθαξεθ
574 4297 588 4350 θ
604 4296 821 4369 ῥήτωρείηῖθθμ
843 4296 909 4350 ἀλλά
932 4298 965 4371 μὴ
979 4301 1033 4372 περί
1076 4305 1172 4377 κλέψας,
1183 4301 1862 4377 221&stanlvzspxeqoelahpfivapffimssffsskſtr.

259 4395 270 4421 ι
292 4374 383 4427 τούτων
396 4374 513 4431 οίσόντων
525 4378 593 4451 ύμῶν
606 4376 650 4443 τὴν
662 4376 740 4449 ψῆφον
750 4400 781 4443 ,ν
795 4377 837 4431 καί
846 4376 957 4450 ἑτέρωθι,
972 4403 982 4430 ι
998 4380 1032 4453 μή
1075 4404 1117 4447 νος
1130 4386 1225 4456 μάχης,
1239 4382 1340 4454 ίσχυράν
1351 4382 1463 4448 ποιήσας.
1499 4380 1543 4445 Ὧς
1553 4381 1580 4437 δέ
1594 4382 1725 4455 έπιλογική
1736 4383 1860 4454 ἐχρήσατο

260 4476 270 4501 ι
292 4452 349 4524 λέγε
369 4453 414 4521 τὴν
437 4454 543 4510 ἔκτισιν·
570 4456 656 4527 (ούδέν
678 4457 726 4530 γάρ
747 4456 946 4531 έπικσινωνείτῷ
963 4461 1034 4534 νόμω
1077 4463 1194 4535 προτάξας
1207 4463 1280 4530 αύτής
1293 4460 1337 4528 τήν
1357 4463 1434 4523 ὄντως
1451 4452 1582 4533 ἐξαγώνιον
1596 4460 1641 4527 τὴν
1661 4452 1780 4533 περὶτῶν
1801 4466 1857 4533 πρέ-

260 4555 271 4581 ι
292 4534 353 4604 τῶδε
361 4536 385 4603 ),
407 4534 510 4599 ἀλλ’ὡς
523 4537 657 4605 ἐπιτήδειός
670 4534 721 4592 ἔστι
734 4540 776 4591 καί
787 4537 868 4600 καλῶς
881 4537 947 4609 ἔχων
966 4538 981 4593 θ
995 4542 1035 4593 νό-
1076 4542 1164 4607 σῦεων,
1178 4543 1222 4596 ἵνα
1234 4541 1325 4613 σαθρίιν
1340 4541 1367 4595 έκ
1380 4544 1423 4606 τῆς
1434 4540 1577 4612 συμπλοκῆς
1588 4541 1763 4613 ἀπεργάσηται.
1801 4542 1857 4594 Μα-

256 4612 1033 4768 ιιιιιιικιινιιιιιιιιιιυιῑιγξι
1077 4618 1861 4772 ιιιίιθιιῖθιῑιιθιιιθιῑικιθῑῑ

257 4768 288 4821 Et
300 4769 326 4823 δὲ
338 4774 382 4837 τῆς
390 4775 483 4842 γραφής
493 4774 604 4841 δοθείσης
614 4773 639 4828 έν
651 4781 687 4847 τῷ
700 4773 788 4846 μεταξύ
799 4775 1035 4845 φαίνονταικαταόε-
1077 4776 1143 4832 ἀλλά
1155 4780 1241 4852 ψεῦδος
1253 4779 1374 4851 ἡγήσεται
1385 4779 1415 4834 τό
1428 4779 1451 4833 εί
1464 4779 1567 4851 ἔγραθεν
1579 4780 1645 4841 ὅπως
1663 4778 1747 4849 μηθείς
1760 4779 1862 4845 δεθήαε-

256 4848 388 4916 θληκότες,
404 4849 472 4904 οδδέν
489 4856 605 4925 τοῦτοτῇ
620 4853 729 4907 ύποθέσει
746 4853 901 4924 λυμαίνεται·
918 4856 1034 4924 διαθολῆς
1076 4879 1116 4913 ται
1132 4858 1272 4927 Ἀθηναίων.
1312 4859 1404 4931 Ἐφάνη
1416 4859 1464 4931 γάρ
1476 4860 1517 4912 διά
1525 4859 1699 4930 τοδςπρέούεις
1712 4859 1756 4911 τόν
1767 4859 1861 4929 δεσμόν

256 4927 304 5000 γάρ
326 4929 398 4982 ίνεκσ
414 4928 543 5000 εἴληπται,
561 4934 642 5004 ὥσπερ
662 4932 731 5004 έφην.
768 4932 799 4986 Et
813 4933 840 4988 δί
855 4933 988 4989 έκτετίκασι
1004 4938 1033 4991 τό
1077 4937 1180 4996 ἀνελών.
1218 4938 1395 5010 Παρατήρειδί
1408 4938 1506 5011 καίτὴν
1519 4939 1583 5001 λέξιν
1596 4928 1740 5007 θπωςέχει,
1761 4936 1866 5008 ιιοῖμαι-

256 5010 404 5081 κεφάλαιον,
415 5012 457 5065 καί
465 5013 509 5065 δεῖ
523 5012 581 5084 πρὸς
597 5018 670 5067 τοῦτο
691 5015 894 5087 διαγωνίζεσθαι,
906 5013 1034 5071 ύπεύθυνοι
1080 5040 1091 5069 ι
1106 5019 1187 5071 τοίνυν
1201 5018 1275 5073 αύτδν
1292 5018 1343 5071 οὔδ’
1357 5017 1456 5072 ἐκείνων
1477 5016 1603 5088 ἀφέξεσθαι
1621 5024 1669 5071 τῶν
1682 5015 1778 5088 λόγων,
1800 5039 1813 5066 ι
1829 5019 1863 5080 ὡς

256 5087 432 5155 καθεστήκασιν
452 5088 496 5144 ’έπί
514 5094 545 5164 τῇ
561 5091 723 5147 διπλασιάσει.
761 5091 893 5163 Περίεργον
911 5093 938 5149 δέ
949 5096 1033 5162 ζητεῖν
1077 5096 1189 5167 χαλεποῦ
1201 5097 1243 5149 καί
1256 5096 1418 5167 ἀναισχύντου
1428 5097 1498 5158 δντος
1509 5101 1553 5149 τοῦ
1568 5097 1718 5166 πράγματος.
1729 5094 1860 5148 RY'PCV.

259 5164 317 5229 ἴσως
329 5168 431 5238 πότερον
447 5168 584 5240 όφιίλσυσιν
600 5173 616 5239 ἢ
630 5172 719 5234 τελέως
735 5170 922 5243 ἀπηλλαγμένοι
936 5176 1034 5245 φαίνοι.
1113 5176 1175 5246 759,
1190 5177 1235 5233 αθ,
1244 5176 1292 5228 Καί
1300 5178 1338 5230 ότι
1346 5175 1402 5236 τούς
1412 5179 1502 5247 νόμους
1512 5176 1545 5237 ὡς
1554 5175 1720 5247 πρφοτάτορς]
1733 5173 1779 5225 Ιίαί
1788 5178 1861 5227 τοῦτο

258 5250 349 5301 εαυτοῦ
362 5245 518 5319 ὀφλήματος·
530 5249 585 5306 ούδά
597 5246 646 5318 γάρ
656 5250 697 5304 διά
714 5256 787 5306 τοῦτο
797 5251 813 5319 ί]
823 5253 913 5325 κρίσις,
931 5253 1033 5311 ούδέδιά
1077 5258 1106 5311 τό
1121 5259 1191 5329 μέρος
1203 5256 1250 5324 ἤδη
1265 5257 1356 5328 φθάσας
1367 5255 1381 5308 θ
1392 5254 1472 5327 ῥήτωρ
1482 5254 1678 5327 προδιοικήσατο,
1693 5251 1819 5316 ἀποδείξας
1831 5251 1860 5305 ού
