3967 5967
253 424 310 478 106
789 424 930 483 nom
953 424 1017 484 ΕΙΣ
1037 418 1312 487 ΔΗΜΟΣΘΕΝΗΝ.

250 549 337 619 ορδταί
353 567 408 603 τινα
421 549 488 622 αύτῷ
498 550 567 618 δίκην
583 549 720 621 μάλλσυσσιν
733 552 858 622 γίνεσθαι,
874 554 1027 624 περιέρχοιτο
1072 553 1115 625 ph
1126 553 1224 620 ἠδίκουν
1244 555 1414 620 πεντακόσιοι,
1431 554 1482 626 ἰγίυ
1495 554 1522 609 δί
1538 557 1685 627 κατηγορεῖν
1703 553 1747 609 σύκ
1759 553 1854 623 ήδυνά·

249 627 290 681 καί
302 627 372 699 λέγοι
387 627 585 699 ἀπροσποιήτως·
598 632 659 692 τινίς
674 650 716 701 μοι
726 632 856 700 φθονοῦσιν
872 632 898 686 ἐν
911 637 943 704 τῇ
956 633 1028 687 πόλει
1073 654 1121 705 μην
1133 633 1277 701 ἐπιεικὴςῶν
1291 635 1332 688 καθ
1340 635 1428 696 δειλός·
1439 634 1480 688 διίι
1488 640 1560 688 τούτο
1573 634 1652 700 εἶπεν,
1665 636 1741 697 οθτως
1748 640 1784 689 ὢν
1796 638 1854 707 θρα·

248 707 288 759 διὰ
308 709 365 761 τόδε
378 709 408 762 τδ
430 712 547 779 πρᾶγμα,
561 709 620 773 ίνα,
640 711 699 761 όταν
722 711 821 781 γένηται
843 710 860 777 ἡ
877 712 947 778 δίκη,
964 711 1028 784 λίγη
1071 711 1164 772 σδςκαί
1175 711 1257 782 λίγειν
1274 713 1361 773 δεινός,
1670 726 1685 755 0

249 788 287 840 ότι
296 788 324 840 ού
336 788 469 859 προελεγον
479 791 517 842 ότι
531 790 592 850 τινές
605 808 647 859 μοι
658 791 775 859 φθονοῦσι
787 792 829 844 καὶ
840 792 972 862 βούλονταί
985 812 1028 864 μοι
1107 794 1169 854 614,
1184 795 1210 843 6.
1228 788 1415 861 Ὗφαιρσΰνται]
1431 790 1573 846 ίίλίπτουσι.
1588 793 1620 845 Ρ.

249 863 432 930 ίπιθουλιύσαις
443 869 499 920 An.
1107 874 1168 934 614,
1180 887 1206 937 7.
1216 869 1252 921 Δι’
1264 869 1400 937 ἀπληστίαν
1412 868 1544 939 δὲτρόπον
1559 870 1675 940 διχόθεν]
1692 867 1726 920 'H
1738 867 1786 921 ἀπδ
1802 873 1854 922 τῶν

284 951 346 1008 διε,
362 964 389 1015 9.
410 946 489 1012 Τήσδε
503 950 546 1012 τής
558 949 652 1016 γραφῆς
663 944 758 1017 ἐτόλμα
775 947 855 1018 λέγειν
867 949 877 1019 ]
891 949 1026 1019 Προδιαόο-
1071 946 1186 1018 εἰσφορῶν
1199 954 1247 1001 τῶν
1260 950 1398 1020 συμμάχων
1410 949 1427 1015 ἦ
1438 949 1498 1018 πρός
1510 955 1546 1021 τῷ
1557 947 1590 1020 μὴ
1603 946 1718 1018 εἰσφέρειν
1731 949 1773 999 καὶ
1784 947 1855 1003 θυαε·

250 1021 298 1090 λήν
319 1029 392 1078 τούτο
415 1029 459 1078 τού
479 1025 617 1096 σύμπαντος
634 1026 687 1094 βίου
702 1024 839 1096 λσμύάνει,
859 1028 902 1080 ἵνα
913 1029 1027 1098 φαίνηται
1069 1030 1166 1097 ρούνται
1179 1027 1298 1080 τὰκοινά.

251 1101 392 1175 Ἀνδροτίων
406 1103 433 1157 ἰκ
444 1104 540 1158 πολλοῦ
555 1104 672 1173 προειδὼς
685 1106 723 1158 ότι
736 1107 832 1168 πάντως
847 1105 1026 1177 ίγτιληθήσεται
1082 1140 1087 1151 ·
1105 1109 1167 1169 διίι,
1183 1109 1209 1160 θ.
1224 1105 1286 1159 (λύτι
1296 1105 1344 1176 γάρ
1353 1103 1411 1176 ῥᾷον
1425 1105 1547 1174 πολλοῖς]
1556 1104 1682 1176 Πριπίὶεδές
1700 1102 1750 1156 ἔστι
1765 1108 1798 1176 τῇ
1807 1106 1854 1173 δη·

247 1181 287 1234 διά
300 1180 345 1248 τήν
356 1181 493 1254 ίπιρόολήν
506 1189 555 1236 τῶν
574 1182 756 1254 τολμημάτων·
775 1187 837 1238 ὥστε
851 1186 880 1238 τδ
897 1186 1025 1258 προλίγειν
1069 1184 1188 1254 μοαρατίφ
1211 1185 1240 1238 τδ
1254 1184 1350 1255 μᾶλλον
1372 1186 1569 1256 περιεργάζεσθαι
1591 1183 1623 1236 εά
1645 1182 1784 1254 ἀδικήματα
1800 1189 1853 1237 τδνε

247 1261 320 1317 αδτδν
334 1261 373 1315 ἀεί
392 1263 528 1325 συνειδότος
550 1258 580 1329 ήν
598 1264 637 1315 ότι
657 1261 743 1329 ἠδίκει.
781 1263 818 1318 Tb
833 1264 860 1317 δί
877 1265 905 1318 ού
924 1266 965 1319 σοί
981 1266 1024 1338 ρη·
1068 1262 1160 1334 όλίγων
1173 1262 1234 1335 ήπερ
1251 1269 1300 1316 τῶν
1316 1262 1427 1319 πολλῶν.
1446 1265 1503 1316 ΑΒ.

246 1342 311 1406 είαι,
327 1341 467 1394 οίονείόντι
481 1341 576 1413 αἰσχρῷ
588 1341 663 1396 πλέον
678 1349 727 1396 τῶν
741 1342 949 1414 διαύεύλημένων.
990 1345 1024 1397 ’ίί
1102 1340 1164 1395 (λύει
1177 1341 1225 1412 γάρ
1244 1341 1320 1412 ῥᾷον]
1337 1340 1401 1407 λύτη
1418 1341 1551 1411 ἀναίρεσεις
1571 1340 1656 1394 αἰτίων
1676 1340 1788 1411 λίγειαι·
1807 1341 1853 1404 τίς

246 1419 335 1483 ούτως·
350 1420 378 1473 ού
401 1421 440 1474 οοί
456 1420 553 1492 ῥητέαι,
569 1421 621 1473 όντι
635 1439 665 1490 γε
684 1420 804 1493 ἀνθρώπῳ
818 1421 1025 1496 καίθποκειμένιρ
1068 1419 1308 1491 ἀλλσςάναερούντες
1329 1419 1385 1491 μίαν
1400 1421 1430 1487 ήν
1445 1419 1585 1491 βουλόμεθα
1593 1420 1784 1490 καταλείπομεν.
1817 1422 1852 1473 Ὃ

247 1503 299 1563 ταῖς
311 1504 452 1572 συμφοραῖς.
1067 1497 1093 1551 δί
1108 1497 1311 1569 λίγει,τοιούτόν
1326 1499 1404 1552 ἰστιν·
1428 1498 1483 1553 ούτε
1496 1498 1659 1570 εύκολώτερόν
1681 1499 1732 1553 ἐστι
1744 1500 1851 1565 πολλοῖς

282 1585 343 1645 6ει,
361 1599 401 1636 11.
433 1580 502 1651 Ἐγὼ
522 1582 544 1631 δ’
564 1581 624 1652 ύμῖν
632 1578 677 1647 ,ὦ
702 1581 808 1651 ἀνδρες]
832 1578 958 1644 Ἀπόδειξις
979 1586 1024 1634 τού
1067 1577 1202 1651 ἀνθρώποις
1212 1580 1368 1650 προσκρούειν
1382 1578 1457 1649 όλίγα
1472 1578 1596 1644 ἀδικοῦσι,
1611 1576 1850 1648 καλμᾶλλονίπιθε·

249 1657 406 1729 Ἀνδροτίωνα
417 1660 445 1713 ού
456 1660 496 1712 διὰ
509 1658 551 1722 τάς
562 1660 706 1732 εἰσπράξεις,
717 1659 783 1712 ἀλλά
795 1659 836 1712 διδ
848 1659 894 1727 τήν
905 1662 1023 1732 πονηρίαν
1066 1659 1120 1711 τίον
1134 1662 1186 1721 τοῖς
1205 1658 1299 1730 όλίγοις
1318 1657 1378 1728 μίν,
1395 1656 1496 1710 πλείονα
1515 1656 1542 1709 δί
1562 1655 1775 1728 ἐξαμαρτάνουσιν·
1795 1658 1850 1712 ούτ’

245 1739 286 1793 καί
298 1739 366 1810 θόρεν
384 1741 524 1811 μισεῖσθαι,
541 1739 565 1801 ἐξ
577 1739 715 1811 ἐπαγωγῆς.
731 1743 762 1794 Ρ.
1066 1731 1097 1789 σύ
1110 1737 1143 1800 ὡς
1153 1738 1286 1809 δημοτικόν
1300 1736 1464 1807 περιείργασαι
1479 1736 1522 1807 μίν
1534 1736 1566 1790 τά
1578 1743 1627 1791 τῶν
1639 1737 1750 1803 πενήτων
1764 1738 1847 1803 κακίι,

281 1823 343 1881 612,
360 1819 386 1872 3.
402 1817 494 1871 Ἕκτον
510 1819 598 1889 μέρος]
615 1818 645 1871 Οί
659 1818 759 1873 πολῖται
773 1816 892 1888 εἰσίφερον
910 1819 940 1872 τδ
958 1817 1022 1871 είκο·
1065 1819 1255 1889 παρεῖδεςδίτά
1274 1824 1322 1872 τῶν
1341 1815 1474 1874 πλουσίων.
1512 1817 1658 1871 Τούναντίον
1679 1818 1726 1888 γὰρ
1749 1818 1849 1887 μᾶλλον

243 1894 300 1948 στδν
317 1897 402 1966 μέρος,
415 1896 439 1948 οί
453 1895 479 1948 δί
494 1897 600 1967 μέτοικοι
617 1896 646 1949 τδ
658 1897 738 1949 ἕκτον.
753 1898 811 1949 An.
1066 1896 1177 1968 ἔπρεπεν.

279 1978 341 2035 διε,
364 1976 405 2027 15.
423 1971 482 2026 Εἴτε
496 1972 544 2044 γάρ
558 1969 638 2042 ήσαν]
653 1978 741 2045 σχῆμα
752 1974 918 2045 διλήμματον.
933 1980 966 2031 Α.
1100 1980 1161 2038 6ιή,
1179 1991 1220 2029 ια.
1237 1973 1312 2027 Οἶδεν
1324 1976 1383 2047 ίνα]
1399 1970 1539 2040 Λθτηίστίν
1558 1969 1579 2038 ή
1597 1968 1690 2038 ἀληθής
1708 1970 1790 2036 αἰτία,
1816 1972 1847 2039 ἣν

278 2056 339 2115 6η,
360 2057 400 2107 18.
418 2052 473 2104 Ἴίτι
485 2054 566 2105 τοίνυν
581 2051 608 2105 ἐκ
624 2054 700 2106 τῶνδε
712 2053 900 2128 ἀκριόίστερον]
916 2055 1021 2110 ’λπόδειι
1064 2054 1212 2107 καταλείπει.
1230 2056 1330 2110 FLYP.

244 2131 277 2194 ξις
291 2131 318 2185 ίκ
335 2133 481 2202 συγκρίσεως
500 2136 543 2184 τοῦ
568 2131 607 2183 διά
630 2131 673 2185 τδν
692 2132 782 2202 τρόπον
801 2137 845 2199 τῆς
860 2132 1018 2204 εἰσπράξεως,
1099 2137 1161 2196 6εή,
1178 2136 1220 2187 18.
1237 2131 1314 2203 Ὁμοῦ
1328 2134 1453 2203 μετοίκους
1467 2126 1605 2195 Ἀθηναίους
1617 2130 1694 2199 δίων]
1707 2127 1762 2180 Ἵνα
1773 2131 1848 2183 παντί

242 2211 308 2263 ἀλλὰ
322 2210 354 2281 μὴ
367 2212 407 2262 διδ
422 2210 465 2273 τίς
479 2210 610 2281 εἰσπράξεις
623 2212 755 2280 μισεῖσθαι.
772 2212 891 2265 BSTCV.
929 2212 959 2263 Εἰ
972 2211 1020 2282 γίιρ
1063 2216 1099 2281 τῷ
1113 2212 1202 2278 πλήθει
1219 2213 1359 2282 συγκρούων
1373 2213 1487 2282 φαίνηται
1504 2248 1512 2272 ,
1527 2210 1648 2279 ύπίμνησε
1660 2215 1708 2262 τῶν
1721 2207 1754 2271 εἰς
1767 2210 1845 2262 ἃπαν-

243 2289 283 2341 διίι
296 2289 338 2351 τὰς
351 2288 498 2359 εἰσπράξεις,
509 2289 613 2359 ἐμισήθη
631 2290 660 2340 ἀν
672 2289 715 2341 καί
732 2289 747 2341 ό
766 2290 884 2361 Σάτυρος·
900 2289 966 2343 ἀλλά
979 2291 1020 2344 διὰ
1063 2308 1105 2351 τας
1115 2293 1285 2362 γεγενημένων
1293 2292 1394 2362 θόρεων·
1409 2296 1482 2343 τοῦτο
1500 2290 1615 2356 πεποίηκε
1632 2289 1676 2345 ,καί
1693 2286 1717 2340 ἰν
1736 2294 1772 2359 τῷ
1783 2290 1847 2342 κατὰ

240 2369 282 2420 τδν
297 2367 371 2421 αύτού
383 2369 472 2438 τρόπον
483 2368 524 2420 καὶ
535 2367 565 2420 τά
582 2367 726 2438 ύθρίσμοιτα.
743 2369 792 2422 RS.
963 2404 967 2412 -
1063 2368 1179 2435 Μειδίου,
1204 2372 1343 2442 συγκροόων
1358 2371 1433 2424 ἅπασι
1458 2371 1510 2430 τοῖς
1525 2367 1605 2421 ἔθνεσι
1622 2370 1665 2433 τῆς
1687 2367 1780 2428 πόλεως
1801 2368 1845 2421 τ’σν

276 2451 338 2510 ίὶια,
353 2462 398 2500 σε.
409 2445 515 2516 Σάτυρος
528 2445 554 2498 δὲ
565 2444 637 2498 θεῶν
648 2447 754 2516 νεωρίων
764 2443 927 2517 ἐπιμελητής]
936 2446 1020 2500 Οίονεί
1063 2448 1184 2513 Μειδίαν,
1204 2449 1331 2513 ἱππεῦσιν,
1349 2448 1549 2519 λριιοπαγίταις,
1566 2446 1646 2517 δήμερ·
1661 2450 1734 2498 τούτο
1748 2443 1794 2498 κάν
1808 2453 1848 2519 τῷ

240 2523 417 2586 ότοδςτόπους
430 2525 568 2594 καθαίρων,
581 2523 662 2578 διίύν
681 2524 824 2579 ἀνίλειονται
837 2525 1018 2596 αίεριήρεις·ή
1062 2528 1117 2580 κατ’
1136 2527 1266 2599 Αἰσχίνου,
1289 2528 1429 2599 συγκρούονν
1453 2526 1571 2596 Αἰσχίνην
1596 2530 1632 2596 τῷ
1655 2525 1760 2595 Χάρητι,
1785 2525 1845 2595 πρός

239 2608 288 2656 τῶν
310 2609 371 2656 νεῶν
387 2603 466 2657 αύτῶν
480 2601 524 2669 τὴν
547 2606 664 2676 φροντίδα
689 2608 883 2677 πεπιστινρίνος.
924 2604 967 2660 Ἐν
982 2604 1019 2671 οίς
1061 2606 1089 2659 δν
1107 2605 1177 2668 αύιδς
1192 2606 1235 2679 μίν
1248 2608 1263 2659 ό
1276 2609 1353 2678 δήμος
1363 2606 1408 2660 ούκ
1428 2606 1498 2677 εἶχεν
1512 2603 1800 2667 σίνιείως,οἰκειώσασθσι
1816 2603 1845 2661 δέ

240 2685 367 2753 θεωρεῖται
380 2684 410 2737 τδ
427 2688 467 2750 τῆς
481 2683 627 2747 ἀνατάσεως·
639 2684 668 2738 σθ
681 2685 726 2737 διίι·
737 2685 779 2748 τάς
797 2685 928 2756 εἰσπράξεις
945 2689 1018 2757 μεμέ·
1063 2685 1213 2756 βουλόμενος
1224 2692 1259 2758 τῷ
1273 2685 1316 2756 μέν
1329 2684 1445 2756 ἀντιδίκῳ
1461 2686 1645 2754 προσίκρουσεν,
1665 2681 1731 2753 αύτῷ
1741 2681 1768 2735 δέ
1782 2702 1843 2761 προρ

238 2781 322 2829 σητσι·
338 2763 427 2828 πόθους
443 2763 549 2834 ἰμισήθη
567 2764 615 2835 γάρ
630 2766 659 2817 ἀν
673 2764 742 2817 καλό
759 2764 878 2834 Σάτυρος·
895 2763 961 2816 ἀλλά
977 2765 1018 2818 διδ
1060 2767 1179 2838 σήγαγεν.

237 2840 281 2894 τδν
304 2841 378 2894 αύτού
396 2843 486 2912 τρόπον
510 2844 552 2894 καὶ
576 2844 603 2895 τδ
629 2843 743 2914 θόρισμα.
768 2843 886 2895 ἈΛΛΩΣ.
937 2843 1016 2898 Πάλιν
1097 2851 1159 2909 614,
1173 2863 1217 2902 21.
1235 2844 1266 2897 E?
1278 2846 1357 2916 μάτην
1371 2844 1401 2896 τδ
1420 2841 1645 2913 δεσμωτήριον]Τί
1664 2840 1842 2910 παρενσχλεῖτε

237 2925 409 2984 κατασκευάζει
422 2924 460 2975 ότι
473 2922 501 2975 ού
509 2922 550 2975 διὰ
559 2922 603 2989 τὴν
614 2924 701 2989 πόλιν,
712 2922 778 2975 ἀλλά
790 2923 830 2975 διά
840 2921 884 2989 τὴν
897 2922 1016 2995 ὠμότητα
1059 2921 1104 2989 τήν
1117 2925 1188 2976 πόλιν
1198 2943 1205 2989 ;
1217 2921 1312 2989 οἰκησις
1322 2921 1380 2992 ύμῖν
1396 2920 1538 2974 ἀποδίδοται
1553 2922 1694 2989 πρόσφορος.
1742 2918 1777 2969 Tb
1787 2919 1842 2971 δεσ·

237 3001 292 3063 τούς
307 3002 438 3074 πολεμίους
456 3001 584 3069 ἐκτήσατο.
626 3002 670 3056 Ἐκ
685 3005 833 3074 συγκρίσεως
852 3002 901 3075 γὰρ
919 3003 1016 3058 άποδιί-
1060 3002 1183 3072 μωτήριον
1195 3001 1345 3055 κατελάδετε
1358 3006 1445 3064 τοῦτο,
1460 3000 1517 3052 δδι’
1531 2998 1593 3069 ύμάς
1603 2997 1627 3049 σί
1639 2997 1736 3065 πατέρες
1746 2996 1841 3067 ᾠκοδο·

236 3101 304 3134 κνυσι
313 3080 353 3133 διίι
364 3083 407 3136 τδν
420 3083 519 3153 τρόπον,
534 3081 591 3134 ἀλλ’
599 3083 627 3135 ού
636 3083 677 3137 διίι
690 3083 731 3145 τάς
743 3082 872 3154 εἰσπράξεις
882 3086 1015 3154 μισεῖσθαι.
1060 3080 1176 3150 μήκεσιν.

236 3161 300 3216 Εἶτα
324 3162 470 3234 ἐπιχείρημα
495 3163 692 3234 μεταληπτικόν·
716 3163 738 3216 εἰ
772 3163 830 3235 θπέρ
856 3167 899 3231 τῆς
922 3163 1017 3225 πόλεως
1095 3158 1234 3229 Ιίαταγαίηθ
1258 3157 1306 3227 ἂν]
1335 3157 1388 3208 Μία
1409 3156 1483 3217 λὲίῑῑς
1501 3153 1556 3208 ἇθῐῖ
1577 3158 1623 3206 ῐῡῦ
1640 3152 1697 3217 θῑίν
1720 3151 1844 3221 6μίἥῦ

237 3238 345 3294 ἐποιεῖτο
358 3240 402 3307 τήν
417 3241 556 3312 εἴσπραξιν,
573 3241 622 3295 ίδιι
636 3248 685 3294 τῶν
706 3242 861 3295 κλεπτόντων
872 3248 1014 3313 στρατηγῶν
1058 3238 1101 3289 καί
1121 3239 1277 3308 συντίθεμαι,
1299 3238 1337 3288 &z
1358 3237 1438 3305 μίῑίιθ
1449 3233 1599 3305 ᾠδῦθθμθθδ
1611 3233 1643 3285 ³²³
1657 3231 1840 3301 &ww

236 3320 277 3371 καί
293 3319 403 3390 ῥητόρων
415 3322 575 3391 κατηγορεῖν.
616 3319 690 3373 Ἆλλίι
706 3318 754 3391 μήν
768 3319 796 3371 ού
812 3320 922 3389 φαίνεται
943 3325 1016 3374 τοῦτο
1063 3313 1184 3385 Ἀλλαχού
1211 3314 1273 3367 κατὰ
1307 3314 1422 3383 διαίρεσιν
1446 3313 1586 3382 εύρίσκομεν
1612 3309 1842 3380 ἀνσγινωσκόμενον

236 3403 329 3450 ποιῶν·
351 3398 398 3467 ούχ
411 3397 469 3468 ίεπίρ
491 3397 559 3469 ύμῶν
585 3398 632 3469 ἀρα
657 3395 701 3464 τήν
729 3396 851 3468 εἴσπραξιν
872 3395 1013 3463 ἐποιήσατο,
1058 3398 1131 3447 τούτο
1143 3393 1184 3447 καί
1195 3393 1356 3462 διαλυόμενον
1370 3391 1453 3454 είςδύο
1462 3390 1545 3454 λέξεις,
1557 3392 1616 3443 όταν
1628 3389 1669 3441 καί
1679 3386 1843 3458 β’πράγματα

236 3476 292 3530 Εἶτ’
307 3477 435 3548 ἐπειδήπερ
454 3478 616 3548 στοχαστικός
635 3478 697 3531 κατὰ
719 3477 774 3539 τούς
792 3477 893 3548 ῥήτορας
905 3477 946 3530 καί
960 3478 1016 3540 τούς
1059 3473 1118 3545 θίλη
1130 3476 1238 3544 σημᾶναι
1252 3472 1280 3525 τό
1292 3471 1382 3524 κῶλον·
1395 3471 1500 3525 ἰνταύθα
1512 3469 1538 3522 δί
1550 3470 1576 3522 ἕν
1587 3468 1660 3523 ἐστι.
1674 3470 1731 3521 An.
1745 3477 1773 3519 et
1784 3485 1839 3520 mc.

235 3557 387 3627 στρατηγούς
403 3556 480 3611 ἐδόκει
503 3557 618 3622 ότύπος,
635 3556 757 3628 ἐπήγαγεν
773 3555 840 3618 εύθδς
856 3553 900 3621 τὴν
917 3555 1015 3609 άπόδει-
1060 3553 1090 3605 L.
1108 3553 1256 3623 Ιίατάφσσις,
1269 3550 1401 3621 όμολογίσ..
1416 3550 1451 3602 Y.

234 3633 287 3699 ξιν,
312 3634 386 3688 εἰπιίιν
409 3656 422 3683 ε
439 3635 466 3686 σί
482 3634 548 3706 περί
568 3637 661 3698 τούτοις
676 3637 806 3705 κέκρινται.
820 3658 833 3684 ν
868 3635 903 3688 ’ίδ
921 3635 1016 3699 δίτοδς
1097 3629 1236 3701 Ἐρωτῶντῖ
1247 3650 1286 3682 σοι
1300 3631 1356 3700 περὶ
1377 3632 1422 3682 τοῖν
1439 3627 1607 3698 δεσμωτηρίου
1623 3625 1717 3695 σφόδρα
1734 3625 1763 3676 ἀν
1781 3623 1842 3677 ἀπσ-

234 3712 320 3775 αδτούς
333 3713 431 3775 τούτους
441 3710 523 3778 εἶπεν,
535 3714 578 3766 ἵνα
592 3712 624 3784 μή
636 3713 700 3768 είποι
712 3715 752 3767 δτι
768 3713 858 3768 ίκείνσι
869 3712 912 3785 μίν
922 3713 1014 3785 εύγνιύ·
1058 3710 1188 3780 κρινοίμην
1199 3710 1231 3770 όνς
1249 3709 1329 3779 μάτην
1347 3707 1520 3777 ᾠκοδόμηται,
1539 3705 1610 3775 τόγε
1630 3707 1675 3756 τού
1689 3707 1734 3755 σού
1751 3705 1842 3772 πατρός

235 3810 306 3860 μονες
324 3786 401 3856 ἦσαν,
417 3791 441 3843 οί
460 3792 483 3843 δ’
503 3790 560 3862 ἐμοί
573 3791 787 3864 ἀναισχυντότεροι
800 3792 848 3863 οδχ
865 3791 899 3854 ὣς
913 3791 1011 3848 ἐκεῖνοι,
1059 3792 1136 3862 μόρος·
1151 3790 1179 3843 ού
1191 3789 1240 3861 γδιρ
1257 3787 1342 3859 ίσχυσε
1355 3787 1485 3858 φυλάττειν
1498 3785 1588 3850 αἰετόν,
1602 3782 1669 3835 ἀλλὰ
1680 3783 1758 3854 γίλως
1769 3784 1840 3853 ὤφθη

234 3868 269 3919 Tb
282 3867 308 3921 δί
325 3867 383 3931 ίσως
398 3871 483 3940 μόριον
502 3874 544 3923 ν’ύν
562 3869 618 3923 ἀντί
631 3874 676 3923 τού
692 3871 741 3940 γάρ
752 3874 847 3935 κεῖται,
859 3871 901 3924 καί
920 3869 1013 3938 ίστινή
1057 3872 1175 3941 φυγόντος
1186 3868 1260 3922 αύτού
1273 3869 1302 3921 τδ
1317 3866 1493 3938 δεσμωτήριον.

233 3949 317 4018 φράσις
332 3946 440 4018 Ἀττική·
455 3949 496 4002 καί
509 3948 556 4020 γάρ
566 3950 646 4002 ἐκεῖνο
659 3948 749 4002 εἰδόσιν
761 3949 819 4020 ύμῖν
830 3951 897 4020 ὅμως
908 3948 962 4020 ἰρεῗε
1093 3954 1155 4013 6ιίι,
1170 3946 1433 4016 α3.Έξορχησάμενσς
1443 3943 1593 4012 Διονυσίων]
1607 3942 1737 4011 Κακῶςῐῇ
1752 3941 1840 4009 πθμὸᾗ

270 4029 332 4092 613,
350 4045 391 4085 ια.
405 4027 463 4081 Ὅτι
481 4030 561 4081 τοίνυν
573 4027 637 4090 ὅλως
646 4029 658 4099 ]
668 4028 741 4081 ’λλλο
752 4028 899 4099 ἐπιχείρημα
909 4028 1013 4081 σαλεύον
1058 4027 1141 4098 καίτῇ
1162 4026 1296 4097 πανηγύρει
1309 4025 1472 4094 χρησάμενος·
1489 4021 1558 4082 ἰθονς
1576 4020 1624 4090 γάρ
1638 4021 1709 4080 όντος
1731 4016 1840 4070 ἀνίεσθαι

234 4106 308 4165 αύτού
329 4106 373 4173 τὴν
389 4106 503 4172 ἔννοιαν,
518 4107 554 4178 ἐφ’
572 4102 608 4169 οίς
627 4107 708 4178 λέγει,
724 4107 827 4178 δι’ύμάς
848 4107 1012 4178 πολεμοθμκι.
1057 4108 1112 4162 τότε
1126 4106 1166 4159 διά
1179 4105 1221 4171 τὴν
1234 4103 1336 4176 ἑορτὴν,
1354 4103 1410 4157 εἶτα
1421 4101 1601 4174 ἐμύάλλισθαι,
1619 4098 1660 4152 διδ
1670 4100 1714 4152 τδν
1729 4099 1837 4169 δρασμόν

236 4184 354 4254 Ἐκήδετο
364 4191 407 4253 τῆς
422 4187 536 4254 πόλεως,
551 4186 606 4248 τούς
624 4187 775 4257 ἀρτιάζοντας
785 4187 882 4259 μάλλον
901 4187 933 4240 τίι
944 4188 1014 4240 κοινά
1057 4186 1165 4256 ἐνύδρισε
1176 4188 1228 4247 τοῖς
1238 4184 1381 4245 Διονυσίοις.

232 4265 410 4330 ήκλέπτοντας
431 4263 533 4336 ἀπῄτει,
553 4264 581 4317 ού
596 4265 652 4328 τοδς
665 4265 740 4338 όλίγα
756 4267 861 4338 ίχοντας
871 4267 913 4319 καί
930 4269 1012 4337 φειδο-
1096 4265 1325 4337 ’ίίξορχησάμινος]
1343 4263 1452 4333 Φυγδεν,
1472 4261 1585 4331 ἀποδράς
1600 4259 1630 4311 Β·
1641 4257 1716 4320 Ἐθῡί
1726 4253 1756 4323 ἦν
1772 4254 1836 4324 δῑίί·

233 4347 327 4414 μόνους.
1057 4350 1109 4408 τοῖς
1121 4345 1253 4412 ’λθηναίοις
1270 4342 1295 4395 ἐν
1308 4345 1360 4403 τοῖς
1377 4340 1509 4401 Διονυσίοις
1520 4338 1563 4390 καί
1576 4337 1601 4389 ἐν
1619 4337 1672 4396 τοῖς
1686 4333 1839 4399 Πεναθηναί·

269 4426 329 4488 613,
345 4442 389 4493 εγ.
407 4423 440 4476 Οί
461 4422 525 4494 παρά
548 4423 641 4486 τούτοις
661 4425 797 4496 κέκρινται]
812 4424 869 4477 Ἷνα
893 4422 925 4495 μὴ
950 4422 1014 4477 άντι-
1057 4445 1093 4487 οις
1115 4424 1170 4486 τοδς
1183 4424 1308 4493 δεσμώτας
1330 4420 1441 4490 ἀφίεσθαι
1456 4422 1501 4471 τού
1520 4418 1612 4486 δεσμού
1631 4413 1656 4467 ἰν
1671 4412 1771 4473 ἐκείναις
1784 4417 1838 4472 ταῖς

232 4505 309 4576 πίση,
331 4502 396 4557 Ἀλλ’
415 4502 437 4556 εἰ
461 4504 502 4556 καί
518 4501 637 4571 ἠδίκησαν
655 4503 758 4570 ἐλαθον,
775 4504 859 4574 ἐπάγει
881 4506 1010 4575 κίκρινται.
1056 4504 1155 4574 ἡμέραις
1170 4500 1341 4572 παρασχόντας
1363 4494 1552 4568 ἰγγυητάςπμδς
1572 4495 1601 4547 τό
1622 4490 1655 4563 μθ
1671 4493 1775 4562 φθτὶῖθν
1796 4490 1839 4541 ἵνα

231 4582 295 4635 Εἶτα
310 4583 392 4653 ίτερον
410 4581 571 4647 ἀντιπῖπτον,
585 4582 642 4634 ἀλλ’
658 4581 786 4654 ἐκρίθησαν
809 4583 867 4654 μέν,
880 4581 1012 4653 ἠφείθησαν
1057 4582 1098 4635 καί
1111 4581 1140 4634 τό
1156 4577 1248 4640 εύσεύές
1266 4578 1366 4648 γίνηται
1383 4576 1441 4645 πρδς
1455 4574 1483 4627 τ“ο
1499 4575 1565 4626 θεῖον
1577 4572 1618 4624 καὶ
1629 4569 1733 4641 ἀσφαλὲς
1740 4568 1839 4639 ύπόρχῃ

225 4664 269 4716 δά·
283 4662 327 4713 ἵνα
338 4659 372 4731 μη
387 4663 546 4732 συκοφαντεῖν
556 4662 671 4733 φαίνηται
681 4661 712 4714 τά
723 4666 765 4729 τῆς
777 4664 887 4733 κρίσεως,
903 4661 1012 4733 ἐπήγαγε
1056 4664 1109 4723 τοῖς
1124 4659 1331 4731 χρεωστουμίνοις
1348 4653 1382 4726 μὴ
1395 4656 1535 4724 φευγόντων
1547 4655 1595 4703 τῶν
1607 4652 1755 4719 δεσμωτῶν,
1770 4643 1838 4698 ἀλλά

232 4737 276 4809 ἷήν
291 4741 377 4805 λύσιν,
396 4738 432 4795 ὧν
447 4741 470 4795 οί
486 4741 528 4814 μίν
543 4743 654 4796 τεθνᾶσιν
671 4739 706 4812 ἐφ’
726 4739 763 4803 οἷς
776 4740 884 4807 ἠδίκουν.
931 4739 1010 4807 Εἶτα,
1058 4737 1119 4810 μετὰ
1138 4737 1180 4797 τίς
1197 4735 1288 4807 θθίίαί
1302 4737 1344 4800 τῆς
1366 4732 1450 4803 ἑορτῆς
1463 4731 1536 4784 πᾶλῑθ
1551 4726 1743 4799 ίμὸῑθίῡμίίωί
1762 4722 1839 4818 ίῖςῖξ

230 4822 313 4887 ἐπειδή
327 4841 389 4884 τινες
403 4822 444 4875 καί
457 4822 678 4892 συκοφαντούμενοι
692 4820 835 4887 θνήσκουσιν
851 4820 955 4886 ἀδίκως,
971 4822 1012 4873 αδ·
1056 4815 1232 4886 δεσμωτήριον.
1281 4814 1352 4883 Λίγει
1371 4806 1415 4863 οὖν
1432 4812 1471 4863 ότι
1483 4809 1508 4862 ἓν
1523 4807 1624 4868 {alme
1637 4808 1691 4868 ταῖς
1703 4803 1803 4875 ἧμθρῑῑς
1823 4822 1839 4855 ⁰

232 4903 286 4962 τούς
297 4900 388 4955 ίαυτῶν
408 4901 506 4968 ἐποίησε
518 4904 746 4973 καταγινώσκοντες
760 4907 794 4973 τῷ
811 4903 954 4972 πεφευγέναι
967 4900 1012 4967 τὴν
1056 4893 1135 4966 πατὴρ
1157 4898 1201 4947 τοῦ
1226 4892 1395 4963 Ἀνδροτίωνος
1407 4891 1440 4952 ὡς
1458 4889 1542 4942 ἅῦῑῑαθ
1557 4887 1623 4957 ἔχων
1641 4884 1668 4939 3²
1682 4888 1727 4937 ¹05
1746 4885 1838 4953 &⁰⁹0³

229 4982 317 5053 χρίειν,
1057 4975 1154 5046 άπίδρκ.
1206 4975 1240 5026 Tb
1260 4974 1282 5024 δ’
1301 4971 1494 5042 ἰξορχησάμενος
1512 4970 1546 5030 ιὐς
1563 4968 1622 5038 πφδς
1637 4963 1682 5032 τὴν
1702 4962 1837 5034 πανήγυρίν

266 5060 328 5123 613,
343 5074 387 5129 29.
406 5058 571 5129 Ἐξητάσθης]
590 5056 704 5127 Ἰἰφάνης
719 5058 748 5109 Ρ.
1057 5052 1165 5117 ἔπαιξεν,
1180 5051 1307 5120 ἐπειδήπερ
1325 5049 1350 5103 ἐν
1366 5052 1420 5111 ταῖς
1437 5048 1531 5119 ἑορταῖς
1544 5046 1599 5106 ίθσς
1616 5042 1681 5097 ἐστὶν
1692 5041 1836 5112 ὀρχεῖσθαι,

265 5142 327 5203 διίς,
351 5152 374 5192 r.
390 5138 472 5200 θθτως
488 5141 523 5190 ὢν
541 5138 627 5208 θρασύς
645 5137 687 5190 καί
704 5135 785 5206 λέγειν
805 5135 901 5207 δεινδς]
923 5133 1011 5206 Ἑτέρα
1056 5133 1110 5186 ἀντί
1129 5137 1173 5185 τοῖν
1195 5130 1337 5202 προσίπαιξε
1354 5133 1385 5200 τῇ
1405 5129 1539 5198 πανηγύρει
1553 5125 1595 5179 καί
1612 5123 1703 5194 χλεύης
1725 5116 1838 5191 ἀφορμὴν

229 5218 364 5281 λυποῦντος
383 5219 518 5289 διόρθωσις.
557 5216 612 5271 Ἵνα
633 5215 667 5288 μὴ
690 5214 821 5291 ἀντιπέσῃ,
842 5214 899 5267 ἀλλ’
919 5213 1009 5267 ἐκεῖνοι
1055 5213 1144 5280 ταύτην
1168 5211 1316 5277 ἐποιήσατο,
1334 5209 1377 5261 ίνα
1398 5209 1439 5262 καὶ
1454 5207 1530 5281 ἀοιδή
1543 5204 1616 5259 αύτδν
1632 5202 1708 5276 δείξῃ.
1724 5203 1781 5255 ΑΒ.

1935 5771 1965 5930 .
