3967 5967
820 455 1072 516 FRAGMENTA.
1688 461 1743 513 325

148 590 225 650 mm,
237 579 362 653 ejusdem
379 580 491 638 Mentire
509 579 599 637 lilium
621 580 763 655 spurium,
776 579 828 635 sed
840 598 924 653 quem
967 573 1131 646 «δικασταί,
1148 574 1210 649 μηδ’
1229 573 1273 653 ὑφ’
1286 573 1341 642 ἐνὸς
1352 573 1498 632 ἀδικεῖσθαι
1516 575 1567 631 τῶν
1580 575 1747 644 πολιτῶν,εἰ

147 677 230 741 pater
247 667 334 740 paulo
356 678 420 722 ente
441 678 562 723 mortem
584 686 662 723 snam
686 666 865 739 adoptasset,
888 664 924 719 de
967 690 979 714 ι
995 661 1023 722 δὲ
1036 661 1226 740 peristomium
1246 660 1384 720 ἀντιδίκοιν
1405 669 1510 740 τυχεῖν,
1525 661 1589 738 πρὸς
1602 659 1645 725 οῦς
1660 659 1690 718 dr
1705 663 1749 719 οὐ·

149 756 265 809 nomine
283 756 357 810 inter
378 772 408 810 se
428 754 576 830 litigarisse
597 774 605 810 z
627 766 748 827 uterque
770 753 844 808 enim
871 751 924 806 sibi
968 749 1036 808 «δθν
1060 749 1205 830 θρρόντιζον
1229 749 1420 828 διαφερόμενος.
1463 751 1518 808 Νῦν
1537 747 1566 806 δι’
1581 772 1627 825 μοι
1640 747 1746 807 πάντων

150 841 925 899 nomenManlitheumessecontendebatlluThoricios
969 834 1159 915 «πραγμάτων
1181 836 1362 916 λυπηρότατον
1393 835 1579 913 συμῦίάηκεν·
1607 838 1748 911 ἀδικοῦμαι

149 929 303 984 decernere
320 932 473 1003 oportuisse
489 942 582 1004 potet,
602 942 667 986 nter
687 930 856 986 Mantitheus
873 928 923 982 ha·
969 922 1047 1002 «γάρ
1067 922 1120 981 ὑπὸ
1140 925 1192 981 τῶν
1210 925 1344 1000 δημοτῶν,
1359 923 1402 990 οῦς
1417 933 1539 1002 περιορᾷν
1565 921 1612 999 μὲν
1633 926 1750 982 ἀποστι-

149 1017 262 1073 bendus
275 1030 354 1076 esset.
371 1019 476 1075 Contre
489 1019 566 1074 hunc
588 1016 720 1074 Boeotum
740 1018 801 1073 lsaei
820 1016 926 1071 oratio·
969 1038 982 1064 ι
999 1015 1105 1089 ροῦντας
1126 1012 1154 1068 οὐ
1180 1010 1279 1092 ῥηίδιον,
1296 1011 1455 1091 ἀπέχθεσθαι
1471 1010 1498 1068 ll
1521 1009 1616 1081 ἀηδές,
1641 1010 1697 1085 μεθ’
1710 1002 1747 1069 ὧν

150 1123 216 1159 nem
236 1106 367 1178 scriptam
390 1106 472 1161 luisse
493 1107 526 1163 G.
550 1107 698 1179 Droysenii
711 1104 871 1176 conjectura
887 1114 928 1158 est
970 1123 981 1148 ο
998 1099 1098 1178 ἀνάγκη
1113 1099 1170 1177 [καὶ
1186 1100 1264 1172 θύειν]
1284 1099 1328 1159 καὶ
1348 1097 1483 1166 συνουσίας
1503 1096 1591 1165 κοινάς
1609 1103 1748 1158 ποιεῖσθαι.

153 1177 205 1260 lde
219 1191 274 1245 litis
281 1193 406 1249 instrum.
416 1194 445 1246 in
456 1194 600 1250 Demosth.
613 1211 656 1248 or.
669 1191 705 1247 de
715 1211 775 1247 cor.
788 1211 817 1265 p.
843 1186 927 1266 140),
972 1187 1066 1265 «Πρὸς
1081 1187 1128 1265 μὲν
1142 1177 1185 1245 οῦν
1198 1189 1309 1252 πολλοὺς
1317 1186 1432 1265 χαλεπὸν
1448 1188 1601 1244 ἀντιδικεῖν·
1615 1186 1684 1263 μέγα
1697 1183 1749 1262 γάρ

150 1294 211 1331 non
232 1278 425 1350 improbabilis
443 1279 507 1348 illa,
533 1298 598 1334 com
622 1281 750 1334 Boeotum
778 1289 927 1350 antequem
970 1301 983 1328 ι
997 1276 1074 1354 μέρος
1088 1274 1268 1349 συμῦάλλεται
1283 1275 1313 1334 τὸ
1323 1277 1420 1345 πλῆθος
1439 1277 1525 1339 αὐτοῖς
1541 1273 1604 1351 πρδς
1619 1272 1649 1330 eb
1665 1274 1749 1378 boecii

153 1362 303 1437 adoptatus
320 1377 389 1420 esset
408 1367 438 1420 in
455 1366 532 1421 tribu
546 1365 773 1441 Hippolhontide
793 1366 875 1422 finisse
893 1385 928 1423 ex
971 1388 984 1416 ι
1000 1363 1085 1432 ἀληθῆ
1098 1363 1204 1439 λέγειν·
1222 1360 1293 1439 δμοις
1314 1362 1342 1422 δὲ
1357 1360 1443 1420 διὰτὸ
1466 1360 1598 1418 πιστεύειν
1615 1367 1668 1425 τοῖς
1681 1380 1750 1439 προι·

156 1470 203 1509 0r.
225 1454 306 1507 Dein.
334 1451 371 1527 39
392 1458 408 1522 §
430 1453 478 1508 οδ.
501 1450 538 1508 25
559 1455 753 1528 intelligamus.
774 1459 812 1510 At
831 1455 854 1508 si
873 1454 928 1508 boe
972 1452 1204 1530 τγμασι,πολλῶν
1219 1450 1318 1527 μοικαί
1333 1449 1463 1509 δυσκόλων
1475 1447 1689 1525 συμπιπτόντων,
1702 1449 1750 1526 οθχ

153 1554 252 1592 verum
276 1549 330 1608 est,
353 1542 505 1612 quominus
517 1540 590 1595 hane
610 1542 768 1596 orationem
787 1542 847 1597 Isaei
871 1559 929 1597 esse
972 1538 1118 1614 «ἡγοίμην
1129 1540 1181 1596 δεῖν
1196 1542 1355 1608 κατοκνῆσαι
1369 1539 1405 1596 δι’
1417 1539 1490 1611 ὑμῶν
1500 1541 1639 1615 πειρᾶσθαι
1653 1537 1751 1612 τυγχά·

154 1625 301 1680 credamus
321 1635 448 1700 tempore
472 1627 595 1685 obstant.
614 1659 654 1669 -
670 1630 713 1683 De
732 1647 820 1683 causae
843 1628 929 1701 ipsius

154 1712 312 1768 rationibus
326 1711 362 1771 cl.
378 1715 556 1774 Schoemann.
573 1715 609 1772 de
620 1717 661 1774 lit.
678 1726 729 1774 alt.
742 1735 774 1791 p.
791 1714 847 1791 769
860 1733 904 1789 sq.
916 1737 928 1764 ι

153 1796 300 1860 Stoenos.

522 1889 568 1947 ιδ.

195 1983 386 2057 Harpocralio
409 2003 416 2040 ι
443 1983 639 2061 Κειριάδης·
656 1982 752 2050 Ἰσαῖος
772 1986 846 2062 ἐντῇ
868 1983 930 2063 πρὸς

156 2065 268 2124 Βοιοιτδν
282 2070 311 2126 ἐκ
330 2069 449 2146 δημοτῶν
471 2068 564 2151 ἐφέσει.
606 2069 670 2130 Ὅτι
692 2071 830 2150 Κειριάδαι
850 2070 931 2148 δῆμός

157 2154 211 2210 ἔστι
227 2157 273 2225 τῆς
283 2153 513 2229 Ἱπποθοωντίδος,
528 2157 616 2238 εἴρηκε
635 2157 764 2238 Διόδωρος
779 2161 805 2218 ίν
820 2162 858 2242 τῷ
871 2160 931 2240 περὶ

156 2263 208 2298 των
221 2242 321 2320 δήμοιο.

523 2340 569 2401 ιθ.

195 2425 274 2482 idem
290 2446 299 2483 ι
315 2424 420 2497 Λῆξις
434 2427 465 2487 τὸ
478 2427 618 2505 ἔγκλημα,
639 2429 696 2489 καθ’
707 2427 736 2487 δν
755 2430 832 2508 λόγον
846 2431 931 2512 popli

157 2512 201 2572 καί
221 2513 313 2590 λαχεῖν
327 2513 418 2589 δίκην·
429 2515 526 2584 Ἰσαῖος
541 2519 567 2575 ἐν
579 2541 612 2597 τη
627 2517 691 2597 πρδς
705 2518 818 2578 Βοιωτὸν
835 2521 929 2600 ἐρίσει.

188 2667 250 2726 Vll.
272 2668 374 2727 ΠΡΟΣ
392 2669 694 2815 ΤΟΥξΩῗΙΙέίῙῼΤΛΣ
717 2672 805 2730 ΠΕΡΙ
826 2673 902 2731 ΤΟΥ

197 2875 283 2946 Quod
304 2878 431 2949 seqnitur
451 2879 640 2952 fragmentum
664 2905 676 2930 κ
698 2882 869 2955 prooemium
894 2893 934 2938 est

159 2964 308 3032 orationis,
329 2981 383 3035 qua
405 2966 468 3039 quis
490 2964 626 3035 fundum,
642 2985 726 3039 quem
739 2986 792 3042 pro
815 2970 933 3043 pignore

972 1652 985 1678 α
999 1628 1109 1684 νειντιῦν
1119 1624 1234 1683 δικαίων.
1247 1624 1347 1701 Δίομαι
1359 1616 1402 1682 οῦν
1416 1626 1488 1700 ὑμῶν
1500 1621 1657 1701 συγγνώμην
1667 1622 1749 1700 ἔχειν,

973 1738 988 1767 e
1001 1716 1023 1772 εί
1033 1713 1079 1772 καὶ
1090 1712 1211 1793 νεώτερος
1220 1711 1256 1771 ὧν
1265 1712 1350 1790 λέγειν
1362 1712 1404 1771 ἐπὶ
1412 1711 1578 1791 δικαστηρίου
1588 1711 1749 1786 τετόλμηκα·

974 1799 1043 1859 «til
1065 1799 1117 1879 γάρ
1144 1801 1202 1866 τοὺς
1222 1802 1377 1867 ἀδικοῦντας
1404 1801 1586 1877 ἀναγκάζομαι
1612 1803 1686 1876 παρὰ
1708 1802 1752 1859 τὸν

974 1891 1114 1965 «ἐμαυτοῦ
1129 1886 1224 1967 τρόπον
1238 1888 1353 1948 τοιοῦτόν
1365 1911 1390 1946 τι
1409 1895 1502 1947 ποιεῖν.
1541 1886 1711 1966 Πειράσυμαι
1728 1888 1752 1946 δ’

974 2003 987 2029 ι
1002 1979 1062 2052 ὑμῖν
1075 1975 1103 2044 ἐξ
1116 1978 1198 2056 ἀρχῆς
1211 1978 1246 2040 ὡς
1256 1975 1287 2035 δν
1306 1976 1418 2052 δυ’ναμαι
1430 1975 1473 2035 διδ
1486 1976 1658 2055 βραχυτάτων
1671 1978 1753 2036 εἰπεῖν

974 2064 1059 2143 «περὶ
1069 2070 1115 2123 τοῦ
1129 2064 1290 2141 πράγματος.
1303 2090 1315 2117 ι
1326 2065 1370 2126 Cf.
1386 2086 1417 2140 p.
1432 2063 1501 2134 605,
1527 2085 1572 2122 io.

1014 2155 1208 2214 Narrationem
1229 2154 1386 2210 admodum
1399 2154 1555 2228 simplicem
1578 2154 1662 2209 luisse
1676 2154 1753 2210 idem

975 2244 1125 2317 Dionysius
1137 2243 1224 2299 tradit
1236 2229 1267 2316 p.
1284 2241 1358 2315 612,
1379 2261 1405 2299 1.
1421 2241 1463 2300 Cf.
1479 2241 1551 2298 infra
1565 2242 1625 2297 lsaei
1639 2241 1692 2317 lrg.
1706 2262 1751 2301 or.

975 2332 1051 2390 xlv.

1343 2411 1389 2469 16.

1015 2499 1203 2572 Harpocralio
1223 2517 1230 2551 ι
1254 2496 1386 2576 Σρηττάς·
1398 2495 1496 2563 Ἰσαῖος
1506 2497 1532 2555 ἰν
1546 2497 1584 2576 τῷ
1596 2483 1659 2573 πρὸς
1671 2494 1754 2573 δημά·

975 2604 1023 2649 τας
1034 2582 1093 2660 περὶ
1110 2582 1221 2663 χοιρίον.
1232 2583 1352 2664 Σφηττθς
1361 2585 1445 2660 δῆμος
1457 2587 1504 2655 τῆς
1514 2583 1711 2659 Ἀκαμαντίδος.

1049 2707 1127 2765 vill.
1152 2709 1253 2772 llll
1276 2709 1496 2768 ΔΙΟΚΛΕΟΥΣ
1519 2708 1681 2768 ΥΒΡΕΩΣ.

1018 2839 1030 2864 ι
1044 2813 1156 2868 Diocles
1170 2811 1334 2887 Phlyensis,
1348 2815 1516 2890 cognomine
1528 2815 1653 2883 Orestes,
1667 2817 1755 2872 homo

977 2919 1094 2968 avarus,
1112 2909 1234 2968 astutus,
1248 2899 1407 2971 violentus,
1424 2902 1598 2958 brinorosus
1610 2902 1679 2959 fuit:
1692 2903 1756 2977 Ejus

977 2996 1067 3040 mater
1084 2984 1157 3040 duos
1169 2986 1286 3040 maritos
1299 2987 1445 3046 habuerat.
1461 2991 1501 3043 Ex
1516 2989 1614 3061 priore
1628 2991 1757 3045 Dioclem

158 3065 176 3102 a
190 3046 310 3104 demotis
324 3049 425 3121 injuria
442 3051 562 3108 detineri
577 3057 771 3127 conqueritur,
784 3055 866 3110 reddi
880 3058 933 3111 sibi
977 3084 1141 3149 pepererat,
1162 3092 1195 3130 ex
1207 3076 1366 3147 posteriore
1381 3087 1437 3131 tm
1457 3075 1528 3132 ἧμας,
1538 3078 1546 3150 γ
1556 3075 1615 3132 lsaei
1630 3077 1675 3151 35
1689 3084 1725 3142 ρο
1735 3078 1756 3153 )ο

159 3136 292 3206 P⁰⁵l¹¹¹³b
315 3137 376 3207 Q¹¹³
399 3136 436 3192 (Ῑθ
458 3157 540 3194 calm
564 3152 657 3195 aulssffl
681 3143 721 3196 llll
744 3141 863 3197 fundum
881 3144 934 3198 Sibi
978 3162 1083 3216 Vitrioo
1097 3172 1212 3217 mortuo
1233 3163 1363 3230 Diocles,
1380 3181 1544 3237 quanquam
1564 3163 1613 3220 ille
1631 3166 1701 3218 nihil
1715 3176 1757 3220 te-

160 3222 314 3297 ⁰b¹lti³t¹¹¹¹¹
332 3225 544 3298 εοῃῑθῃᾶθιὶίῐῄι
563 3229 609 3284 θίθ
633 3232 792 3305 'legaverit'
814 3232 934 3304 Pissl)iCi
978 3249 1244 3321 stomenlojusscrat
1252 3249 1450 3325 nequejubere
1458 3264 1591 3327 potuerat
1600 3255 1646 3316 les.
1658 3255 1756 3310 Schm-

159 3309 258 3364 exhor
273 3311 429 3384 fragmento
441 3332 499 3367 non
513 3325 614 3388 potest.
626 3318 753 3373 Fortasse
766 3328 846 3372 actor
856 3337 935 3391 prae-

159 3393 205 3450 dia
221 3395 296 3451 demi
307 3397 501 3455 conduxerat:
516 3401 553 3461 ef.
567 3403 683 3458 Boeckh.
698 3404 733 3460 de
747 3423 839 3464 oecon.
853 3406 933 3480 publ.

160 3483 225 3541 Ath.
242 3502 269 3554 n,
280 3503 311 3558 p.
329 3483 396 3557 337.
410 3513 422 3537 ι
437 3488 615 3546 &ninnium

525 3585 571 3646 15.

198 3667 349 3740 Dionysius
363 3670 425 3728 Hel.
441 3682 462 3730 l.
480 3675 513 3744 V,
536 3692 565 3747 p.
580 3673 637 3730 603
656 3675 693 3731 R.
712 3694 719 3731 ε
735 3672 771 3733 Ὁ
793 3671 820 3730 δὲ
841 3671 936 3740 Ἰσαῖος

159 3751 187 3806 ἔν
201 3751 396 3830 άμρισῦητήσει
412 3755 510 3836 χοιρίον
530 3763 576 3815 τοῦ
590 3758 639 3816 ὑπὸ
654 3762 706 3817 τῶν
719 3761 837 3836 δημοτῶν
858 3783 936 3817 κατε·

160 3838 311 3914 οχημένου,
325 3831 362 3906 οἷς
383 3840 413 3899 τὸ
431 3843 527 3921 χοιρίον
542 3844 677 3916 ὑπέκειτο,
695 3848 778 3926 ταύτῃ
798 3845 935 3958 χρώμενον

162 3925 304 4004 τίσάγειτῇ
317 3930 402 4008 ἀρχῇ·
415 3955 428 3982 ι
442 3931 567 3991 Μάλιστα
583 3933 630 4010 μὲν
642 3934 798 4012 leonillam,
811 3960 833 3993 ω
845 3935 935 4013 ἄνδρες

161 4039 553 4065 ’.·-----.

245 4092 290 4141 v1.
305 4094 466 4145 ADVERSUS
482 4098 621 4149 BOEOTUM
636 4101 847 4150 provocante.
881 4064 885 4070 ·

531 4202 567 4247 1³.

190 4276 327 4340 Κειριάδης,
343 4281 419 4329 lenus
435 4282 551 4332 adversus
571 4285 680 4333 Bnotum
701 4286 725 4334 in
743 4285 935 4346 provocationes

161 4347 322 4405 popularibus.
344 4349 450 4399 eirlsdes
468 4363 554 4412 pagum
571 4366 622 4402 esse
642 4354 850 4417 Hippolboonlidis
862 4355 936 4405 tribus

160 4415 276 4464 Diodorus
289 4416 359 4468 uixit.

530 4494 568 4540 ll.
598 4525 601 4532 ι

191 4573 259 4628 llere
268 4608 275 4626 .
285 4575 400 4634 crimen,
413 4576 615 4636 quemadmodum
627 4580 698 4628 eliam
707 4581 786 4643 λαχεῖν
802 4582 868 4639 δίκην
879 4620 886 4644 ,
904 4585 935 4633 ll·

161 4641 217 4759 :gp
221 4642 365 4704 intendere,
381 4643 491 4693 dicimus.
526 4648 600 4694 Ιειιιιιι
610 4647 633 4695 in
646 4651 813 4711 provocatione
822 4654 937 4703 adversus

218 4716 278 4760 tum.

246 4815 303 4862 vti.
318 4817 478 4867 ADVERSUS
494 4819 671 4871 rorutlnrs
683 4825 725 4873 DE
737 4828 850 4877 FUNDO.

191 4983 267 5031 lenus
283 4983 308 5032 in
325 4987 486 5036 controversie
499 4990 657 5051 superfundo
671 5006 685 5041 e
700 4997 853 5057 populeribus
864 5015 937 5051 occu·

161 5055 231 5113 pilo,
252 5053 294 5114 qul
312 5054 401 5115 pignori
422 5058 548 5119 oppositus
561 5062 630 5120 erat,
654 5063 699 5113 boe
718 5071 823 5119 ulenlem
848 5072 938 5124 inducit

160 5122 277 5171 exordio:
290 5141 302 5166 ι
313 5127 416 5176 Μικίνου
429 5126 527 5188 quidem
541 5129 684 5192 voluissem,
697 5134 790 5194 judices
799 5175 806 5199 ,
816 5153 831 5188 a
843 5145 938 5194 nemine

161 5205 200 5242 rue
216 5193 308 5242 sirium
327 5194 413 5256 iniuria
425 5197 488 5247 illici
499 5234 507 5261 ,
519 5201 561 5249 out
571 5200 657 5252 sellem
667 5203 691 5253 in
706 5205 765 5256 tiles
779 5210 881 5263 incidere
894 5214 937 5264 ιθ·

979 3354 1074 3392 ιιιιιιιιι.
1092 3335 1128 3390 ad
1141 3336 1237 3392 lsaeum
1257 3356 1289 3410 p.
1306 3337 1399 3412 399),
1410 3357 1440 3397 se
1453 3341 1513 3414 ipse
1529 3339 1619 3396 filium
1639 3342 1772 3397 instituio

979 3413 1094 3488 ejusque
1123 3415 1200 3470 bona
1230 3419 1390 3490 occupavit.
1419 3420 1555 3475 Sororum
1581 3422 1756 3476 olorinorum

979 3501 1042 3556 duae
1055 3512 1210 3575 nupserant
1229 3499 1306 3579 (lsaei
1319 3503 1336 3558 8
1349 3503 1367 3578 S
1382 3504 1449 3580 li),
1463 3517 1530 3561 nolu
1543 3506 1637 3578 major
1650 3509 1695 3573 ei,
1709 3510 1756 3561 cui

979 3589 1063 3646 lseeus
1071 3589 1146 3645 hanc
1154 3593 1312 3647 orationem
1322 3610 1383 3665 quae
1393 3591 1511 3650 estiterit
1524 3594 1662 3658 Διοκλέους
1671 3597 1758 3669 scrip-

979 3677 1029 3742 sit,
1044 3677 1140 3731 minor
1152 3679 1316 3752 Lysimenl,
1337 3681 1417 3753 cujus
1437 3679 1496 3737 lilio
1511 3684 1661 3740 lllcnecrati
1677 3685 1759 3741 lsaeus

980 3764 1138 3820 orationem
1158 3783 1220 3839 quae
1235 3777 1275 3821 est
1286 3762 1350 3841 πρδς
1361 3766 1473 3824 Διοκλέα
1489 3767 1549 3846 περί
1566 3768 1663 3848 χοιρίον
1678 3791 1757 3826 eom·

979 3853 1083 3924 posuit.
1107 3854 1174 3924 Quae
1189 3873 1252 3909 curn
1273 3853 1410 3932 ἕπίκληροι
1431 3868 1534 3926 essent,
1554 3877 1649 3914 curum
1663 3861 1757 3915 mariti

980 3937 1057 3993 bona
1070 3955 1087 3993 a
1099 3941 1200 3995 Diocle
1210 3951 1348 4014 occupata
1359 3945 1559 4017 repetiverunt.
1574 3943 1630 4001 Sed
1646 3947 1758 4003 Diocles

980 4102 1110 4160 versorios,
1121 4104 1263 4162 quibuscum
1272 4093 1329 4153 nihil
1338 4105 1396 4153 milii
1408 4111 1611 4157 εκιιιιιιιυιιειιεεενΙ
1623 4111 1692 4159 llune
1702 4124 1759 4160 vero

978 4170 1065 4217 occidit
1077 4172 1134 4219 lllllll
1147 4186 1183 4221 res
1197 4174 1305 4222 omnium
1320 4175 1497 4225 molestissime.
1510 4177 1606 4226 illicior
1616 4180 1679 4228 enlm
1697 4180 1760 4240 inju-

981 4238 1040 4287 rios
1053 4240 1199 4302 tribulibus,
1211 4256 1281 4304 quos,
1291 4249 1319 4292 ul
1330 4244 1427 4308 impune
1438 4250 1463 4296 te
1471 4247 1624 4306 delentem,
1639 4249 1699 4300 terre
1711 4262 1759 4300 non

979 4316 1016 4361 est
1026 4313 1093 4363 lenite
1104 4330 1109 4362 :
1123 4320 1292 4377 permolestum
1301 4323 1391 4379 aulem,
1404 4323 1430 4369 ul
1440 4321 1495 4370 odio
1508 4325 1532 4370 le
1542 4323 1652 4383 habeant,
1662 4324 1758 4385 quibus·

980 4396 1038 4431 eum
1055 4397 1122 4433 εαοιε
1138 4391 1320 4449 conventusque
1335 4389 1454 4441 celebrare
1470 4405 1568 4441 neeesse
1584 4396 1629 4445 est.
1650 4396 1684 4444 ld
1706 4395 1759 4444 liaeo

980 4467 1036 4503 eum
1050 4456 1134 4504 mullis
1146 4456 1235 4517 litigare
1245 4459 1344 4506 noxium
1354 4463 1392 4509 est
1403 4474 1409 4507 :
1423 4474 1478 4510 ιιιιιιι
1489 4464 1618 4512 mullitudo
1629 4465 1759 4526 plurimum

980 4524 1071 4574 conlerl
1085 4528 1113 4574 ul
1123 4538 1178 4587 qum
1190 4527 1221 4575 ab
1232 4540 1259 4575 en
1274 4527 1391 4587 dicentur,
1406 4544 1460 4579 rem
1479 4545 1531 4582 esse
1547 4534 1682 4583 rideantur.
1695 4536 1758 4594 Quin

980 4596 1060 4642 minen
1070 4594 1126 4655 ipsis
1137 4594 1185 4642 fido
1195 4597 1273 4657 rebus,
1283 4599 1355 4645 elium
1366 4599 1447 4648 mullis
1458 4600 1603 4650 dilllclllimls
1612 4617 1758 4654 mneiirren·

981 4663 1055 4720 tibus,
1065 4675 1111 4712 uon
1122 4664 1256 4713 existimavi
1266 4668 1372 4716 erinclori
1383 4671 1551 4729 amitteteret
1561 4672 1658 4721 omnino
1667 4675 1758 4732 conari.

981 4739 1008 4782 ul
1017 4747 1058 4794 per
1071 4745 1112 4781 vos
1122 4734 1161 4794 jus
1173 4748 1253 4784 meum
1264 4738 1391 4787 uliliueam.
1407 4742 1545 4801 linqueres
1559 4755 1616 4804 rogo
1628 4746 1654 4792 ul
1664 4745 1757 4794 venium

981 4804 1040 4853 milii
1063 4805 1136 4866 detis,
1154 4806 1218 4866 quod
1238 4808 1262 4856 in
1276 4809 1319 4856 liae
1336 4811 1432 4857 eelelule
1450 4811 1523 4859 verbe
1540 4813 1616 4862 lacere
1635 4815 1758 4875 injudicio

981 4872 1026 4921 sim
1040 4885 1119 4923 nosos.
1153 4877 1196 4923 Per
1208 4889 1249 4924 eos
1260 4878 1324 4925 enim
1333 4879 1375 4938 qni
1387 4891 1425 4928 ine
1441 4879 1658 4941 inluminatum,
1672 4889 1759 4944 proter

981 4956 1074 4993 morem
1087 4958 1175 4997 meum.
1191 4946 1214 4994 id
1231 4947 1308 4997 locere
1328 4961 1406 5009 cogor.
1419 4950 1529 5000 conabor
1546 4953 1671 5013 equidem,
1685 4965 1759 5014 quem

982 5014 1269 5077 persecutorumque
1280 5031 1306 5066 re
1317 5021 1365 5067 tole
1376 5019 1407 5066 ab
1420 5018 1487 5067 initio
1497 5020 1565 5070 robis
1575 5034 1703 5084 exponere.
1717 5040 1730 5064 ν

1353 5094 1389 5138 lo.

1014 5151 1152 5214 sphetim,
1167 5156 1331 5208 Acumenlidis
1342 5159 1419 5209 tribus
1432 5173 1514 5222 pegus.
1530 5162 1604 5211 lenus
1617 5161 1640 5209 iu
1649 5160 1760 5210 melione

983 5227 1065 5270 eontra
1077 5223 1202 5285 populures
1212 5224 1242 5275 de
1255 5225 1337 5275 luneio.
