3967 5967
236 440 293 493 οι
449 409 451 412 ⁴
774 431 913 497 κιονιικ
935 433 1000 493 ονε
1020 432 1299 497 οιιιιοτοοινιο.

233 561 331 624 δικαίως
342 560 367 616 ίν
382 566 467 636 καιρῷ.
505 561 641 633 Πληροίσας
654 560 680 616 δέ
693 559 737 627 τὴν
752 564 850 632 πρώτην
865 560 1014 629 κατασκευὴν
1034 598 1041 644 γ
1059 568 1126 617 νικοῦ
1142 565 1212 626 ὄντος
1235 568 1279 618 τοῦ
1295 562 1391 633 λόγου,
1406 559 1474 624 τάξαι
1487 560 1613 632 διήγησιν.
1632 562 1737 618 A‘mv.
1755 562 1792 618 Το
1814 560 1848 619 δδ

234 639 388 695 ίπιουνάπτει
402 642 443 696 καλ
459 640 504 709 τήν
519 642 688 712 δευτέραν,δι’
700 635 729 708 ής
745 645 776 713 τῇ
788 644 917 715 κρινομένη
927 642 1015 697 ίνποθί·
1060 640 1147 697 ἔλαθεν
1169 642 1225 696 άντί
1246 647 1290 697 τοῦ
1315 640 1429 708 ἰσόλησε.
1466 640 1576 712 Διαφέρει
1599 640 1626 696 δέ
1643 640 1660 709 η
1679 642 1780 714 τριήρης
1797 652 1845 698 τοῦ

233 738 271 772 σει
284 719 300 786 ἢ
313 719 414 774 ίπιοῦσα
432 724 589 775 συνάπτεται·
603 721 711 793 κρίνεται
725 720 769 793 μέν
781 720 829 792 γδρ
845 721 861 789 η
875 726 919 774 τοῦ
937 723 1015 794 νόμον
1058 722 1161 788 πλοίου,
1172 722 1263 796 τῷτὴν
1278 722 1321 794 μέν
1341 718 1406 775 εἶναι
1420 721 1560 793 πολεμίαν,
1572 723 1603 776 τδ
1617 722 1645 776 δέ
1663 722 1788 794 φορτηγδν
1800 724 1847 777 καὶ

233 799 276 852 καί
288 803 450 871 προηγεῖται,
465 800 618 872 έπεισάγεται
630 800 685 867 δίη
702 808 751 855 τῶν
764 802 898 872 πρίσόεων,
934 802 1014 868 διπλῆ
1059 801 1203 873 έμπορικόν.
1218 803 1349 859 mcv,
1366 799 1609 872 Ἀπτχειροτονήσατε
1625 802 1653 857 δέ
1667 801 1723 855 ἀντί
1735 806 1779 857 τοῦ
1796 821 1845 856 κα·

234 873 278 931 οδν
292 878 308 947 ἡ
321 881 503 951 προκατασκευὴ
513 920 521 947 ,
533 882 575 935 άτε
588 880 618 948 δή
633 883 675 935 καί
685 882 772 948 διπλῆς
785 880 858 948 οὔσης
869 885 912 947 τῆς
928 882 1016 937 θποθί·
1057 881 1227 952 τεψηφίσασθε.
1241 881 1347 937 ATCV.

234 975 305 1020 σεως.
342 956 407 1011 Είτα
420 958 505 1030 ίπάγει
518 979 543 1013 τι
556 962 798 1031 προκαταστατικδν,
811 960 836 1015 έν
852 957 874 1033 ᾧ
889 959 1014 1033 ίπαγγίλ·
1095 961 1156 1028 703,
1169 962 1214 1016 2⁵.
1225 961 1287 1021 Τοδς
1297 959 1387 1030 νόμους
1395 956 1505 1029 άνόγνω]
1519 957 1581 1021 Τοδς
1590 958 1735 1022 κελεύοντας
1747 958 1778 1013 τά
1792 964 1846 1015 τῶν

234 1035 305 1090 λεται
318 1037 400 1104 θήσειν
410 1036 455 1104 τήν
465 1041 712 1094 κατάστασιν.Τοίί.
1058 1038 1183 1109 πολεμίων
1198 1039 1315 1111 χρήματα
1327 1041 1372 1104 τῆς
1383 1036 1479 1099 πόλεως
1496 1035 1571 1092 εἶναι.
1587 1039 1645 1091 RY.

271 1133 333 1185 7ου,
354 1134 395 1174 ευ.
415 1116 565 1185 Ἦδικηκότα
577 1119 656 1171 πᾶσαν
669 1114 714 1182 τὴν
732 1116 822 1188 πόλιν]
839 1114 870 1169 Ἦ
883 1114 932 1188 γάρ
945 1116 1016 1179 πόλις
1095 1120 1158 1187 703,
1170 1122 1216 1172 28.
1235 1117 1399 1185 λναπηδήσας
1413 1115 1573 1188 Ἀνδροτίων]
1585 1116 1719 1171 Δαόάλλει
1730 1117 1774 1171 τδν
1785 1119 1845 1188 τρό-

234 1193 358 1267 ίλάμδανε
376 1197 405 1251 τδ
417 1197 518 1250 διπλοῦν
530 1236 537 1260 ,
550 1196 566 1263 ή
578 1197 605 1250 δέ
620 1195 708 1264 Ἀθηνᾶ
717 1197 745 1250 τδ
754 1196 905 1271 δέκατον,οί
916 1196 942 1250 δέ
954 1196 1016 1251 ἐπάε-
1059 1214 1106 1249 πον
1130 1197 1163 1258 ὡς
1176 1199 1397 1268 τυραννικώτερον·
1414 1196 1443 1251 τό
1463 1195 1512 1267 γάρ
1531 1194 1686 1266 ἠγανάκτουν
1703 1196 1746 1249 καὶ
1763 1196 1844 1251 ίδόων

235 1292 307 1345 νυμοι
326 1275 355 1330 τό
375 1276 540 1343 πεντηκοστδν
560 1306 597 1317 -
617 1274 741 1346 ίπιίννυμοι
753 1275 779 1329 δὲ
800 1273 934 1329 έκαλοῦντό
954 1295 1016 1338 τινες
1059 1272 1103 1340 τήν
1119 1275 1193 1342 αὐτην
1217 1277 1287 1329 ποιεί
1304 1275 1431 1329 ῦπόνοεαν.
1468 1273 1611 1326 Διαδυιασία
1628 1275 1655 1329 δέ
1676 1272 1741 1329 ἔστιν
1762 1276 1845 1346 όνομα

235 1351 374 1426 άνδριάντες
392 1355 494 1427 ηριόων,
511 1355 535 1417 ἐξ
559 1353 595 1409 ὧν
618 1355 751 1410 ίκαλοῦντο
765 1356 806 1410 καί
828 1356 853 1409 αί
866 1357 924 1411 δίκα
941 1357 1016 1426 φυλαί
1059 1355 1127 1423 δίκης
1140 1357 1196 1426 περί
1212 1355 1348 1425 χρημάτων
1362 1354 1378 1419 δ
1394 1353 1451 1423 περὶ
1461 1355 1604 1424 κτημάτων.
1616 1355 1698 1408 TCV.

235 1430 272 1485 δι’
284 1433 388 1505 όνόματι
400 1436 538 1500 τοῦτων-,
552 1434 584 1497 τίς
599 1434 659 1497 ίδίας
672 1434 738 1497 τινάς
747 1436 838 1497 θυσίας.
874 1435 911 1488 Τίι
924 1436 950 1488 δὲ
960 1437 1016 1489 όνό·
1095 1437 1198 1502 7οίς,8.
1218 1431 1277 1487 Ἐάν
1288 1431 1314 1485 δέ
1327 1430 1509 1503 άμρισδητῆταί
1519 1432 1561 1502 τι]
1582 1428 1726 1502 Ἐπίκρισις.
1737 1434 1768 1485 Β.

236 1530 301 1581 ματα
312 1519 360 1566 τῶν
374 1512 461 1585 ήρώων
473 1517 566 1578 ταῦτα,
585 1513 715 1581 Ἀθηναίων
728 1516 807 1568 όντων
822 1514 890 1576 ίκτδς
912 1515 1016 1577 Αἴαντος
1095 1516 1158 1582 704,
1171 1533 1197 1583 9.
1210 1512 1366 1582 Διαδικασία]
1386 1508 1470 1565 Ἐστίν
1480 1512 1561 1581 ὄνομα
1573 1512 1642 1578 δίκης
1655 1513 1709 1587 περὶ
1718 1510 1845 1583 άμφισδη·

235 1597 280 1646 τοῦ
299 1594 467 1664 Σαλαμινίου,
482 1595 610 1660 Πανδίων,
632 1593 777 1666 Ἐρεχθεὺς,
793 1595 901 1666 Κέκροψ,
915 1595 1014 1665 λίγεῦς,
1060 1592 1177 1661 τουμένου
1190 1584 1257 1653 ’τινδς
1268 1590 1420 1661 πράγματος.
1434 1599 1468 1644 Α.

235 1670 336 1736 Οἰνεθς,
361 1674 445 1737 Δίων,
464 1672 540 1738 Δίας,
562 1671 681 1744 Ἀκάμας,
706 1672 839 1744 Ἀντίοχος,
867 1672 1014 1729 Ἱπποθόων.
1095 1674 1157 1739 704,
1174 1686 1216 1723 τυ.
1236 1667 1517 1740 ἈπόφυγενΙΦεῦγειν,
1536 1666 1686 1722 εδθῦνεσθαι.
1729 1668 1844 1740 Ἀποφεῦ·

234 1753 340 1807 ATCV.
1060 1768 1129 1820 γειν,
1143 1748 1327 1803 άπευθόνεσθαι.
1341 1748 1398 1800 ΒΥ.
1626 1766 1634 1783 ·

270 1847 333 1897 7ου,
350 1849 395 1886 ατ.
410 1832 459 1885 Τοῦ
473 1831 500 1885 δέ
515 1834 659 1904 πράγματος
671 1829 716 1884 οῦκ
730 1828 764 1884 ἔτ’
778 1831 849 1892 ὄντος
862 1830 1015 1902 άμφισδητη-
1097 1833 1158 1896 704,
1180 1845 1225 1884 αα,
1242 1826 1346 1898 Ἀνάγκη
1371 1825 1397 1879 δὲ
1410 1828 1521 1895 πρῶτον]
1544 1822 1665 1887 Ἐξίτασις
1679 1830 1721 1880 τοῦ
1736 1828 1846 1899 νομίμου

235 1909 323 1980 σίμου]
343 1909 465 1965 Ἐνταῦθά
478 1910 754 1981 ίστινηπροδιήγησις·
767 1907 897 1980 οίκονομιῖ
911 1909 1014 1981 χάρτην
1061 1907 1142 1960 τελεία
1151 1907 1271 1962 ἐντεῦθεν.
1309 1904 1378 1958 Κατὰ
1389 1905 1432 1957 δῦο
1441 1903 1490 1975 γάρ
1500 1906 1617 1975 τρόπους,
1632 1906 1694 1958 κατά
1706 1907 1771 1959 τετὸ
1784 1909 1844 1977 πρό-

237 1987 375 2057 μέλλουσαν
395 1990 508 2059 διήγησιν
532 1989 661 2060 γίγνεσθαι
683 1985 767 2039 αὐτοῦ.
805 1985 855 2038 Τοῦ
873 1988 1016 2058 πράγματος
1060 2003 1142 2039 σωπον
1154 1986 1196 2038 καί
1207 1986 1250 2039 τόν
1265 1987 1360 2056 νόμον,
1382 1982 1495 2050 ήτιλεία
1513 1981 1616 2045 ίξάτασις
1631 1983 1735 2054 γίγνεται.
1777 1983 1845 2046 ‘az-

234 2065 276 2130 δέ,
292 2069 400 2121 τουτέστι
415 2072 459 2121 τοῦ
472 2067 560 2120 λαόεῖν
575 2066 624 2133 τὴν
639 2066 711 2120 πόλιν
723 2064 754 2118 τίι
773 2066 899 2137 χρήματα.
935 2068 1015 2135 Διπλῆ
1059 2072 1126 2134 τάζει
1145 2066 1189 2125 οδν
1202 2072 1244 2124 καί
1261 2070 1305 2124 τόν
1317 2072 1390 2125 θέντα
1407 2070 1450 2122 καί
1462 2069 1506 2122 τόν
1517 2066 1618 2122 τεθέντα
1629 2070 1717 2141 νόμον.
1732 2071 1841 2123 YTCV.

234 2145 262 2198 δὲ
280 2145 295 2211 η
309 2145 429 2210 ὑπόθεσις.
467 2147 541 2213 Rau,
560 2149 602 2217 μέν
617 2145 669 2199 ἔστι
690 2145 748 2215 πρδς
759 2144 790 2197 τίι
808 2145 932 2216 μέλλοντα
944 2147 1016 2219 λέγε·
1099 2147 1200 2221 Ἀνάγκη
1215 2149 1241 2202 δὲ
1253 2155 1350 2220 πρῶτον
1360 2148 1501 2219 θπομνῆσαι
1511 2149 1631 2219 χρόνους]
1643 2149 1678 2203 Τδ
1689 2149 1795 2220 νόμιμον
1806 2166 1846 2201 κε·

235 2226 292 2277 σθαι
305 2224 337 2288 είς
346 2224 463 2293 διαόολὴν
474 2226 537 2279 κατδ
551 2225 734 2296 Ἀνδροτίωνος,
745 2224 761 2291 ῆ
773 2224 867 2297 δίπρδς
881 2226 956 2294 αὐτὴν
970 2226 1015 2295 τήν
1058 2229 1171 2299 φέλαιον,
1188 2229 1296 2299 -Περί
1308 2230 1400 2299 χρόνον
1414 2229 1566 2299 νομοθεσίας.
1579 2229 1611 2280 Β.

235 2301 422 2374 ἐπεισαχθεῖσαν
441 2305 571 2371 ῦκόθισιν,
589 2305 641 2371 ητις
661 2305 720 2374 δίχα
733 2305 860 2375 διήρηται,
882 2305 924 2358 καί
937 2305 954 2373 η
971 2308 1015 2378 μέν
1095 2309 1156 2372 Τοδς
1170 2309 1288 2380 χρόνους]
1303 2309 1338 2362 Το
1350 2307 1497 2378 παρανόμως
1505 2306 1548 2359 καί
1561 2304 1610 2376 οὗχ
1622 2305 1656 2368 ὡς
1668 2305 1808 2360 κελεόουσιν
1818 2304 1844 2358 σί

235 2381 287 2435 ἔστι
300 2381 369 2448 κοινή
382 2383 443 2436 κατά
454 2388 503 2436 τῶν
519 2381 684 2453 πρίσάεων,ή
699 2382 725 2436 δέ
739 2381 788 2434 ίδία
800 2382 854 2436 κατ’
874 2381 1015 2456 Ἀνδροτίω-
1059 2390 1141 2459 νάμοι.
1177 2387 1423 2458 Τονδέκαιρδν,δτι
1436 2384 1461 2439 ίν
1475 2385 1618 2457 πανηγῦρει.
1628 2386 1664 2439 Υ.

235 2479 285 2521 νος.
322 2461 368 2513 Διό
381 2464 507 2516 τοῦτοκαὶ
522 2463 538 2531 η
553 2462 735 2535 προκατασκευή
752 2464 813 2534 δίχα
824 2464 953 2537 διήρηται,
973 2468 1016 2521 καί
1095 2468 1156 2538 705,
1169 2473 1197 2522 6.
1210 2468 1265 2520 Τῶν
1281 2467 1324 2538 μέν
1333 2466 1381 2537 γάρ
1390 2466 1525 2537 χρημάτων
1535 2467 1544 2533 ]
1553 2464 1599 2517 At&
1610 2464 1702 2518 τυθτων
1713 2462 1844 2535 ίμφανίίῑῑ

234 2541 265 2594 ’ὡ
277 2542 321 2612 μέν
335 2560 359 2595 ῐῑ
372 2541 445 2608 αὖῐῆς
456 2541 507 2596 ίσῖῑ
518 2543 571 2596 κατ’
590 2541 809 2613 Mortuum&
822 2540 866 2608 τὴν
877 2544 1016 2615 μέλλουσαν
1059 2549 1099 2601 δτι
1113 2547 1246 2602 ίκτίτισται
1258 2546 1301 2618 μέν
1315 2545 1346 2599 τά
1360 2545 1427 2600 άπλᾶ
1440 2550 1488 2597 τῶν
1500 2544 1653 2616 χρημάτων,
1668 2542 1801 2597 ίκτίτισται
1815 2543 1845 2597 δέ

236 2619 411 2691 βλασφημίαν,
427 2623 456 2675 τδ
473 2620 500 2674 δδ
511 2621 574 2675 κατά
584 2628 634 2675 τῶν
647 2622 780 2692 πρόσδεων.
791 2623 873 2678 TCV.
1060 2625 1103 2680 οδκ
1115 2625 1141 2680 έν
1156 2626 1256 2688 ίκείνσις
1267 2628 1320 2688 τοῖς
1331 2627 1439 2696 χρόνοις.
1455 2625 1513 2677 RY.
1659 2656 1661 2660 .

271 2717 333 2770 702,
348 2704 393 2763 τί..
409 2701 577 2772 Δικαστηρίοιν
594 2701 683 2772 δυοῖν]
708 2699 752 2752 Ἐν
769 2702 822 2763 τοῖς
846 2702 963 2773 μεγάλοις
974 2706 1018 2758 καί
1095 2707 1157 2776 705,
1167 2708 1194 2760 8.
1210 2705 1336 2776 Βοόλομαι
1349 2701 1380 2769 δή
1396 2702 1469 2775 μικρά
1483 2700 1846 2773 διεξελθὼνΓΩσπιρπρδτης

234 2776 437 2850 ίσπουδασμόνοις
445 2780 571 2852 πράγμασι
585 2780 738 2850 συνήρχοντο
752 2779 832 2833 ίκδίνο
843 2781 1015 2854 δικαστηρίων,
1060 2785 1229 2845 καταστάσεως
1241 2782 1360 2853 εἰώθαμεν
1375 2783 1429 2843 τοῖς
1442 2779 1557 2832 άκσόουσι
1569 2780 1698 2850 προλέγειν
1715 2780 1845 2851 ίννόημα,

234 2858 384 2929 πληροῦντες
399 2857 501 2930 άριθμδν
513 2859 603 2929 χιλίων
615 2861 656 2913 καί
673 2859 734 2921 ἑνός.
772 2858 817 2913 Διὰ
832 2864 904 2914 τοῦτο
917 2861 969 2916 δίδ
982 2859 1017 2926 είς
1060 2864 1183 2931 σημαῖνον
1207 2859 1252 2927 τὴν
1278 2861 1381 2930 δύναμιν
1400 2861 1444 2925 τῆς
1460 2858 1646 2921 καταστάσεως,
1659 2856 1723 2909 οότιε
1739 2857 1782 2909 καί
1796 2858 1844 2929 πρό

235 2938 391 3008 προσετίθετο
405 2936 443 2990 άεὶ
456 2941 507 3000 τοῖς
523 2939 665 3004 δικασταῖς,
683 2938 728 2992 ἵνα
750 2935 784 3008 μή
798 2937 857 2992 ίσων
876 2942 1017 3012 γενομένων
1061 2945 1109 2992 τῶν
1128 2938 1249 3011 άγώνων,
1262 2942 1343 3009 ὥσπερ
1354 2938 1396 2990 καί
1406 2936 1437 2990 τά
1447 2937 1564 3008 προοίμια
1575 2937 1622 3007 πρὸ
1635 2936 1714 3002 πάσης
1725 2939 1768 3002 τῆς
1780 2936 1844 2990 όπο·

234 3023 283 3072 τῶν
295 3017 380 3088 ψήφων
393 3016 417 3079 ίξ
435 3015 489 3085 ίσης
504 3017 640 3072 άπίλθωσιν
654 3017 678 3071 οί
690 3018 931 3089 δικαζόμενοι,άλλ’
950 3020 1017 3074 ίκεῖ·
1061 3017 1157 3079 θέσεως.
1180 3019 1282 3071 YTCV.
1305 3018 1340 3071 Τδ
1360 3015 1386 3070 δέ
1407 3016 1616 3087 προαγωνιστικδν
1637 3015 1703 3069 τοῦτ’
1732 3014 1845 3087 ἐννόημα

234 3116 277 3159 νος
287 3095 345 3169 δόξῃ
358 3099 444 3161 νικιῑν,
456 3092 478 3169 ᾧ
489 3099 518 3149 δν
532 3097 546 3150 ό
560 3095 595 3160 είς
608 3098 740 3169 προστεθῇ.
752 3099 856 3153 ATCV.
1060 3097 1162 3151 διπλοῦν
1179 3096 1260 3163 ἔστιν,
1274 3096 1402 3167 ίπτιδήπιρ
1419 3095 1521 3150 διπλοῦν
1543 3095 1572 3150 τδ
1590 3096 1707 3166 νόμιμον.
1745 3094 1792 3147 Καὶ
1813 3096 1844 3150 τδ

271 3177 333 3245 703,
348 3193 375 3246 7.
391 3171 616 3247 Ἐξάρχῆςοδνδν
629 3177 749 3248 βραχέσι]
766 3175 868 3229 Ἐννοια
879 3197 1018 3252 προκαταρ·
1062 3176 1105 3248 μέν
1131 3178 1280 3248 σημαντικόν
1302 3175 1353 3230 ίστι
1375 3179 1419 3230 τοῦ
1430 3174 1486 3245 περί
1507 3173 1536 3228 τό
1562 3175 1693 3244 πρόσωπον
1716 3175 1843 3245 νομίμου,

236 3256 320 3322 κτική·
335 3255 450 3327 προλέγει
463 3256 490 3308 δὲ
505 3256 548 3308 καί
561 3259 735 3327 προαναφωνεῖ
747 3254 792 3322 τὴν
804 3255 921 3328 περιοχὴν
935 3258 1016 3326 δλην,
1060 3256 1089 3310 τδ
1114 3256 1140 3310 δέ
1158 3261 1201 3324 τῆς
1220 3256 1368 3328 κατηγορίας
1387 3259 1431 3309 τοῦ
1454 3255 1540 3325 νόμου.
1578 3251 1621 3315 Εἰς
1642 3252 1686 3304 δόο
1710 3251 1759 3323 γάρ
1778 3253 1845 3305 διαι·

234 3335 288 3402 ήτις
300 3333 352 3388 ίστί
365 3339 408 3401 τῆς
425 3335 596 3396 καταστάσεως
609 3333 685 3406 άρχή.
697 3336 780 3390 ch.
1061 3339 1139 3407 ριῖται
1147 3335 1176 3389 τδ
1191 3337 1314 3407 νόμιμον,
1330 3334 1364 3398 είς
1377 3336 1541 3405 τεπρόσυπον
1552 3332 1594 3387 καί
1600 3330 1633 3393 είς
1643 3333 1756 3403 πρᾶγμα.
1791 3333 1845 3385 Τοῦ

272 3415 335 3485 703,
352 3430 394 3469 ιο.
404 3413 527 3485 Ψήφισμα
538 3411 606 3467 εἶπεν
618 3412 643 3467 ίν
656 3413 735 3485 ὑμῖν]
750 3411 872 3467 Ἐνταῦθα
892 3412 1018 3470 είσόάλλει
1062 3415 1105 3487 μέν
1127 3411 1172 3469 οδν
1205 3417 1260 3489 περὶ
1281 3417 1310 3471 τδ
1339 3419 1469 3487 πρόσωπον
1496 3414 1670 3486 προεκκειμένη
1689 3412 1784 3466 ἔννοια
1812 3413 1844 3466 τ“ο

236 3494 269 3559 είς
282 3493 357 3559 αδτήν
375 3492 420 3560 τήν
434 3493 559 3564 διήγησιν.
583 3494 687 3549 ATCV.
707 3490 738 3544 ‘11
762 3490 827 3563 άρχη
840 3496 883 3559 τῆς
895 3498 1017 3549 καταστά-
1060 3495 1109 3567 γάρ
1130 3517 1142 3546 ε
1167 3498 1222 3550 καθ’
1243 3496 1285 3559 οῦς
1304 3494 1363 3550 είσιν
1381 3495 1408 3548 αί
1423 3496 1513 3549 τοιαίδε
1536 3494 1642 3565 γραφαί,
1661 3514 1672 3543 ε
1689 3494 1843 3564 σημαντικόν

236 3593 298 3636 σεως
312 3573 417 3627 ἐνθένδε.
453 3571 804 3643 Ζητητόιςδίτοδςάρχοντας
816 3572 871 3635 τοὺς
885 3575 1018 3640 ζητοῦντας
1060 3574 1112 3629 ἐστι
1125 3579 1168 3643 τῆς
1178 3575 1241 3630 κατά
1256 3580 1300 3629 τοῦ
1317 3577 1447 3646 προσώπου
1467 3575 1623 3645 κατηγορίας.
1656 3571 1686 3625 ‘fl
1700 3573 1726 3626 δέ
1743 3574 1844 3643 δευτέρα

236 3654 279 3707 καὶ
292 3653 469 3725 ἂνφευθῶντᾱς
487 3654 523 3715 τίς
535 3651 672 3724 όφείλειτῇ
690 3652 762 3706 πόλει
780 3650 914 3724 χρήματα,
931 3655 947 3721 ἢ
965 3660 1019 3719 τοῖς
1061 3654 1144 3709 ἔννοια
1165 3657 1339 3726 προαναρωνεῖ
1355 3654 1400 3722 τήν
1425 3658 1469 3707 τοῦ
1486 3655 1564 3724 νόμου
1577 3653 1726 3723 κατηγορίαν
1747 3652 1789 3706 καί
1813 3652 1844 3706 τδ

236 3732 320 3803 ἱεροῖς.
335 3734 461 3786 nYch.
1060 3734 1172 3805 δεύτερον
1192 3740 1237 3790 τοῦ
1248 3735 1353 3807 νομίμου
1372 3736 1452 3805 μόρος
1489 3733 1519 3787 Τί
1532 3734 1580 3803 γάρ
1595 3734 1676 3802 ’φησις
1700 3731 1782 3801 ιπερί
1798 3730 1843 3783 αδ·

273 3814 338 3881 703,
352 3817 393 3875 ιη.
413 3809 534 3881 Ἀρχέδιος
543 3810 584 3863 καί
596 3810 750 3878 Λυσιθείδης]
760 3806 836 3864 Οὔτοι
844 3809 892 3882 γάρ
905 3813 1018 3885 τριήραρ-
1065 3817 1141 3867 «τοῦ
1168 3817 1213 3866 τοῦ
1233 3814 1309 3883 νόμου
1326 3812 1407 3884 λόγοιν
1428 3813 1457 3864 δν
1483 3810 1633 3882 γέγραμμαι.
1657 3832 1670 3860 ν
1718 3810 1798 3862 Τοῦτο
1817 3811 1845 3864 δι’

236 3908 279 3960 Ιχοι
292 3885 364 3956 ἦσαν.
402 3888 507 3951 Τούτους
523 3887 549 3942 δέ
559 3887 665 3958 ίμήνυσε
683 3886 713 3940 τά
725 3888 844 3959 χρήματα
862 3887 944 3958 ἔχειν,
959 3890 1019 3945 ἀπο·
1061 3891 1129 3946 ἔστιν
1141 3894 1179 3947 ότι
1193 3892 1343 3963 πορεύσομαι
1361 3890 1422 3962 μετά
1433 3889 1478 3956 τὴν
1490 3895 1535 3943 τοῦ
1545 3890 1676 3960 προσώπου
1692 3889 1843 3959 κατηγορίαν

238 3968 402 4038 κρυπτόμενος
415 3966 526 4034 δηλῶσαι
543 3965 587 4033 τήν
604 3965 695 4037 έχθραν
710 3965 754 4032 τὴν
763 3967 822 4037 πρός
832 3967 888 4030 τοῦς
898 3970 1016 4040 πρέσδεις.
1062 3971 1102 4027 έπί
1114 3972 1170 4035 τοῦς
1183 3972 1301 4042 ἐλέγχους
1317 3975 1361 4023 τοῦ
1374 3971 1464 4041 νόμου·
1482 3967 1547 4040 άρχὴ
1557 3969 1584 4021 δὲ
1594 3972 1638 4022 τοῦ
1652 3967 1715 4021 κατά
1725 3972 1769 4022 τοῦ
1782 3986 1844 4037 προ·

237 4048 364 4101 RYTCV.
381 4045 561 4117 Ναυκρατιτικά(
581 4045 624 4112 δέ,
638 4047 677 4098 ὅτι
690 4045 717 4098 ἔκ
733 4050 776 4113 τῆς
797 4045 957 4114 Ναυκράτεως
974 4054 1019 4116 τῆς
1061 4054 1144 4106 σώπου
1162 4053 1267 4123 νομίμου
1282 4073 1293 4101 ι
1309 4050 1392 4115 ἔστιν,
1407 4045 1524 4118 ὦάνδρες
1536 4047 1673 4115 Ἀθηναῖοι,
1686 4046 1710 4101 έν
1723 4042 1843 4109 τοῖςοόσε

237 4127 289 4179 κατ’
302 4124 505 4197 λίγυπτον,ήτις
516 4125 811 4181 καίνῦνοίίτιοκαλεῖται.
825 4129 929 4181 ATCV.
945 4128 1019 4200 Ἔχει
1064 4155 1075 4184 ι
1097 4134 1180 4204 νόμοις
1203 4133 1265 4204 ἡμῖν
1289 4133 1379 4202 κυρίοις
1400 4131 1547 4201 διωρισμένα
1571 4127 1675 4200 όκριδῦις
1692 4129 1735 4180 καί
1761 4131 1843 4197 σσρΕνς

235 4207 299 4260 δέτι
320 4205 497 4278 ίγκατάσκευον
519 4206 697 4273 ῆκατάστασις
711 4203 737 4258 έν
755 4205 925 4268 τοῖςτέλεσιν.
962 4207 1018 4263 Ἵνα
1064 4212 1167 4265 ιπένθ’
1188 4212 1236 4264 δσα
1250 4211 1293 4263 δεῖ
1312 4212 1430 4265 ποιεῖν·
1472 4206 1515 4260 Ἐν
1531 4205 1557 4259 δέ
1570 4206 1649 4277 τούτῳ
1664 4204 1784 4276 παντὶτῷ
1803 4224 1845 4257 νο-

235 4285 284 4356 γάρ
300 4285 333 4357 μὴ
348 4285 465 4349 άπίθανος
479 4288 580 4356 γίνηται
596 4286 772 4357 διηγούμενος,
785 4286 824 4338 ότι
837 4292 884 4339 τῶν
895 4287 1017 4358 πρέσδειον
1061 4292 1130 4363 μίμῳ
1140 4290 1169 4344 τδ
1183 4292 1313 4361 πρόσωπον
1324 4289 1366 4341 καί
1376 4286 1420 4354 τήν
1434 4286 1595 4356 κακοτεχνίαν
1608 4284 1789 4337 διαόάλλειτοῦ
1800 4283 1843 4336 Τι·

237 4368 309 4418 ίνεκα
319 4366 361 4419 τδν
376 4367 452 4438 νόμον
469 4364 574 4432 έθηκεν,
593 4364 703 4436 έπήγαγι
716 4366 758 4417 καί
770 4362 890 4427 ἀπόδειξιν
905 4365 972 4428 εὖθὶις
983 4367 1018 4420 εί·
1062 4372 1211 4443 μοκράτους,
1227 4370 1269 4423 καὶ
1281 4371 1346 4431 δπως
1362 4366 1534 4427 ίπιόουλεόσας
1545 4365 1587 4418 τόν
1604 4366 1680 4435 νόμον
1698 4364 1788 4417 τέθεικε
1801 4361 1841 4415 διά

164 4468 166 4473 ’
237 4446 332 4509 nsum
354 4447 474 4518 μαρτυρεῖ
484 4446 523 4498 δτι
543 4446 612 4499 ταῦθ’
634 4446 710 4508 οίίτως
726 4444 780 4515 ἔχει
799 4443 902 4516 τοῦργον
917 4445 1015 4502 οὖτά·
1061 4451 1117 4513 τοῦς
1130 4449 1246 4520 πρίοδιες.
1283 4431 1418 4518 Πληρώσαι
1431 4444 1458 4499 δέ
1475 4448 1548 4497 τοῦτο
1561 4443 1590 4496 τό
1605 4444 1675 4514 μέρος
1685 4442 1841 4513 προοιμιέζε·

237 4523 273 4576 Οδ
284 4525 326 4577 δεῖ
333 4524 391 4595 γάρ,
403 4522 491 4594 φασίν,
508 4523 589 4592 άπλῆν
601 4523 645 4591 τὴν
658 4524 770 4595 διήγησιν
782 4521 897 4576 εἶναικαὶ
909 4525 1018 4596 καθαράν
1061 4548 1102 4583 ται
1121 4528 1196 4583 πάλιν
1213 4527 1269 4598 περὶ
1288 4530 1332 4580 τοῦ
1347 4524 1410 4578 κατά
1423 4525 1453 4579 τδ
1468 4526 1571 4594 πρᾶγμα
1585 4522 1691 4593 νομίμου
1711 4542 1722 4572 ι
1744 4522 1782 4574 δτι
1799 4517 1842 4591 μὲν

236 4603 396 4668 ἀποδείξων,
417 4602 458 4656 έδν
480 4601 514 4674 μή
537 4605 703 4674 προσδέχηται
720 4600 824 4669 αλτήνό
847 4601 980 4674 άκροατὴς,
1001 4606 1017 4672 ἢ
1064 4608 1177 4663 «τοίνυν
1203 4606 1273 4660 οδδίν
1297 4603 1334 4660 ὧν
1358 4604 1476 4675 προσήκει
1500 4603 1543 4657 καί
1563 4600 1703 4654 κελεόουσιν
1725 4600 1750 4652 οί
1770 4601 1844 4671 νόμοι

236 4683 400 4753 προσδέχηται
418 4681 476 4754 μέν,
490 4681 524 4754 μὴ
535 4683 635 4755 πιστεύῃ
651 4684 687 4736 δέ.
702 4684 783 4738 TCV.
800 4683 904 4751 Ζητοῦσι
917 4685 943 4738 δέ
956 4702 1019 4749 τινες
1064 4714 1075 4741 ι
1096 4690 1243 4757 πεποίηκεν,
1254 4686 1287 4751 τίς
1298 4686 1329 4741 τὰ
1342 4687 1506 4758 προειρημένα
1521 4684 1551 4736 άν
1563 4701 1599 4745 τις
1609 4686 1708 4737 σκοπῶν
1721 4681 1805 4751 γνοίη.
1827 4700 1841 4730 ι

236 4766 287 4824 ’ὧν
301 4759 405 4814 ένῐαῦθα
417 4765 586 4833 fimum&
600 4760 673 4828 Οὔσης
683 4764 727 4827 τῆς
740 4762 848 4824 πέπιθε
865 4760 917 4815 ἔστι
928 4762 1018 4834 διήγη·
1062 4769 1142 4823 Τοῦτο
1157 4767 1206 4838 γάρ
1219 4767 1366 4837 προοιμιακή
1378 4768 1414 4829 τίς
1428 4764 1492 4819 έστιν
1508 4763 1607 4828 ἔννοια,
1622 4759 1845 4832 έπεσρραγιζῡμέη

235 4860 287 4905 σις·
300 4840 339 4895 άεί
348 4839 426 4912 γάρή
446 4840 602 4912 πραγματικὴ
615 4840 669 4912 περί
683 4840 827 4911 μελλόντων
837 4840 891 4912 ἔχει
904 4839 948 4907 τὴν
962 4844 1017 4896 σκέ·
1062 4847 1105 4919 μέν
1123 4847 1155 4900 τά
1172 4848 1351 4918 προειρημένα,
1365 4841 1559 4917 προκαταρκτικὴ
1574 4841 1602 4896 δέ
1622 4846 1671 4895 τῶν
1696 4839 1761 4906 ίξῆς.
1796 4840 1844 4891 Δεῖ

235 4920 355 4992 ήιν,ηδί
373 4922 485 4991 διήγησις
503 4923 644 4991 γεγονότων
657 4919 722 4973 ἐστίν
741 4920 869 4992 ἀφήγησις.
907 4924 1017 4996 Λέγομεν
1060 4925 1163 4997 γάρτίις
1181 4923 1207 4981 ίν
1223 4927 1289 4999 μέσιρ
1306 4932 1355 4979 τῶν
1372 4926 1456 4997 λόγων
1468 4920 1628 4995 προοιμιαδός
1644 4920 1738 4981 ίννσίῦέ
1750 4937 1844 4989 wlff·

235 5003 274 5054 δτι
291 5000 317 5054 ίν
332 5006 363 5073 τῇ
374 5001 502 5073 συμόουλῇ
513 5004 683 5074 πραγματικῆς
695 5001 768 5067 οὔσης
783 5005 826 5068 τῆς
835 5004 941 5066 στάσεως
955 5004 1018 5058 είκό-
1061 5006 1173 5077 ράσματα
1187 5005 1231 5078 μέν
1243 5008 1363 5077 περιέχειν
1383 5012 1433 5059 τῶν
1444 5004 1626 5075 προειρημένων
1642 5000 1782 5072 κεφαλαίου
1802 4999 1845 5053 καί

236 5097 284 5139 τως
297 5077 404 5133 έλλείπει
421 5078 580 5150 ηδεήγησις·
596 5077 650 5133 οἶδε
661 5079 709 5151 γδρ
722 5081 736 5132 δ
750 5080 869 5152 ἀκροατής
883 5082 936 5153 περὶ
953 5084 1018 5147 τίνος
1062 5090 1159 5155 μερῶν,
1181 5085 1388 5156 προκαταρκτικίις
1401 5084 1428 5139 δέ
1441 5089 1490 5139 τῶν
1516 5081 1661 5154 μελλόντων
1681 5078 1842 5149 ῥηθήσεσθέῑ·

237 5156 366 5223 συνῆλθεν.
408 5156 451 5210 Ἐν
465 5159 492 5212 δὲ
506 5165 541 5229 τῷ
553 5159 670 5230 δικανικῷ
680 5159 751 5247 λόμ)
767 5159 899 5230 ἀγνοοῦσιν
914 5161 940 5215 οί
953 5162 1019 5215 δικα-
1061 5160 1126 5216 Εἶτα
1142 5162 1240 5234 μέλλων
1254 5164 1371 5218 ἅπτεσθαι
1389 5167 1433 5217 τοῦ
1446 5163 1557 5232 δευτέρου
1574 5160 1659 5231 μέρους
1672 5157 1848 5229 mmm&-

236 5255 292 5292 Μ’
305 5236 456 5309 ‘maw-
494 5238 588 5293 θῦκῡΰν
600 5236 668 5294 οῦδὲν
678 5240 770 5295 άτοπον
783 5239 825 5294 καί
834 5239 937 5295 ἐνταῦθα
947 5242 1016 5295 δικα-
1061 5244 1202 5299 σκεινόιιον
1217 5242 1259 5297 τδν
1272 5242 1428 5314 ίπιτρέποντα
1439 5240 1506 5314 αθτῷ
1518 5239 1726 5311 κατηγορεῖντῶν
1739 5235 1845 5291 ίνπεναν·
