3967 5967
765 481 804 541 Π.
827 479 1079 543 ΟΛΥΝΘΙΑΚΟΣ
1099 483 1132 543 Β.
1711 492 1768 541 545

164 609 194 664 τδ
212 607 355 664 ἀντιπῖπτον
373 608 575 682 ύποτεμνθμενυς·
598 609 642 661 ίνα
656 608 705 681 γάρ
723 610 758 682 μη
768 630 805 674 τις
817 609 890 684 είπη,
903 612 945 665 καί
989 610 1121 669 ἀντίθεσιν.
1159 612 1201 675 Τίς
1217 606 1295 678 ούνὴ
1318 610 1448 683 πρύρασιςς
1464 609 1575 664 είωθενθ
1595 610 1765 680 Δημοσθένης,

162 689 338 761 τίλυμαίνεται
347 695 425 745 ταῦτα
435 690 509 744 αύτοῦ
521 689 566 756 τὴν
575 689 693 761 δύναμις
705 689 789 762 ἀπάγει
801 692 840 745 θτι
852 693 944 764 δεῖγμα
989 690 1049 745 ίνθα
1061 693 1091 744 ἀν
1112 691 1191 764 ἀπορῇ
1213 692 1306 754 λύσεως
1325 690 1384 762 πρδς
1399 689 1536 756 ἀντίθεσιν,
1557 688 1590 762 μὴ
1604 687 1677 762 ψιλὴν
1694 690 1769 757 αύτὴν

163 772 207 835 τῆς
223 769 412 839 κακοδαιμονίας
419 767 494 821 αύτοῦ
505 766 570 821 έστιν
584 766 617 830 ύις
625 767 665 820 ύτι
678 765 731 838 ίχιι
741 773 879 839 μηνιῶντας
888 770 945 831 τοὶις
987 773 1093 837 τιθέναι,
1105 771 1173 825 ἀλλά
1186 772 1241 825 κατ’
1254 771 1341 842 ἀλίγον
1351 770 1496 834 πλατύνειν,
1510 771 1556 832 ἕως
1567 772 1597 822 ἀν
1616 768 1680 844 λάθη
1692 776 1769 824 τοιυῦ·

163 848 238 910 θεούς·
251 846 314 910 εἷκδς
324 847 373 919 γάρ
386 848 442 911 τούς
453 848 540 920 μίμους
550 845 592 901 καί
603 843 636 909 είς
648 847 704 910 τούς
722 849 860 920 κρείττονας
877 848 940 906 ἀπυ·
987 851 1031 904 τάν
1042 871 1067 905 τι
1083 851 1208 923 προσθείς,
1219 849 1243 912 ἀξ
1254 847 1283 905 ού
1292 850 1395 922 λήψεται
1406 848 1450 915 τὴν
1460 848 1571 920 ἀρορμην
1581 853 1624 915 τῆς
1634 849 1739 912 λύσεως
1754 852 1769 902 ἀ’

161 928 291 981 υιιιίιττειν.
304 928 448 983 BRSTCV.
987 928 1018 997 δὴ
1033 929 1157 986 κάνταῦθα
1170 931 1311 996 πεποίηκεν.
1349 929 1400 981 Ἦν
1415 927 1490 999 γάρη
1506 928 1549 999 μέν
1564 927 1683 991 ἀντίθεσις
1697 952 1709 977 ι
1730 927 1769 981 εύ·

197 1006 242 1071 23,
255 1010 299 1062 26.
314 1006 373 1068 Τοῖς
383 1001 411 1060 εδ
421 1007 566 1077 ρρυνοῦσιν]
581 1006 737 1077 σωφροσύνης
755 1004 886 1076 Ἀθηναίων
898 1008 942 1079 ἔρ·
986 1007 1060 1077 τυχὴς
1079 1009 1241 1071 ύΦέλιπποςΙ
1262 1032 1272 1058 ν
1294 1008 1338 1061 ούτ
1357 1007 1424 1078 ἔχων
1447 1008 1474 1060 δέ
1493 1008 1566 1060 λῦσαι
1584 1009 1691 1075 ταύτην,
1715 1008 1768 1061 κατ’

160 1103 234 1155 ρασιν
248 1085 301 1157 ίχει
311 1083 328 1152 η
340 1085 411 1148 λέξις.
428 1088 460 1142 Β.
478 1085 558 1139 Τοῦτο
570 1083 610 1136 διά
623 1085 667 1138 τδν
679 1086 767 1157 δῆμον·
781 1086 805 1139 σί
819 1087 867 1159 γάρ
881 1087 942 1141 πολ·
986 1087 1074 1157 ἀλίγον
1085 1089 1214 1143 πλατύνων
1230 1087 1278 1142 ἀπὸ
1288 1091 1331 1155 τῆς
1343 1087 1469 1141 Φιλίππου
1482 1088 1559 1158 τύχης
1574 1087 1660 1149 αύτούς
1671 1086 1711 1141 ἐπί
1724 1086 1768 1154 τὴν

161 1168 203 1220 λοί
214 1175 263 1223 τῶν
275 1168 411 1241 ἀνθρώπων
425 1169 527 1236 ἥδονται
540 1168 660 1231 τοιούτοις
668 1170 797 1242 θεάμασιν,
811 1171 942 1243 θδλριλά·
987 1166 1071 1234 κοινὴν
1085 1174 1133 1222 τῶν
1147 1166 1283 1238 ἀνθρώπων
1299 1168 1444 1238 μετέστησεν
1459 1165 1548 1229 είπὼν,
1561 1165 1590 1218 το
1603 1165 1663 1218 θλον
1677 1164 1692 1232 ἡ
1705 1166 1768 1237 τύχη

160 1264 233 1318 αυρος
245 1248 287 1301 κοιλ
299 1248 486 1320 πεπαιδευμένος
498 1246 617 1319 ούδαμσῦ.
630 1249 680 1303 RS.
986 1247 1052 1318 παρά
1060 1249 1140 1302 πάντα
1150 1246 1215 1301 ἀστίν
1227 1268 1233 1278 ·
1247 1248 1360 1301 σκοπεῖτε
1372 1244 1398 1298 δέ
1407 1246 1449 1298 καί
1461 1243 1505 1311 τὴν
1515 1248 1559 1312 τῆς
1572 1244 1667 1307 πόλεως
1678 1246 1766 1317 τύχην.

199 1325 266 1380 ’ἀλλ’
277 1326 350 1400 οἶμαι
358 1332 400 1382 νῦν
414 1327 456 1399 μίν
467 1327 605 1396 ἐπισκοτεῖ]
613 1327 882 1392 Δύστςάντιπίπτυντος·
893 1335 944 1394 πῶς
986 1328 1154 1382 BHRSTCV.

160 1402 205 1459 οῦν
217 1405 238 1459 εί
253 1406 409 1479 κακοδαίμων
421 1404 474 1460 ἔστί
484 1404 526 1460 καί
540 1404 662 1477 ἀσελγὴς,
672 1405 701 1459 οὗ
713 1407 826 1478 γίγνεται
837 1409 943 1475 κατάδη·
1023 1410 1068 1471 24,
1082 1410 1124 1470 ιίν.
1139 1402 1170 1457 Ἥ
1182 1404 1261 1475 τύχη]
1272 1403 1307 1456 To
1321 1407 1410 1475 σχῆμα
1420 1403 1533 1457 καλεῖται
1544 1405 1620 1459 τύπου
1631 1402 1726 1475 ίμῦολὴ
1744 1405 1769 1467 ἐξ

160 1484 218 1549 λος,
234 1486 273 1538 δτι
286 1486 478 1557 συγκρύπτουοιν
493 1483 566 1538 ιύτδν
588 1484 614 1538 αί
631 1486 687 1556 περὶ
696 1485 753 1548 τούς
768 1485 890 1557 πολέμοις
903 1486 941 1541 εύ-
986 1484 1108 1556 θνθματος
1120 1483 1175 1539 ἀντί
1184 1487 1228 1538 τοῦ
1240 1483 1392 1554 πράγματος.
1407 1483 1524 1536 BRSTC.

159 1565 270 1636 πραγίατ.
283 1565 359 1619 flas.
380 1563 529 1619 λυτέπιπτεν
541 1562 614 1635 αύτῷ
629 1563 670 1617 καί
683 1560 789 1625 πῖνςούν
801 1563 872 1628 αθτδς
884 1564 942 1620 ἀντ-
1022 1564 1112 1636 Παρά]
1132 1562 1188 1618 ἀντὶ
1206 1568 1250 1617 τοῦ
1263 1563 1358 1630 κατά]
1379 1567 1423 1616 τοῦ
1437 1562 1480 1626 εἰς.
1517 1563 1552 1616 Ί“ο
1568 1561 1595 1616 δέ
1612 1562 1766 1635 λεγόμενον,

159 1643 213 1712 ίχει
228 1642 270 1695 καί
281 1645 354 1705 σώζει
366 1642 411 1710 τήν
424 1643 544 1714 δύναμιν,
557 1639 580 1696 εί
592 1641 749 1713 κακοδαίμων
763 1641 827 1697 έστίν
835 1663 844 1709 3
858 1642 943 1715 ἀπάγει
986 1642 1094 1707 ἐξουσίαν
1114 1642 1195 1715 ίχειίγ
1215 1643 1279 1713 τύχη
1294 1642 1392 1696 πάντων
1415 1647 1463 1696 τῶν
1478 1640 1637 1714 ἀνθρωπίνων
1653 1645 1767 1716 πραγμά-

159 1723 198 1774 δτι
212 1722 272 1785 τέως
284 1725 328 1775 νῦν
338 1721 444 1793 εύτυχεῖ·
461 1720 503 1775 έάν
517 1718 543 1773 δλ
555 1720 669 1791 περιπέσῃ
680 1719 730 1772 τινί
741 1718 847 1792 ἀτυχίᾳ,
857 1721 943 1785 εύθέως
985 1741 1046 1776 των.
1056 1723 1110 1777 118.

159 1804 236 1854 ταῦτα
254 1803 334 1856 πάντα
355 1801 494 1872 ίλίγχεται.
532 1797 613 1864 Εἶτα,
629 1798 673 1851 ίνα
694 1795 728 1869 μὴ
753 1800 828 1853 πάλιν
846 1800 934 1873 ροῦι]Ι
1021 1799 1769 1877 24,17.Ἐθελάντων]Τοῦτάρησιν,ίναμηθαρρησαν·

160 1878 250 1951 εύτυχῆ
264 1880 364 1950 λέγων,
377 1878 446 1941 εύθυς
461 1877 561 1949 ἀπάγει,
579 1875 624 1930 οδε
638 1874 671 1939 είς
687 1876 781 1948 μακράν
797 1877 941 1950 εύτυχησει,
985 1899 1025 1942 τες
1037 1884 1069 1953 τῇ
1083 1882 1148 1953 τύχη
1161 1885 1210 1934 τῶν
1220 1881 1345 1951 πρακτέων
1358 1877 1512 1951 ἀμεληοωσι.
1525 1881 1552 1934 S.

168 1959 198 2011 ἀν
212 1958 282 2030 ύμεῖς
295 1958 426 2029 βούλησθε.
463 1957 541 2011 Ὥστε
551 1954 573 2010 εί
586 1956 627 2009 δεῖ
634 1954 738 2025 τάληθές
750 1954 844 2022 ιίπιῖν,
864 1977 942 2030 χορη·
1021 1964 1066 2024 αίν,
1081 1962 1123 2014 ιθ.
1135 1958 1203 2013 ίέατά
1216 1958 1301 2031 μικρδν
1311 1960 1322 2031 ]
1331 1959 1424 2031 Μαρδν
1439 1958 1551 2026 ἀπαιτεῖ,
1561 1962 1606 2014 ἵνα
1618 1960 1651 2034 μὴ
1667 1961 1768 2018 εἴπωσιν

159 2037 204 2107 γία
217 2041 260 2104 τῆς
270 2036 363 2092 έκείνου
377 2035 514 2107 εύτυχίυςί]
525 2034 628 2108 ύμετίρα
638 2034 940 2108 ρρθυμίαγίνεται.Τ(Ν.
985 2035 1054 2090 ούδίν
1068 2037 1155 2108 ἀριλος
1168 2038 1260 2107 τύχης,
1272 2037 1294 2090 εέ
1308 2037 1441 2110 μέλλοιμεν
1455 2041 1551 2093 πονεῖν.
1564 2041 1622 2093 ΗΠ.

195 2117 240 2180 23,
253 2132 298 2188 27.
311 2117 462 2188 Συγερύψαι]
475 2114 531 2168 ἀντὶ
544 2117 588 2167 τοῦ
603 2114 740 2167 συσκιάσαι.
755 2114 783 2167 B.
1021 2115 1091 2168 Πολύ
1103 2115 1151 2188 γάρ
1164 2115 1277 2187 πλείους]
1290 2117 1372 2188 ὥσπερ
1384 2115 1432 2171 ἀπὸ
1447 2117 1608 2186 Πλατωνικῆς
1624 2118 1768 2193 ὁρμώμενος

195 2195 241 2261 αά,
253 2211 298 2265 αρ.
313 2192 531 2266 Ἐξττασθησιται]
547 2192 735 2265 έλεγχθησεται.
749 2197 781 2250 Ρ.
985 2194 1110 2265 διατριῦῆς
1130 2193 1233 2249 ἐνταῦθα
1246 2195 1379 2267 φιλοσοφεῖ
1393 2194 1475 2267 λέγων
1494 2199 1549 2259 ταῖς
1563 2196 1659 2269 ἀρεταῖς
1682 2200 1724 2253 καί
1737 2199 1768 2253 τά

194 2277 245 2339 24,
258 2290 283 2329 ι.
298 2273 402 2346 Διίξιτν]
416 2273 532 2344 έλίγξειν,
547 2275 574 2328 S.
593 2272 700 2345 ἔλεγχον
712 2274 809 2331 δώσειν.
824 2276 854 2328 P.
984 2277 1028 2341 τῆς
1052 2275 1127 2346 τύχης
1150 2274 1305 2330 ἀκολουθεῖν.
1323 2276 1421 2331 STCV.
1438 2274 1496 2329 Ὅτι
1518 2276 1624 2331 Πλάτων
1646 2279 1706 2349 φησί
1723 2278 1767 2341 τὰς

197 2356 242 2416 24,
261 2369 289 2407 2.
305 2351 345 2406 Ἂν
359 2353 385 2405 οί
395 2372 422 2408 τι
436 2353 488 2406 θεολ
500 2352 607 2422 θέλωσι]
617 2351 797 2426 Χρῄζοοσιγάρ
809 2353 834 2406 αί
848 2353 943 2427 πράξεις
985 2352 1072 2425 ἀρετάς
1087 2352 1209 2420 ἀλληλοις
1229 2353 1343 2419 ἕπεσθαι,
1364 2356 1428 2407 ὥστε
1446 2354 1489 2409 τὀν
1513 2355 1573 2407 ὄντα
1594 2358 1708 2427 σώφρονα
1727 2357 1769 2410 καί

159 2430 201 2483 καί
209 2430 320 2503 εθτυχίας
331 2432 373 2485 καί
381 2432 566 2504 κατορθούντων
576 2431 681 2503 ἀνδρῶν.
694 2433 842 2488 HRS‘I'CV.
984 2432 1079 2485 δίκαιον
1091 2430 1158 2486 εἶναι
1175 2432 1218 2485 καί
1227 2433 1346 2503 ρρθνιμον
1359 2431 1400 2485 καί
1419 2429 1544 2504 ἀνδρεῖον·
1561 2433 1575 2486 ύ
1589 2434 1615 2488 δὲ
1628 2433 1699 2497 αύτθς
1710 2453 1769 2506 φησι

195 2514 240 2575 24,
256 2517 282 2564 6.
300 2512 350 2564 Κάν
361 2511 446 2584 ῥῆγμα
456 2551 464 2578 ,
477 2513 522 2564 κάν
532 2513 658 2583 στρέμμα]
669 2510 754 2584 ῥῆγμα
765 2511 809 2584 ρλν
821 2513 845 2566 οί
862 2512 940 2587 ίατροί
984 2511 1026 2564 καὶ
1038 2512 1093 2573 ταῖς
1101 2509 1198 2582 ἀρεταῖς
1210 2509 1242 2564 τά
1251 2514 1294 2578 τῆς
1305 2511 1381 2582 τύχης
1391 2509 1546 2566 ἀκολουθεῖν.
1558 2514 1589 2566 Β.

156 2607 229 2658 φασιν
248 2588 351 2662 ἀγγείου
371 2592 437 2653 τινδς
455 2589 539 2662 ῥῆξιν,
565 2587 620 2643 οίον
640 2590 742 2662 ρλεῦδς,
766 2592 782 2659 ἢ
807 2590 938 2664 ἀρτηρίας,
1020 2590 1089 2644 Πολύ
1097 2589 1268 2661 γάρτλείοος]
1283 2589 1434 2646 ’ἀντιπῖπτον
1449 2591 1544 2661 ίλυαεζι
1562 2593 1637 2648 πύθεν
1647 2595 1686 2648 ὅτι
1700 2594 1768 2650 εύτυ·

158 2669 270 2741 στρέμμα
282 2669 309 2722 δὲ
317 2669 407 2741 ἀρθρου
419 2669 564 2740 παράῦααιν·
574 2668 636 2731 τινές
646 2668 673 2722 δά
690 2666 789 2741 Ῥηγμα
804 2669 847 2741 μὲν
857 2671 941 2743 νεύρου
984 2669 1039 2737 χιῖς
1049 2666 1138 2739 έσμένς
1152 2689 1163 2717 ν
1175 2670 1215 2722 δτι
1224 2668 1279 2739 περί
1290 2669 1345 2732 τούς
1358 2668 1428 2732 θεούς
1440 2667 1594 2733 εύσεύοῦντες
1606 2671 1688 2735 εύνους
1698 2672 1768 2744 ἔχετε

158 2749 285 2814 διάτασιν,
300 2750 411 2819 στρέμμα
419 2747 446 2801 δλ
457 2747 542 2802 θστίου
554 2749 711 2819 μετάστασιν.
728 2750 875 2805 HRSTCV.
984 2746 1041 2808 τούς
1056 2747 1188 2817 κρείττους.
1224 2746 1355 2802 Κάνταῦθα
1375 2748 1418 2820 μὲν
1438 2751 1552 2804 συνάπτει
1572 2751 1628 2813 τούς
1647 2753 1715 2815 θεούς
1726 2754 1770 2809 καλ

194 2826 301 2879 Κελτῶν
319 2826 436 2895 πόλεων]
452 2822 743 2899 Λεέπιιίγπερί,ίνα],
757 2827 942 2901 ούτωκαίπερί
984 2823 1029 2891 τὴν
1043 2825 1137 2897 τύχην,
1151 2823 1190 2879 ίπί
1205 2826 1232 2879 δὲ
1244 2830 1289 2879 τοῦ
1302 2826 1427 2882 Φιλίππου
1444 2829 1558 2896 διίστησι.
1574 2831 1625 2883 Rs.

60 2920 63 2926 ·
158 2910 208 2958 τῶν
220 2905 317 2959 πόλεων
329 2905 429 2959 καὶτῶν
445 2906 579 2976 τυράννων.
593 2906 669 2960 TCP.
1020 2906 1065 2968 24,
1080 2920 1125 2958 το.
1144 2901 1240 2976 Οἶμαι]
1253 2904 1380 2975 Παράλιον
1390 2903 1419 2958 τὀ
1433 2902 1515 2977 οἶμαι.
1532 2907 1561 2960 8.
1575 2904 1680 2976 Ἕτερον
1699 2905 1766 2962 ἀντι-

194 2988 239 3050 2ίν,
252 2987 277 3039 θ.
294 2983 332 3038 λυ
342 2984 389 3046 ίξω
398 2984 554 3056 πολεμῶσιν]
567 2984 649 3052 Δῆλον
656 2983 704 3055 γάρ
713 2984 746 3047 ὡς
757 2984 779 3039 εί
792 2984 826 3058 μὴ
841 2985 939 3059 ίσχοον,
984 2983 1075 3036 πῖπτον
1091 3003 1103 3032 ι
1118 2987 1168 3045 πῶς
1188 2976 1232 3036 σύν
1246 2982 1315 3038 ούδάν
1327 2983 1488 3055 ὠφελούμεθα
1500 2984 1565 3056 παρὰ
1580 2988 1623 3050 τῆς
1636 2985 1727 3056 τύχης;
1754 3011 1765 3037 ε

157 3064 202 3118 ούκ
215 3066 245 3117 ἀν
258 3062 397 3136 ύπερορίσυς
410 3063 537 3118 έποιοῦντο
548 3064 604 3126 τούς
617 3063 747 3136 πολέμους.
759 3066 830 3120 STC.
844 3071 850 3130 ι
984 3061 1045 3115 ὅπου
1059 3059 1190 3132 ἀργοῦντες
1201 3061 1245 3115 ούκ
1258 3060 1415 3134 ἀπολαύομεν
1432 3069 1480 3117 τῶν
1498 3064 1556 3135 παρ’
1569 3061 1661 3131 ἐκείνης
1673 3062 1767 3119 ίνδιδο·

194 3147 239 3208 τίν,
253 3162 279 3214 9.
304 3141 418 3198 ’Ππτιδάν
432 3143 576 3216 δλθμσρσς]
589 3143 640 3198 Οθκ
653 3143 736 3210 εἶπεν,
753 3143 849 3200 ἀπειδάν
863 3147 941 3217 δέητ-
985 3141 1074 3211 μένων.
1111 3141 1146 3196 Οί
1163 3141 1206 3212 μίν
1221 3140 1332 3214 γάρθεοί
1345 3142 1510 3214 τυθεκνῑρνθε
1523 3143 1768 3217 παρέχουσιν,ημεῖς

157 3221 264 3289 τηθδναιν
278 3219 304 3274 ἐν
314 3224 367 3285 τοῖς
375 3222 508 3292 πολέμοις,
524 3221 568 3275 ἵνα
581 3220 615 3293 μὴ
628 3223 658 3277 τδ
671 3220 775 3294 έργῦνδες
789 3222 886 3299 ίμρηνη
896 3231 941 3280 τοῦ
983 3219 1010 3273 δὲ
1021 3220 1114 3283 τούτοις
1124 3219 1158 3292 με]
1172 3223 1299 3293 χρώμενοι
1311 3221 1340 3275 ού
1355 3223 1481 3294 δεχόμεθα
1492 3224 1535 3290 τῆς
1548 3221 1641 3286 εύνοέες
1653 3227 1697 3291 τῆς
1710 3226 1768 3296 παρ’

156 3302 308 3373 πράγματος·
323 3300 381 3354 ἀλλ’
394 3301 541 3374 ίξαρκιῖκαί
553 3303 654 3373 γείτονα
668 3303 744 3375 μόνον
755 3305 884 3372 κινηθῆναι
893 3308 939 3361 πά-
984 3301 1063 3355 αύτῶν
1075 3299 1199 3369 αίσθησιν.
1212 3303 1262 3356 Rs.

156 3380 251 3453 λεμον,
262 3380 428 3453 αίνιττθμενος
440 3382 483 3436 τδν
490 3387 539 3435 τῶν
551 3380 698 3439 Ὀλυνθίων.
714 3383 789 3438 HBS.
1020 3384 1065 3446 24,
1078 3397 1122 3435 21.
1135 3379 1186 3434 θύει
1199 3380 1236 3434 ίνι
1247 3381 1271 3433 δ’
1284 3379 1358 3435 σύτδν
1376 3379 1515 3453 ἀργοῦντα]
1533 3378 1700 3453 Ἐπιχείρημα
1716 3381 1765 3437 ἀπδ

195 3466 240 3526 24,
256 3479 299 3516 ιο.
319 3460 350 3513 Et
361 3462 389 3516 σί
403 3479 439 3524 τις
453 3460 538 3532 ύρίῦν]
553 3460 716 3532 ’λυθνπορορά
734 3460 764 3515 εδ
777 3464 874 3533 σχῆμα.
896 3464 941 3516 BT
983 3463 1028 3513 τοῦ
1040 3459 1153 3527 ἥττονος.
1164 3461 1195 3513 Ρ.
1210 3458 1283 3526 ἀιττι]
1301 3459 1317 3526 ἢ
1332 3459 1457 3530 ἔξιίγησιςι
1470 3459 1486 3525 η
1500 3458 1549 3531 γάρ
1566 3460 1686 3527 καθολικι]
1702 3459 1767 3515 ἔστιν

158 3540 211 3595 CP.
224 3539 362 3611 Πληρώαας
381 3539 412 3593 τὰ
431 3541 536 3611 πρότερα
553 3542 612 3612 μέρη
630 3544 674 3594 τοῦ
687 3541 791 3593 δυνατοῦ
806 3542 939 3613 μεταῦέῦη-
984 3538 1063 3601 υύτως
1078 3560 1090 3589 ε
1105 3537 1150 3592 ούκ
1164 3537 1201 3591 ἀνι
1212 3539 1235 3590 δ’
1245 3532 1293 3603 αθ,
1307 3562 1318 3588 ι
1332 3540 1366 3591 ἵν’
1380 3534 1395 3612 ᾖ
1408 3538 1437 3592 τδ
1452 3533 1484 3590 αύ
1504 3538 1636 3610 σύνδεσμος
1651 3537 1706 3592 ἀντί
1723 3545 1768 3594 τοῦ

158 3638 200 3672 κεν
214 3618 253 3673 ἐπί
273 3619 356 3690 τρίτον
378 3618 407 3673 τδ
431 3622 475 3685 τῆς
487 3619 572 3690 τύχης.
614 3619 645 3672 Ἥ
666 3619 709 3691 μὲν
727 3618 776 3691 γάρ
798 3624 882 3692 πρώτη
898 3623 940 3674 καί
984 3618 1031 3685 δη·
1048 3615 1103 3672 εἶτα
1118 3640 1129 3667 ι
1145 3616 1188 3670 τδν
1203 3615 1347 3687 ἀργοῦντα»
1362 3616 1540 3682 καθολικῶς]
1558 3616 1676 3673 ιούκένι
1689 3617 1711 3670 δ’
1726 3617 1768 3671 αύ-

157 3694 276 3763 καθολικὴ
296 3718 307 3746 ι
323 3697 424 3768 φοῦερδς
436 3699 568 3762 Φίλιππος’
583 3722 594 3750 ν
611 3698 700 3761 ίδειξεν
714 3700 753 3752 ύτι
765 3699 793 3752 ού
805 3700 938 3771 ροῦερδςέξ
984 3697 1044 3763 τδν,
1055 3698 1098 3751 τδν
1111 3696 1254 3767 ἀνθρωπον,
1268 3696 1400 3769 ἀργοῦντα.
1413 3722 1424 3743 ι
1438 3697 1536 3750 STCV.

158 3772 252 3837 ἀδικίας
277 3775 420 3849 ηύξηρίνος.
476 3774 508 3830 Ἦ
530 3777 556 3832 δέ
580 3779 679 3850 δευτέρα
696 3778 738 3830 καί
765 3776 850 3849 μερικὴ
871 3800 883 3827 ι
901 3779 940 3831 δτι
1020 3778 1074 3838 24,
1090 3791 1135 3845 27.
1154 3772 1303 3828 Τούναντίον
1317 3773 1366 3845 γάρ
1384 3769 1415 3834 ἦν
1431 3771 1769 3844 θαυμαστδν]Σχῆμαίναν’

159 3853 201 3925 βίη
227 3855 319 3918 καθέξει
340 3854 372 3910 τά
395 3857 545 3929 πράγματα’
570 3879 582 3908 ι
606 3856 695 3920 έδιιξιν
722 3857 761 3910 δτι
781 3857 811 3911 ού
830 3856 938 3924 καθέξει,
984 3855 1054 3919 τίον,
1067 3855 1082 3907 θ
1096 3852 1147 3907 έσττ
1160 3853 1275 3925 δριμύτης
1287 3851 1528 3926 νοηματοςάπδτῆς
1540 3851 1654 3924 ίργασίας
1667 3852 1765 3924 λαμδα·

157 3933 295 4006 μισούντων
316 3934 389 3989 αύτδν
409 3935 451 3988 καί
473 3936 589 4005 ίιπηκάων
609 3936 650 3990 καί
672 3936 813 4008 συμμάχων
836 3935 878 3988 καί
903 3935 939 3998 ξί-
985 3933 1087 4004 νομίνη.
1100 3934 1237 3989 BRSTCP.

156 4032 222 4079 νων,
248 4014 332 4077 ἀλλως
355 4015 439 4069 τεκαὶ
454 4015 527 4079 αύτδς
545 4019 580 4070 ὢν
599 4013 718 4088 μεθυατ-λς
734 4014 938 4087 καίάσελγης·ίγ
1021 4016 1065 4077 25,
1082 4030 1105 4067 ι.
1118 4012 1317 4084 Λακεδαιμονίοις
1327 4013 1370 4083 μέν
1380 4011 1509 4083 ποτε]τδν
1524 4010 1634 4081 πόλεμον
1647 4009 1714 4080 λέγει
1723 4009 1766 4062 τάν

156 4093 183 4147 ὅθ
200 4095 268 4165 τρίτη
278 4097 320 4149 ναί
329 4096 457 4151 τελευταία
473 4119 484 4148 ι
501 4096 560 4150 ἀλλ’
573 4096 675 4169 εύτυχὴς
690 4098 705 4151 ἀ
725 4099 862 4163 Φίλιππος,
876 4100 939 4153 ὥστε
983 4091 1042 4163 ύιιίρ
1052 4098 1100 4145 τῶν
1110 4091 1240 4158 θηδαέων,
1254 4094 1296 4146 ύτε
1305 4092 1494 4164 λακεδαιμύνιοι
1504 4088 1549 4157 τὴν
1560 4092 1682 4162 Καδμείαν
1697 4092 1766 4146 κατέ·

160 4196 172 4222 ι
189 4175 235 4227 κάν
245 4172 279 4244 ρι]
286 4176 379 4246 σφόδρα
389 4176 470 4240 εύνους
483 4176 531 4250 ἔχη
544 4178 601 4242 τούς
612 4180 867 4251 συναγωνιζομένους,
881 4199 939 4233 κατ-
983 4170 1072 4226 W*-
1085 4172 1232 4227 HRSTCV·

160 4274 173 4302 ε
190 4252 313 4322 ορθοῖδιά
326 4258 368 4321 τῆς
380 4256 467 4328 τύχης·
479 4279 490 4307 ν
502 4259 566 4312 ὥστε
577 4257 790 4323 εἶναιτάςδύοτάς
802 4259 940 4323 τελευταίας
1019 4251 1064 4314 25,
1078 4267 1104 4304 2.
1120 4248 1193 4321 ’Υπὲρ
1205 4256 1254 4305 τῶν
1265 4248 1542 4319 Ἐλληνικῶνδικαίων]
1556 4247 1671 4317 Ξενυριῦν
1682 4266 1764 4317 φησιν·

159 4333 219 4401 μέθη
237 4334 281 4398 τῆς
297 4336 394 4403 wrm
407 4336 450 4388 καλ
467 4337 609 4405 καθολικῆς.
625 4341 767 4394 BRSTCV.
780 4338 861 4402 Δάξειε
877 4339 900 4390 δ’
910 4341 939 4393 ἂν
984 4327 1011 4382 ίν
1025 4335 1061 4402 τῷ
1073 4329 1297 4401 Πελοποννησιακῷ
1305 4329 1407 4400 πολέμῳ
1423 4327 1526 4399 δρῶντες
1537 4327 1561 4379 οί
1579 4328 1767 4398 Λακεδαιμόνιοι

159 4408 269 4463 έναντίον
281 4408 350 4463 εἶναι
361 4418 397 4484 τῷ
405 4413 487 4485 λέγειν
496 4416 535 4469 ύτι
545 4417 654 4488 έπίορκος
664 4419 706 4472 καί
716 4420 816 4481 ἀπιστος
828 4418 941 4473 mam.
983 4409 1040 4470 τούς
1047 4407 1174 4476 Ἕλληνας
1186 4407 1357 4479 ἀδικουμένους
1365 4408 1412 4461 ύπύ
1425 4412 1468 4474 τῆς
1480 4406 1557 4476 ἀρχῆς
1570 4411 1618 4459 τῶν
1634 4404 1766 4473 Ἀθηναίων

158 4507 204 4548 πος
214 4486 243 4539 τδ
255 4486 371 4541 δεικνύειν
383 4488 428 4556 τὴν
446 4491 525 4562 τύχην
543 4493 609 4566 αύτῷ
623 4498 861 4567 συναγωνιζομένην,
881 4493 939 4563 Ῥη.
983 4488 1120 4558 ύπίσχοντο
1132 4488 1215 4550 αὐτοῖς
1231 4487 1385 4559 ἐλευθερίαν,
1400 4487 1441 4539 καί
1451 4486 1531 4557 τούτῳ
1540 4492 1575 4557 τῷ
1587 4485 1658 4558 λόγῳ
1672 4489 1766 4557 χρησά-

159 4568 214 4620 τέον
228 4566 255 4621 δέ
265 4568 304 4620 δτι
314 4565 412 4630 πλείους
425 4567 480 4622 οἶδε
493 4571 569 4641 τύχας
579 4572 594 4625 ὁ
606 4575 776 4644 Δημοσθένης,
786 4575 827 4627 καὶ
836 4573 880 4641 τὴν
895 4573 938 4645 μὲν
985 4586 1055 4638 μενοι
1074 4565 1229 4633 ἠδυνήθησαν
1244 4565 1306 4619 κατά
1321 4566 1408 4637 μικρδν
1432 4568 1582 4637 μεταστῆσαι
1604 4564 1662 4635 πρὸς
1679 4563 1766 4627 αύτούς

159 4648 264 4720 ἄλογον,
274 4647 331 4700 οἵαν
342 4652 377 4719 τῷ
389 4648 508 4721 Φιλίππῳ
516 4652 609 4704 δίδωσι·
626 4652 671 4719 τὴν
684 4653 711 4707 δέ
724 4653 788 4725 παρά
799 4660 849 4707 τῶν
860 4673 938 4726 κρειτ-
983 4646 1040 4708 τοδς
1052 4644 1192 4711 Ἕλληνας·
1204 4646 1238 4707 ὣς
1250 4645 1277 4698 δὲ
1292 4647 1457 4717 κατώρθωσαν
1474 4645 1517 4698 τδν
1533 4643 1765 4710 Πελοποννησιακδν

159 4730 239 4782 τύνων
253 4727 294 4781 καί
303 4726 366 4781 κατά
379 4727 473 4798 λόγον,
486 4730 542 4783 οίαν
553 4731 671 4804 ύπάρχειν
684 4737 715 4805 τῇ
728 4733 798 4788 πόλει
812 4737 937 4805 μαρτυρεῖ,
983 4725 1108 4795 πόλεμον,
1123 4723 1223 4794 ῧπῑρθί
1244 4725 1285 4776 καὶ
1303 4724 1372 4778 νῦῒῡὶ
1389 4725 1507 4795 κῑφθνως
1525 4722 1586 4794 ύπῑρ
1603 4723 1628 4777 ῡί
1643 4722 1766 4789 Ἀθηναῖοι

159 4809 202 4863 ναί
220 4806 265 4876 τὴν
284 4807 327 4879 μὲν
349 4808 442 4880 μείζω,
466 4807 512 4875 τὴν
526 4810 667 4869 mum,
716 4812 794 4866 'nm
814 4813 939 4866 κάνταῦθα
983 4803 1082 4872 ἠδίκουν
1095 4803 1150 4864 τούς
1164 4802 1306 4872 Ἕλληνας·
1321 4803 1377 4857 εἶτα
1386 4803 1597 4875 ἀγανακτήσαντες
1609 4802 1668 4874 ύπίρ
1678 4804 1766 4859 τούτου

158 4891 335 4962 προτιμότερον
346 4887 412 4943 εἶναί
427 4908 487 4962 φησι
499 4889 544 4957 τὴν
559 4889 688 4959 Ἀθηναίων
703 4893 781 4964 τύχην
792 4896 835 4960 τῆς
846 4893 939 4949 (mlx.
986 4883 1108 4952 Ἀθηναῖοι
1118 4881 1250 4954 ίξάνεγκαν
1264 4883 1322 4954 ύπλρ
1338 4889 1387 4937 τῶν
1407 4883 1573 4954 ἀδικουμίνων
1584 4884 1694 4954 πόλεμον
1706 4884 1765 4955 πρὸς

159 4986 206 5021 που
219 4968 305 5038 τύχης,
320 4968 369 5022 RS.
983 4961 1203 5034 Λακεδαιμονίους·
1216 4962 1258 5015 καλ
1268 4960 1295 5015 ίκ
1311 4963 1397 5016 τούτου
1407 4964 1451 5028 τῆς
1464 4962 1629 5031 προσηγορίας
1649 4959 1736 5032 ἔτυχεν
1749 4963 1764 5015 ὁ

195 5042 240 5102 24,
258 5055 299 5091 ι2.
312 5038 441 5109 Σιίιρρονος
453 5036 646 5110 ρὶνάνθρύπου]
658 5036 782 5110 Ἐμηκυνι
792 5037 939 5106 τὴνάντίθε-
983 5041 1092 5113 πθλεμος
1103 5039 1117 5094 θ
1127 5040 1185 5111 ίνπίρ
1198 5045 1246 5093 τῶν
1262 5039 1415 5109 Ἑλληνικῶν
1427 5041 1540 5094 δικαίων.
1559 5042 1726 5096 BHRSTCV.

160 5135 198 5169 σιν
210 5117 251 5169 καὶ
262 5117 304 5169 τδν
320 5118 519 5188 προσκομίσαντα
531 5114 605 5181 αύτην
619 5115 720 5188 ἐπῄνεσε
738 5120 851 5188 σιίιρρυνα
865 5138 938 5188 προα-
1020 5122 1064 5186 25,
1079 5122 1104 5176 3.
1121 5121 1168 5174 ίίαί
1178 5119 1260 5174 πολλὰ
1270 5119 1333 5191 ίδίᾳ]
1343 5122 1387 5173 ίνα
1396 5119 1564 5192 λαμθάνοντες
1574 5121 1691 5191 χρήματα
1700 5122 1765 5193 παρλ

160 5196 249 5260 ειπὼν,
270 5196 379 5249 τουτέστι
397 5197 527 5267 φρόνιμον.
565 5196 612 5248 Παλ
634 5196 730 5268 μεγάλη
751 5196 800 5267 γὰρ
814 5196 876 5268 ῥοπὴ
899 5198 941 5251 καί
984 5198 1390 5270 Λακεδαιμονίωνσυγχωρησωσιν
1409 5197 1491 5260 αύτοῖς
1510 5197 1604 5252 ἀδικεῖν
1617 5198 1692 5263 ἀδεδις
1710 5201 1765 5262 τοῦς

159 5274 269 5328 τδθλον.
307 5273 401 5345 Ὥσπερ
412 5270 454 5328 οῦν
464 5276 645 5347 ἀγωνιζόμενθς
657 5274 940 5348 ἔστλτῷκομίσαντιτην
985 5279 1122 5347 Ἕλληνας.
1137 5279 1218 5333 ch,

265 5380 390 5417 οιιιοιιιτ.
403 5380 427 5417 ιι.
1632 5386 1659 5428 ³5
