3967 5967
259 422 317 473 ⁰70
797 407 940 469 ΣΧΟΛΙΔ
961 408 1026 469 ΕΙΣ
1046 409 1323 470 ΔΗΜΟΣΘΕΝΗΝ.

260 566 273 595 ε
295 544 366 616 νόμοι
379 544 586 615 παραῦαίνοντσι,
606 542 705 596 λίλυται
716 544 760 608 τῆς
773 541 922 603 πολιτείαςδ
938 541 1041 613 θεσμδς,
1089 542 1151 613 γήν·
1172 543 1286 613 δεύτερον
1305 541 1331 594 δλ
1350 542 1394 595 τδν
1412 539 1461 594 άπδ
1477 543 1521 594 τοῦ
1539 540 1684 604 ἐλάττονος·
1708 543 1811 597 ἕπονται
1833 543 1890 618 γάρ

262 645 275 674 ιι
296 625 321 677 σί
338 626 423 696 ἄτιμοι
435 623 523 678 λοιπδν
536 621 717 681 πολιτεύονται,
735 643 746 671 ιι
1090 622 1209 689 άλλήλοις
1221 623 1245 675 οί
1262 624 1347 686 τόποι,
1361 621 1403 675 καλ
1413 620 1528 691 ὁπότερος
1538 622 1568 673 ἂν
1580 621 1659 675 αὐτῶν
1673 621 1736 695 ῥηθῇ
1747 625 1885 695 πρότερος,

295 705 357 768 533,
384 708 426 756 16.
451 702 595 770 Ὤκνησαν,
617 699 720 766 εἴασαν,
744 699 822 762 ούδελς
839 700 934 773 ἥψατο]
957 700 1046 753 Πολλά
1090 702 1185 772 άνάγκη
1200 702 1334 755 τδνάλλον
1353 702 1465 773 δεύτερον
1483 702 1592 755 ἕπεσθαι.
1629 703 1716 772 Τρίτον
1728 702 1755 756 δέ
1773 704 1818 756 τδν
1833 705 1887 760 άπὸ

258 780 369 853 ὀνόματα
380 781 443 834 κατὰ
462 787 506 834 τοῦ
522 780 614 845 αύτοῦ,
628 782 692 833 ώστε
703 777 815 845 δηλῶσαι
828 777 873 845 τῆν
886 778 1038 850 ἡμερότητα.
1090 784 1134 833 τοῦ
1143 778 1206 846 ἴσον,
1217 782 1302 835 διότιό
1316 780 1421 853 μένάπδ
1431 785 1474 835 τοῦ
1489 781 1609 847 ἐναντίου,
1619 783 1765 854 παραλιπὼν
1774 786 1820 837 τδν
1833 786 1887 840 ἀπὸ

205 860 207 865 ’
295 862 363 927 533,
387 880 427 931 ¹7·
448 862 490 924 Τίς
504 862 533 913 ἂν
552 859 611 930 ύμῖν
627 857 676 911 ί’δοι
694 859 722 912 τδ
741 858 947 929 συγκεχωρηκὸς]
963 858 1046 919 Ούτως
1090 864 1134 914 τοῦ
1149 860 1496 932 ίσου,διύτι5μ“ενάπδτοῦ
1515 859 1626 914 ἐναντίου
1640 864 1794 933 σροδρότητα
1807 865 1888 919 ἐκίνει

259 944 361 1003 ίκαστος
378 940 448 994 αίδυῖ
463 944 506 1009 τῆς
522 939 606 1011 ἑορτῆς
624 939 688 995 πυλθ
700 939 730 993 τδ
749 942 894 1010 συγχωροῦν
910 937 966 1010 εἶχε
984 939 1047 992 κατὰ
1090 943 1143 1003 τοῖς
1155 940 1283 994 ἀκούουσιν
1297 943 1380 1011 ὥσπερ
1396 940 1420 994 οἱ
1431 942 1560 1012 πρότεροι,
1573 940 1587 993 ύ
1598 941 1624 995 δὲ
1636 940 1684 995 άπδ
1700 947 1745 995 τοῦ
1760 941 1815 996 ίσου
1826 944 1884 1010 ῆθι-

257 1021 303 1088 τῆν
314 1023 428 1093 γνώμην.
1091 1022 1137 1088 κήν
1151 1040 1207 1075 τινα
1219 1022 1285 1093 έχων
1298 1022 1436 1093 ἐπιτίμησιν
1449 1021 1600 1091 άμδλύτερος
1612 1017 1659 1088 ῆν·
1673 1026 1744 1076 τοῦτο
1756 1022 1783 1077 δέ
1796 1026 1886 1095 πόρρω

295 1102 361 1166 533,
376 1118 419 1155 κο.
435 1100 556 1153 Τοσοῦτον
571 1098 657 1169 άπέχει
668 1102 712 1152 τοῦ
723 1099 834 1169 χορηγόν
846 1116 912 1160 τινος
923 1096 1044 1168 ύήασθαι]
1091 1101 1264 1173 σροδρίτητος.
1301 1100 1408 1163 Εἰκότως
1419 1095 1462 1153 σύν
1476 1100 1562 1168 ἔθηκεν
1575 1100 1648 1154 αύτδν
1659 1101 1765 1169 πλησίον
1777 1108 1821 1170 τῆς
1834 1124 1886 1171 πη.

258 1180 369 1248 θύτωςή
384 1180 475 1252 γραρή.
487 1180 534 1232 ίίαλ
547 1178 594 1250 γὰρ
604 1177 707 1250 ῆρτηται
718 1183 762 1231 τοῦ
772 1178 824 1230 άνω
836 1198 848 1227 ι
861 1177 940 1239 οθδελς
951 1175 1045 1248 ἐχθρῶν
1090 1179 1234 1247 λικότητσς,
1251 1180 1294 1233 ίνα
1313 1178 1358 1246 τὴν
1377 1179 1524 1250 ἂμδλῦτητα
1538 1184 1583 1231 τοῦ
1595 1180 1672 1233 τόπον
1685 1179 1725 1233 διά
1743 1185 1787 1248 τῆς
1806 1182 1885 1249 αδξή-

260 1260 384 1326 ίκώλυσε,
402 1283 413 1309 ν
430 1261 500 1331 πόσῳ
516 1278 546 1330 γε
561 1259 636 1312 πλέον
650 1258 760 1329 χορηγόν
775 1278 827 1321 τις;
1091 1278 1151 1320 σεως
1171 1264 1214 1327 τῆς
1232 1259 1295 1313 κατίι
1314 1260 1469 1327 πηλικότητά
1488 1258 1586 1331 μᾶλλον
1606 1259 1721 1332 δρθώση,
1741 1262 1756 1327 ῆ
1779 1262 1821 1314 καί
1842 1283 1886 1316 συ-

295 1340 362 1403 533,
376 1357 419 1394 21.
438 1338 523 1400 ’λλλῦς
538 1338 604 1391 ἐστὶν
619 1335 783 1408 Ἀριστείδης]
796 1335 843 1389 Καὶ
856 1339 929 1389 τοῦτο
942 1334 990 1389 ἐπὶ)
1003 1338 1046 1388 τοῦ
1091 1342 1178 1413 σκιάσῃ
1191 1341 1220 1394 τδ
1238 1339 1323 1407 ῆθικδν
1336 1340 1410 1393 αὐτοῦ
1423 1340 1463 1392 διὰ
1478 1346 1526 1393 τῶν
1539 1348 1714 1412 πραγματικῶν
1735 1345 1817 1397 τόπων
1836 1349 1885 1398 τοῦ

259 1414 398 1479 ἐλάττονος.
435 1416 516 1471 Ἔνθα
525 1415 572 1488 γάρ
585 1416 732 1488 εὐποροῦμεν
747 1415 869 1469 πλειόνων
883 1415 1048 1485 παράδειγμά·
1091 1422 1149 1490 πρὸς
1160 1441 1183 1473 τι
1194 1422 1235 1474 καὶ
1248 1426 1291 1488 τῆς
1305 1421 1478 1487 πηλικότητσς.
1781 1425 1783 1428 ’

259 1516 321 1562 των,
333 1495 362 1549 οθ
374 1497 534 1567 παραιτητέον
548 1495 575 1548 ἐκ
588 1500 637 1549 τῶν
655 1494 736 1549 αθτῶν
748 1498 831 1549 τόπων
844 1494 964 1556 πολλάκις
981 1493 1047 1564 λαμ·
1129 1503 1196 1566 534,
1213 1507 1257 1566 σή,
1272 1502 1357 1555 Τισίαν
1376 1502 1418 1554 τὸν
1436 1500 1584 1571 ’ίρικράτους
1602 1499 1727 1573 άδελρδν]
1745 1502 1810 1555 Ἰδού
1831 1504 1884 1577 γὰρ

259 1579 354 1631 δύνειν.
1091 1583 1133 1634 καί
1150 1586 1193 1648 τῆς
1209 1583 1285 1651 τύχης
1296 1580 1469 1651 παρασχούσης
1483 1576 1527 1643 τῆν
1547 1580 1666 1649 πρόφασιν
1691 1580 1817 1653 (ήδύνατο
1832 1584 1884 1656 γάρ

296 1655 363 1720 533,
385 1670 430 1709 κο.
450 1651 595 1722 ’ίίτυχηκώς
614 1671 638 1704 τῑ
656 1652 699 1705 καλ
714 1645 784 1714 Οὗτος
798 1655 928 1721 τῠῑῠΰτῠθ]
949 1651 1047 1723 Ἄστρα·
1090 1660 1131 1713 διά
1143 1660 1185 1713 τ“ον
1198 1659 1304 1730 άδελρδν
1317 1658 1466 1729 ἐπηρεάσαι)
1480 1657 1523 1709 οθκ
1535 1656 1682 1728 ἐτόλμησεν.

260 1736 325 1796 τείας
338 1732 467 1799 ἑαλωκώς.
505 1733 585 1787 Πάλιν
597 1731 623 1785 δέ
637 1730 748 1802 ἐνέμεινε
769 1736 806 1803 τῷ
819 1734 930 1803 σκοπῷί
952 1730 1048 1801 ήτυχη-
1127 1741 1232 1811 φρηηῶη
1246 1741 1267 1790 δ’
1282 1738 1318 1809 ἐφ’
1331 1737 1409 1809 ἐαυτῷ
1421 1737 1588 1808 τηλικοῦτον]
1603 1738 1760 1809 Πρῶτηςγὰρ
1776 1737 1883 1811 ''W“

260 1816 308 1876 κώς
324 1839 336 1861 ι
353 1812 438 1877 εἰπὼν,
452 1812 495 1866 οὔκ
511 1834 523 1861 ε
537 1809 668 1879 ἠδικηκώς·
686 1832 697 1860 ο
724 1868 727 1874 s
1092 1836 1135 1885 της
1149 1824 1225 1888 τιμῶν
1241 1817 1327 1888 ἔτυχεν
1342 1814 1378 1870 ών
1400 1814 1524 1887 Ἁρμόδιος
1537 1816 1579 1868 καί
1600 1815 1790 1888 Ἀριστογείτων.
1833 1820 1882 1872 ίίό·

297 1894 366 1955 533,
379 1893 424 1945 53.
441 1892 488 1944 ίίαί
499 1891 581 1958 ἥττων
593 1887 730 1961 χορευτής]
743 1889 888 1957 Δυσκίνητος
901 1890 949 1961 γάρ
965 1890 1005 1942 διὰ
1019 1890 1049 1944 τδ
1093 1915 1170 1961 νωυος
1184 1897 1227 1970 μὲν
1241 1897 1395 1969 γάρπρῶτον
1409 1895 1517 1966 χαλκοῦς
1531 1894 1628 1966 ἀνδριάς
1639 1896 1709 1964 ἔστη,
1722 1897 1789 1951 άλλίι
1800 1900 1884 1972 τούτῳ

261 1976 339 2044 θῆρας
353 1970 459 2042 effluo.
1093 1978 1162 2049 μόνῳ
1180 1977 1299 2048 ἐτιμήθη·
1322 1976 1459 2048 ’ίρικράτης
1471 1975 1497 2028 δέ
1516 1975 1617 2038 καὶτὰς
1635 1976 1713 2039 ἄλλας
1726 1979 1818 2050 δωρεάς
1838 1980 1883 2042 τὰς

298 2051 367 2117 533»
389 2054 432 2113 λθ·
446 2048 497 2101 Ἦν
512 2048 539 2101 δέ
556 2046 612 2101 ποθ’
626 2044 736 2118 mm
743 2049 786 2112 ῖῆῖ
803 2046 882 2118 Ῡλλῆς
900 2046 1046 2117 λθρθφθῗθς]
1093 2056 1193 2119 ἐκείνοις
1203 2058 1358 2129 ψηρισθείσας
1371 2055 1470 2120 έλαύεν,
1484 2057 1548 2108 ῶστε
1559 2055 1601 2107 καί
1611 2074 1666 2109 τινα
1679 2062 1728 2110 τῶν
1739 2057 1779 2129 ἆρ’
1797 2058 1885 2130 Ἁρμο-

261 2130 311 2183 Τλν
332 2126 543 2201 χοροθῑδύπαλοθ
563 2125 639 2197 λίϊῑῑ-
678 2126 708 2178 (λλ
720 2125 767 2197 γὰρ
781 2127 898 2197 χῠρῑυῐαλ
911 2122 935 2188 ἐξ
954 2125 1049 2193 θῆσθε
1093 2137 1145 2188 δίου
1155 2138 1299 2189 δικάσασθαι
1308 2140 1344 2208 τῶ
1358 2135 1487 2206 ’ίρικράτει
1497 2134 1552 2205 περί
1563 2140 1611 2188 τῶν
1625 2137 1723 2206 δωρεῶν
1734 2138 1767 2199 ὡς
1779 2137 1884 2201 ἀναξίως

262 2208 409 2281 ἐπελέγοντο
424 2213 467 2275 τῆς
482 2206 573 2278 φυλῆς,
588 2212 638 2259 τῶν
654 2205 680 2258 δέ
693 2212 818 2276 χορευτῶν
834 2207 916 2277 μύλων
930 2201 961 2272 θλ
972 2225 1049 2276 Χῡρῡ·
1094 2214 1206 2270 λαδόντι.
1245 2215 1292 2267 Καί
1304 2214 1355 2269 ἐστι
1368 2216 1456 2269 Λυσίου
1471 2214 1547 2285 λόγος
1560 2212 1592 2276 εἰς
1611 2214 1748 2286 ’ίρικράτην
1760 2216 1883 2290 ἀναφερό-

261 2289 417 2350 διδάσκαλσς.
455 2286 524 2348 Τινὲς
545 2286 572 2338 δὲ
597 2284 710 2357 λέγουσιν
728 2286 767 2337 ότι
787 2285 858 2356 δμέν
879 2284 956 2346 ἄλλος
974 2283 1049 2355 χορδς
1094 2316 1180 2368 μενος,
1197 2297 1263 2368 ἔχων
1279 2296 1324 2363 τὴν
1338 2294 1472 2368 ἐπιγραφὴν
1486 2318 1497 2345 ι
1512 2296 1630 2366 περὶτῶν
1646 2296 1721 2350 αύτοῦ
1737 2300 1880 2371 δωρεῶν,ι

261 2369 376 2439 διάφορος
396 2370 430 2419 ὢν
447 2364 471 2427 ἐξ
484 2364 570 2417 ἄλλω]
583 2364 666 2435 φυλῶν
679 2364 869 2433 mmm&
889 2366 971 2435 Ρὲῖῖθῑ
991 2363 1049 2434 λῖῑ·
1094 2376 1119 2431 ἐν
1132 2373 1154 2450 ᾧ
1168 2378 1286 2448 σκωρθείς
1304 2376 1337 2439 είς
1350 2378 1489 2447 δυσγένειαν
1507 2374 1572 2446 παρά
1586 2380 1629 2429 τοῦ
1648 2379 1789 2449 κατηγόρου
1806 2381 1883 2451 ρησίν

263 2450 317 2520 μὼν
330 2448 344 2501 ὅ
357 2448 487 2517 κορυφαῖος
500 2445 543 2498 καλ
555 2445 645 2516 μείζων
657 2444 706 2499 ἐπὶ)
716 2448 760 2511 τῆς
774 2444 863 2507 ῠίκῑίας
873 2439 903 2511 θλ
917 2443 1003 2515 φυλῆς·
1096 2456 1134 2509 δτι
1150 2478 1160 2506 ι
1177 2456 1206 2509 τδ
1219 2456 1262 2527 μὲν
1276 2455 1337 2526 ἐμδν
1349 2457 1420 2528 γένος
1439 2453 1479 2509 ἀπ’
1494 2454 1555 2526 ἐμοῦ
1566 2453 1611 2522 τήν
1630 2454 1709 2527 άρχῆν
1724 2462 1768 2511 τοῦ
1789 2461 1884 2531 γνωρί-

300 2527 369 2589 σει,
392 2541 437 2593 27.
452 2523 536 2585 ουτος
550 2523 645 2577 ποειτ’
660 2521 746 2593 εισι]
763 2522 796 2575 τι
808 2523 856 2594 ηερ
870 2519 900 2590 τι
921 2522 1050 2584 amad<
1097 2534 1209 2594 ..γεῦσαι
1220 2534 1356 2604 ταράττει.
1374 2534 1403 2587 το
1415 2533 1442 2586 οὲ
1454 2532 1497 2585 σ’νν
1511 2535 1583 2604 νέκιι
1595 2539 1639 2587 τοῦ
1657 2533 1702 2601 τὴν
1716 2536 1788 2598 δόξαν
1808 2538 1883 2607 ἔστι»

262 2603 438 2665 ύδιδάσκαλος
459 2608 503 2657 τοῦ
516 2606 607 2673 χοροῦ,
630 2601 754 2675 πρόδηλον
773 2605 812 2656 ύτι
831 2604 861 2655 τδ
879 2602 1050 2673 πλεονέκτημα
1097 2630 1200 2666 «σενι
1240 2613 1290 2665 ’ίίν
1311 2611 1398 2684 γάρό
1426 2610 1561 2682 Ἰφικράτης
1581 2610 1607 2666 ἐκ
1628 2616 1732 2668 σκυτέων
1753 2620 1881 2688 γεγονὼς,

263 2686 376 2758 ἐγίγνετο
394 2687 438 2737 τοῦ
459 2682 640 2755 άντιχορηγοῦ·
662 2683 772 2738 διελύετο
782 2681 830 2755 γάρ
851 2682 923 2737 ότοῦ
941 2683 1048 2755 ριλονει·
1093 2689 1242 2761 ηθδοκίμησε
1253 2691 1280 2745 δὲ
1293 2691 1333 2744 διδ
1345 2689 1434 2759 ταύτην
1446 2688 1491 2755 τῆν
1509 2692 1638 2761 πρόφασιν.
1675 2692 1828 2765 Στρατιώτης
1845 2702 1883 2753 ῶν

262 2770 364 2826 κοῦντος
376 2765 460 2836 χορός.
1094 2771 1136 2823 καὶ
1147 2778 1281 2843 ναυμαχῶν
1301 2771 1420 2839 ἐπήδησεν
1433 2769 1481 2824 άπδ
1493 2773 1536 2837 τῆς
1553 2770 1627 2824 αύτοῦ
1639 2774 1699 2836 νεὼς
1710 2772 1743 2837 είς
1758 2775 1882 2849 πολεμίαν

300 2856 367 2919 533,
380 2872 424 2924 29.
438 2845 539 2923 Διάγέιρ
548 2853 577 2905 τδ
590 2853 643 2905 δεῖν
656 2850 748 2922 αθτδν]
765 2849 878 2906 Ἐκέλευε
890 2851 939 2923 γὰρ
952 2851 1051 2923 δνύμος
1092 2851 1196 2923 τριήρη,
1212 2852 1254 2904 καί
1265 2850 1307 2905 τὸν
1324 2850 1462 2922 στρατηγὸν
1476 2855 1524 2904 τῶν
1546 2850 1672 2921 πολεμίοιν
1686 2851 1882 2927 ἐνσγκαλισάμε·

264 2936 320 2998 τοθς
331 2934 409 2997 ξένους
422 2930 570 3003 προσκαλεῖν
582 2930 642 3001 πρδς
653 2928 696 2983 τδν
708 2929 831 3000 άίρχοντα,
846 2932 901 2993 τούς
911 2931 937 2986 δὲ
951 2930 1051 3003 άτίμσυς
1094 2951 1135 2994 νος
1155 2932 1276 3003 μετῆλθεν
1294 2926 1362 2992 αὖθις
1376 2930 1442 3001 ἔχων
1462 2930 1535 2983 αθτδν
1552 2929 1585 2993 εἰς
1598 2930 1643 2997 τήν
1665 2930 1756 2985 οίκείαν
1777 2935 1881 3006 τριήρη,

264 3013 473 3086 ἐπιλαμῦάνεσθαι
486 3012 529 3074 τῆς
543 3009 626 3081 χειρδς
636 3007 678 3060 καί
693 3007 787 3079 ἐξάγειν
802 3007 828 3061 ἐκ
842 3013 885 3076 τῆς
897 3011 1012 3083 θυμέλης.
1094 3013 1136 3065 καὶ
1149 3012 1189 3064 διά
1205 3016 1278 3065 τοῦτο
1298 3015 1341 3077 τῆς
1359 3009 1479 3081 ἀριστείας
1490 3010 1622 3073 ἐπαινεθείς
1635 3012 1773 3083 στρατηγός
1786 3012 1883 3085 ἐχειρο·

303 3093 369 3157 534,
391 3108 419 3146 2.
433 3089 528 3160 Ὥσπερ
542 3089 571 3141 άν
587 3087 608 3141 εί
627 3088 694 3150 ξένον
708 3091 762 3157 τις]
775 3085 811 3140 Ού
828 3085 876 3159 γάρ
899 3087 954 3154 ἐξῆν
968 3088 1052 3151 άλλως
1094 3091 1197 3159 τονήθη,
1213 3090 1255 3144 καλ
1265 3089 1330 3161 παρὰ
1343 3090 1434 3151 πάντας
1446 3089 1502 3151 τούς
1511 3089 1662 3161 στρατηγούς
1671 3089 1726 3152 τοῦς
1739 3093 1794 3145 τότε
1805 3094 1884 3163 μείζω

265 3169 380 3233 τδνξίνυν
387 3165 491 3238 ἐξάγειν,
503 3163 569 3218 άλλίι
576 3165 805 3236 προσκαλεσάμενον
814 3165 871 3235 πρδς
881 3165 922 3218 τδν
930 3166 1049 3238 άρχοντα.
1094 3169 1139 3237 τήν
1152 3169 1224 3224 πόλιν
1237 3170 1373 3240 ώρέλησεν.

302 3252 369 3315 534,
384 3252 410 3312 4.
427 3247 547 3317 Δθτύχειρ
561 3244 684 3315 ύρθῆναι]
699 3242 765 3314 Ὅρα
778 3245 844 3307 ὅπως
856 3244 886 3298 'sb
898 3252 948 3299 τῶν
963 3244 1051 3317 &2590-
1131 3252 1198 3316 535,
1220 3267 1243 3306 τ.
1262 3250 1313 3303 Ούκ
1327 3249 1437 3311 ἐόιίδιζεν
1450 3247 1490 3301 ἒπλ
1500 3247 1543 3311 τάς
1556 3253 1604 3301 τῶν
1618 3251 1766 3320 χρυσοχόων
1783 3250 1881 3325 οίκίας]

264 3334 347 3404 φόνων
364 3329 444 3400 ίίνομα
467 3326 553 3393 ἐθηκεν
576 3324 616 3378 ἐπί
636 3330 683 3377 τῶν
703 3323 822 3394 ίιδριστῶν
840 3322 913 3395 ἐγγύς
932 3331 1008 3379 ποιῶν
1023 3327 1052 3380 τδ
1095 3331 1142 3383 Δύο
1156 3331 1285 3398 πεποίηκεν
1299 3329 1324 3382 ἐν
1338 3328 1428 3401 ταύτιῖι.
1467 3327 1514 3379 ίίαλ
1527 3327 1589 3381 κατὰ
1601 3327 1722 3400 άναίρεσιν
1735 3328 1882 3403 είσήγαγεν,

266 3409 438 3484 πλημμέλημα
453 3405 518 3478 παρά
531 3408 621 3471 ταῦτα,
639 3402 661 3457 εί
672 3402 787 3458 ἐκῦάλλει
800 3408 843 3457 τοῦ
860 3409 937 3476 χοροῦ
951 3407 992 3460 τδν
1013 3408 1051 3459 δι·
1096 3411 1154 3481 ὅπερ
1176 3409 1267 3464 οἰκεῖον
1284 3411 1337 3472 τοῖς
1359 3409 1408 3463 &ab
1428 3412 1472 3461 τοῦ
1496 3405 1607 3461 ἐναντίου
1629 3407 1817 3481 ἐπιχειρήμασι,
1842 3410 1885 3463 καί

264 3490 401 3545 δάσκαλον.
1096 3498 1172 3545 ταῦτα
1197 3491 1263 3545 εἶπεν
1285 3489 1378 3544 ἐκεῖνον
1409 3486 1442 3560 μῆ
1464 3490 1636 3554 πεποιηκέναι,
1663 3489 1722 3560 άπερ
1741 3487 1813 3551 αύτδς
1837 3489 1885 3544 ύπδ

303 3573 369 3636 534,
386 3586 412 3636 7·
425 3566 480 3620 Τῶν
496 3563 661 3631 ἐθηλωλθῑωθ
675 3563 811 3636 π(λλλᾶλῑεί
826 3565 903 3617 λῦλῑῖ
918 3564 961 3636 μὲν
978 3566 1052 3618 καθύ·
1096 3572 1197 3624 Μειδίου
1210 3571 1324 3625 πέπονθε.
1361 3569 1440 3622 Τοῦτο
1452 3567 1501 3639 γάρ
1515 3563 1578 3619 ίδιον
1589 3569 1766 3638 Δημοσθένους,
1783 3568 1811 3621 τύ
1825 3569 1885 3622 πολ·

267 3653 312 3705 λου
325 3651 407 3721 λέγειν
418 3648 531 3717 περὶτῶν
542 3650 669 3717 χορηγῶν,
686 3644 793 3717 μάλιστα
804 3644 831 3698 δέ
842 3644 916 3699 αύτδν
928 3646 1051 3717 σημαίνει,
1095 3641 1207 3713 λάκιςτδ
1221 3648 1282 3703 αθτίι
1298 3648 1405 3719 λέγοντα
1415 3647 1512 3718 φεύγειν
1526 3646 1555 3699 τδ
1568 3645 1698 3717 προσκορές
1708 3645 1749 3698 διθι
1759 3650 1803 3713 τῆς
1812 3644 1884 3709 ἐξαλ·

266 3728 307 3784 θτι
317 3731 396 3783 πάντα
409 3724 440 3779 τά
452 3724 511 3776 ὄντα
523 3721 556 3785 είς
566 3720 610 3789 τὴν
623 3722 744 3793 χορηγίαν
756 3722 892 3776 ἀνάλωσεν.
1097 3731 1176 3801 λαγῆς
1190 3735 1238 3783 τῶν
1252 3728 1362 3801 μεθόδων
1376 3726 1418 3779 καί
1431 3731 1479 3779 τῶν
1494 3726 1640 3796 σχημάτων.

268 3816 272 3821 ’
305 3809 366 3874 534,
382 3824 423 3860 ιο.
440 3804 486 3857 ίίαί
497 3803 646 3874 προορᾶσθαι
659 3801 701 3864 τλε
713 3802 829 3875 θμετὲρας
842 3802 984 3875 βουλύοεῑτ]
996 3802 1054 3857 ⁰01¹
1134 3810 1195 3874 535,
1207 3815 1233 3865 6.
1250 3807 1398 3880 ’ίίνείχετοή
1412 3803 1462 3872 Τήν
1474 3806 1601 3876 καρτερίαν
1614 3804 1698 3873 δηλοῖ,
1710 3806 1749 3858 δτι
1760 3802 1802 3857 καὶ
1813 3804 1885 3857 άνιώ-

267 3889 313 3942 κᾶν
325 3883 341 3960 ᾖ
355 3888 472 3958 νόμιμον,
487 3883 516 3935 ού
534 3884 626 3936 ποιεῖτε
640 3883 671 3934 δι’
687 3882 818 3935 εύσέύειαν.
858 3879 992 3935 Ἐδούλετο
1007 3883 1054 3955 γὰρ
1098 3907 1169 3959 μενος
1182 3888 1305 3958 ύπέρερεν,

266 3965 371 4037 δδῆμος
386 3962 478 4034 μηδένα
498 3958 600 4030 θύροὸον
619 3959 731 4030 γίνεσθαι
754 3959 816 4013 κατὰ
837 3957 881 4026 τήν
898 3960 999 4033 ἑορτήν·
1014 3961 1055 4013 διὰ
1134 3966 1199 4030 535,
1217 3986 1243 4034 9.
1265 3965 1343 4017 [ίάλιν
1361 3964 1533 4033 Φιλόστρατον
1545 3967 1553 4032 ]
1566 3963 1681 4033 Δεύτερον
1695 3961 1742 4017 άπδ
1755 3965 1799 4015 τοῦ
1817 3964 1885 4018 έναι·

267 4049 342 4099 τοῦτο
356 4042 404 4113 γάρ
417 4042 462 4093 κάν
475 4038 621 4110 παρανόμως
632 4057 667 4099 τις
680 4035 831 4109 ἠγωνίζετο,
851 4039 879 4092 ού
900 4042 1054 4111 συνεχώρουν
1097 4044 1149 4096 τίου
1162 4046 1326 4115 παράδειγμα.
1342 4043 1389 4095 ίίαί
1402 4042 1450 4114 γὰρ
1461 4042 1566 4114 Χαόρίας
1576 4043 1708 4114 γενόμενός
1721 4062 1784 4095 τισιν
1797 4043 1884 4116 ἐχθρδς

268 4124 342 4177 αύτδν
355 4122 497 4192 ἐξάγεσθαι,
511 4118 578 4171 ἀλλὰ
589 4118 645 4171 τότε
659 4116 701 4190 μὲν
716 4117 891 4191 ἀγωνίζεσθαι,
908 4120 969 4191 μετὰ
978 4125 1055 4174 ταῦτα
1098 4122 1167 4175 οῦδὲν
1181 4120 1216 4175 ὧν
1229 4123 1330 4184 Μειδίας
1344 4120 1466 4188 ἐποίησεν.

266 4205 295 4259 δέ
307 4202 430 4275 κρίνεσθαι
439 4200 611 4271 προσέταττον.
1135 4202 1200 4267 535,
1218 4219 1260 4256 10.
1273 4200 1323 4267 Τὴν
1335 4201 1390 4272 περὶ
1404 4199 1518 4271 Ὠρωποῦ
1532 4201 1628 4271 κρίσιν]
1646 4195 1676 4251 Ὅ
1689 4198 1794 4270 λίαὸρίας
1805 4200 1883 4273 ἔπειθε

306 4286 371 4348 534,
390 4284 431 4336 18.
454 4279 560 4333 ίίολλῶν
576 4278 656 4331 τοίνυν
671 4274 693 4330 ὦ
712 4276 797 4349 ἄνδρες
814 4278 954 4350 Ἀθηναῖοι]
969 4279 995 4332 Γ’
1013 4281 1055 4334 τύ,
1099 4279 1215 4348 θηύαίοις
1230 4281 1350 4350 βοηθῆσαι
1366 4278 1522 4346 Ἀθηναίους,
1537 4280 1579 4331 δτε
1591 4277 1752 4341 ἐκινδύνευον,
1770 4277 1825 4332 εἶτα
1839 4300 1883 4332 σω-

268 4386 313 4428 πος
324 4363 371 4419 άπδ
384 4365 428 4415 τοῦ
440 4359 561 4413 ἐναντίου.
575 4359 648 4413 BSY.
686 4358 823 4431 Πληρώσας
839 4360 880 4413 καί
897 4360 998 4415 τδνάπδ
1012 4366 1056 4416 τοῦ
1099 4363 1178 4422 θέντες
1199 4357 1338 4414 άπέσπασαν
1365 4360 1408 4412 τδν
1429 4357 1554 4429 Ὦρωπδν,
1579 4359 1672 4429 χωρίον
1695 4356 1719 4410 ἐν
1741 4360 1793 4420 τοῖς
1810 4357 1882 4429 δρίοις

270 4444 401 4504 ἐλάττονος
416 4443 491 4495 τύπον
512 4438 632 4512 μετῆλθεν
648 4438 687 4493 ἐπί
702 4438 745 4493 τδν
764 4444 807 4493 τοῦ
822 4439 941 4494 ἐναντίου.
979 4436 1057 4504 Ούτος
1099 4442 1219 4512 κείμενον·
1234 4440 1377 4506 ύπιυπτεύθη
1387 4434 1645 4508 οθνδστρατηγδςώς
1656 4438 1769 4499 συνειδὼς
1779 4437 1820 4491 καί
1829 4458 1883 4508 προ-

269 4527 299 4580 δέ
312 4524 362 4579 ἐστι
374 4524 492 4583 τοιοῦτος.
533 4518 721 4591 ’ίρικράτηςκαί
735 4519 840 4591 Χαδρίας
853 4519 939 4591 ἐχθροί
956 4523 1057 4593 γινόμε·
1099 4521 1182 4582 δοσίας
1205 4518 1298 4591 ἐκρίθη.
1334 4520 1369 4571 To
1387 4519 1414 4572 δέ
1431 4520 1537 4571 θανάτου
1554 4518 1614 4587 ῆτη
1627 4518 1681 4588 περί
1697 4523 1797 4581 κοινῶς,
1812 4514 1881 4590 ίναή

271 4605 311 4659 νοί
322 4622 395 4667 τισιν,
413 4600 427 4654 ό
444 4599 487 4672 μὲν
501 4599 616 4664 Διοκλεῖ,
633 4599 685 4652 όδέ
699 4599 875 4673 Φιλοστράτιρ,
891 4603 1003 4654 τοιοῦτον
1014 4600 1055 4653 ού·
1100 4601 1144 4668 τῆν
1158 4601 1213 4672 περί
1225 4601 1365 4667 θανάτου,ή
1380 4599 1493 4663 ἐλλιπῶς,
1506 4600 1547 4652 ὅτε
1561 4598 1669 4669 ἐκρίνετο
1679 4595 1723 4665 τῆν
1737 4598 1792 4669 περί
1805 4597 1881 4670 Ὠρω-

270 4683 312 4738 δέν
325 4682 451 4750 ἐποίησαν,
463 4677 507 4732 οθκ
518 4678 620 4746 ἐσθῆτας
629 4677 759 4749 ἠφάνισαν,
775 4678 803 4731 οθ
817 4680 949 4751 στεφάνους
958 4680 1057 4751 διέρθει·
1100 4685 1147 4736 ποῦ
1159 4683 1247 4753 κρίσιν,
1268 4681 1302 4733 ἵν’
1318 4677 1334 4753 ᾖ
1350 4680 1455 4733 θανάτου
1473 4680 1614 4750 πικρότερον
1628 4678 1777 4749 γενόμενον·
1791 4678 1834 4731 ἵνα
1848 4679 1881 4749 μή

273 4789 328 4842 ραν,
341 4767 385 4824 ούκ
393 4766 457 4822 ίίλλο
467 4764 546 4830 ούδέν,
558 4765 660 4828 Μειδίας
668 4763 818 4818 δέτάναντία
829 4766 921 4818 τούτων
932 4764 1056 4835 ἐποίησεν,
1100 4780 1136 4823 τις
1148 4759 1260 4832 θπῦλᾶθῃ
1273 4761 1311 4813 ὅῐῑ
1333 4757 1349 4825 θ
1368 4758 1473 4829 πρᾳότης
1493 4761 1537 4811 τοῦ
1555 4757 1710 4828 Υραψαμὲλῡυ
1724 4761 1881 4831 *mmuh

270 4851 336 4903 ὥστε
356 4847 474 4903 τάναντία
494 4842 593 4908 ἐκείνοις
614 4844 707 4916 πράξει.
743 4844 777 4899 Ei
792 4846 873 4898 τοίνυν
891 4845 982 4900 ἐκεῖνοι
1000 4848 1057 4900 θαυ·
1100 4839 1287 4911 παρεσκεύασεν·

271 4928 363 5000 μασι-σί
382 4929 426 4994 τῆς
443 4923 584 4988 ἐπιεικείας,
602 4925 714 4995 μισητέος
728 4924 775 4995 ἄρα
794 4928 837 4992 τῆς
857 4924 1004 4996 θρασύτητος
1017 4920 1059 4980 ού
1138 4921 1205 4985 535,
1221 4938 1261 4972 11.
1274 4919 1320 4971 ίίαλ
1331 4920 1429 4972 πάντων
1439 4922 1487 4970 τῶν
1500 4918 1645 4988 κατηγόρων
1657 4916 1819 4987 πικρότατον]
1829 4915 1881 4967 Τῶν

273 5026 324 5070 τος.
365 5005 458 5061 Ἰστέον
480 5002 508 5057 δέ
525 5004 564 5056 δτι
584 5003 627 5056 τδν
643 5002 691 5057 άπὸ
704 5008 746 5058 τοῦ
761 5005 872 5076 μείζονος
889 5005 964 5059 τόπον
986 5005 1058 5072 ἔθηκε
1103 4998 1145 5070 μὲν
1160 4997 1207 5070 γὰρ
1216 4998 1301 5051 ἄλλων
1317 4997 1350 5060 είς
1361 4998 1477 5068 χρήματα
1492 4997 1636 5068 τιμωμένων
1656 5000 1691 5067 τῷ
1704 4994 1797 5067 Χαὸρίᾳ
1811 4997 1883 5067 μόνος

274 5092 382 5157 πρῶτον,
403 5080 485 5149 ἐπειδὴ
507 5082 595 5135 νεωστί
607 5082 724 5138 ἐπέπαυτο
741 5084 834 5147 δεικνύς
852 5084 895 5137 ούκ
907 5083 973 5146 άξισν
994 5084 1059 5138 εἶναι
1103 5077 1194 5141 ἐκεῖνος
1208 5079 1312 5131 θαλέων
1327 5075 1469 5148 ἔτιίλῖίῖλῖθ·

277 5158 427 5228 συγγνώμης
449 5155 492 5208 τδν
510 5153 624 5220 Μειδίαν,
645 5155 687 5208 καί
707 5154 842 5226 ἀναγκαῖον
861 5152 891 5222 ἦν
909 5162 944 5228 τῷ
964 5157 1059 5228 μείζονι
1139 5160 1203 5224 535,
1227 5175 1271 5229 ²9·
1296 5153 1443 5227 Ἡράκλεις]
1468 5153 1511 5207 Ἐν
1534 5157 1587 5219 τοῖς
1608 5155 1671 5227 ἄγαν
1691 5154 1776 5216 κακοῖς
1796 5151 1882 5207 ἐπεκα·

273 5233 414 5308 χρήσασθαι
431 5234 489 5305 πρδς
502 5233 531 5287 τδ
543 5233 635 5302 μέλλον
649 5238 746 5302 κινῆσαι
757 5235 812 5297 τούς
827 5232 958 5297 άκούοντας
972 5234 1005 5298 είς
1016 5235 1058 5307 όρ·
1102 5238 1191 5293 λοῦντο
1202 5237 1245 5292 τδν
1258 5237 1313 5292 θεδν
1326 5237 1359 5299 ώς
1372 5234 1523 5299 άλεξίκακον.
