3967 5967
213 478 274 531 ⁰52
756 472 894 531 ΣΧΟΛΙΑ
919 472 982 532 ΕΙΣ
1008 471 1282 533 ΔΗΜΟΣΘΕΝΗΝ.

209 599 295 671 δόμῳ,
313 599 396 654 ἔπειτα
415 602 576 671 προτεθῆναι,
597 598 652 654 εἶτα
671 600 757 654 λαὸεῖν
776 602 819 655 τόν
835 604 990 674 γραμματέα,
1072 605 1135 668 486,
1151 607 1196 666 94.
1213 601 1329 655 λλλόύκ
1345 601 1370 655 έν
1384 599 1406 673 ᾧ
1421 606 1462 653 νῦν
1483 602 1543 671 δδε]
1561 600 1682 672 Ἀφεψίων-
1696 582 1760 654 ύύτω
1771 601 1821 672 γὰρ

209 679 251 731 καί
265 678 326 750 μετά
340 684 416 732 ταῦτα
429 680 484 741 τοδς
500 681 640 742 δικάζοντας
654 679 765 735 ἀκούσαι.
813 682 868 743 Πῶς
880 677 923 734 σύν
938 682 991 735 εἶτα
1038 681 1143 750 βέλτιον.
1181 681 1256 751 Σαφές
1278 681 1304 734 δέ
1324 684 1397 734 τούτο
1416 680 1441 733 έν
1459 679 1497 742 οίς
1516 680 1568 746 έξῆς
1591 678 1712 750 ἐγγυητὴν
1733 681 1820 733 δίδωσι

209 761 305 827 πρῶτον
316 758 371 827 παρ’
387 757 463 828 ύμῖνς
475 757 552 819 ούδείς
568 759 615 830 γάρ
631 759 678 830 πρίν
697 760 776 812 αύτῶν
786 760 861 821 ἀλλος
879 756 924 828 ἧν,
938 760 994 814 ούδέ
1037 760 1172 830 Φορμίωνα
1189 762 1232 825 τῆς
1244 759 1403 828 νομοθεσίας,
1419 759 1458 811 ότι
1473 757 1574 829 ἀκύρους
1585 758 1628 820 τάς
1641 758 1732 829 δωρεάς
1750 752 1820 829 λέγει

209 834 308 906 έκύρουν
322 836 378 897 τοδς
396 836 576 908 εἰσφερομένους
590 840 695 911 νόμους,
712 839 733 892 εἰ
751 837 784 911 μὴ
804 839 828 891 οί
846 842 991 910 νομοθέται,
1037 840 1065 900 ἃς
1076 837 1283 910 ἔδωκενόδῆμος.
1296 838 1377 892 TCV.

208 916 297 977 οἵτινες
311 916 459 986 ἐκληροῦντο
474 918 614 989 δοκιμάζειν
626 920 681 982 τούς
693 921 789 991 νόμους.
805 920 887 973 TCV.
1072 921 1135 981 486,
1155 919 1198 970 25.
1218 918 1264 970 Καὶ
1277 920 1392 987 πρόφασις
1411 917 1509 987 δικαία]
1526 913 1569 967 Ἐν
1588 912 1610 985 ᾧ
1632 915 1680 987 γάρ
1699 914 1821 986 εἰσέφερον

244 994 307 1058 485,
326 996 367 1047 ιθ.
390 993 446 1047 Ἵνα
467 990 532 1069 εἷς]
554 999 609 1069 περὶ
623 1005 671 1051 τῶν
685 1000 764 1052 όντων
784 997 885 1052 ἑκάστου
903 1000 991 1070 νόμος]
1038 995 1144 1068 νόμιμοί
1166 997 1220 1067 περὶ
1237 996 1409 1066 Δημοσθένην,
1427 995 1483 1056 τοὶις
1505 991 1614 1056 ἀναξίους
1632 992 1823 1063 δοκιμασθέντας

207 1074 250 1126 ἵνα
264 1071 297 1145 μὴ
309 1073 364 1145 περί
382 1073 435 1137 ένδς
447 1077 589 1147 πράγματος
600 1078 643 1130 δύο
662 1076 767 1131 έναντίοι
782 1077 876 1140 έαοτοῖς
891 1074 937 1132 ὦσι
952 1080 993 1130 νό-
1038 1076 1204 1148 ἀφαιρεῖσθαι,
1220 1074 1248 1128 ού
1263 1068 1480 1146 νόμιρ,ιὶνςούτος.
1516 1072 1567 1125 θύκ
1585 1071 1689 1142 ἔμελλεν
1705 1065 1822 1142 οθνσομ-

211 1170 262 1222 μοι.
302 1150 365 1204 λύτδ
376 1151 425 1223 γάρ
435 1155 713 1225 τοῦτο,τδδύονόμους
721 1155 776 1226 περί
784 1154 837 1218 ένδς
847 1154 911 1209 εἶναι
919 1158 995 1227 πράγ-
1038 1156 1187 1211 όλάπεεσθαι
1204 1154 1313 1221 ἡπόλις.
1354 1152 1385 1205 Ἦ
1399 1153 1447 1224 γάρ
1463 1153 1539 1224 κρίσις
1557 1152 1614 1214 ῖῡῦε
1629 1149 1737 1212 ἇθᾱξίθθς
1757 1149 1825 1204 {eti-

211 1248 302 1300 ματος,
314 1233 383 1284 ποιεῖ
392 1231 448 1293 τούς
464 1230 567 1303 ῥήτορας
582 1232 622 1285 6ιά
638 1234 726 1287 τούτου
739 1234 834 1287 πλανᾶν
853 1235 908 1296 τοίις
927 1233 993 1287 teub-
1038 1254 1103 1307 ρισκε
1118 1238 1161 1301 τῆς
1172 1232 1290 1295 ἀτελείας.
1307 1232 1388 1286 TCV.

208 1329 259 1373 τας·
277 1309 329 1372 ένδς
346 1310 394 1382 γάρ
415 1312 485 1373 ὄντος
503 1317 546 1365 τού
570 1314 646 1385 νόμον
669 1313 712 1366 ούκ
733 1311 853 1381 ἠδύναντο
875 1314 994 1377 ἐξαπατᾶν
1073 1317 1134 1382 487,
1147 1331 1171 1366 ι.
1189 1311 1312 1377 Ἀκούετε,
1331 1307 1446 1381 ὦάνδρις
1463 1308 1600 1375 Ἀθηναῖοι,
1612 1308 1821 1377 καλκαταμανθά-

208 1394 335 1443 τοσοῦτον.
347 1391 428 1444 TCV.
1038 1393 1110 1462 νετε]
1133 1390 1263 1462 Ἆναγνοδς
1275 1390 1318 1443 τὸν
1336 1389 1428 1443 οίκεῖον
1438 1391 1515 1459 νόμον
1533 1385 1691 1440 ἐπιδείκνυσιν
1706 1387 1740 1447 ὣς
1754 1384 1822 1437 ἔστιν

243 1470 306 1532 485,
323 1486 364 1538 ι7.
379 1469 487 1539 Πρόσθεν
496 1475 545 1524 τῶν
558 1469 701 1543 έπωνύμων]
717 1468 863 1542 Ἀνδριάντες
873 1466 934 1537 ἦσαν
944 1476 992 1524 τῶν
1038 1469 1171 1532 ἀκόλουθος
1179 1476 1215 1542 τῷ
1222 1469 1269 1540 πρδ
1280 1471 1366 1539 μικροῦ
1374 1467 1550 1538 παρασγεθέντι
1560 1467 1637 1537 νόμῳ·
1655 1463 1710 1518 εἶτα
1723 1465 1820 1532 τίθησιν

209 1547 314 1619 ἡρώων,
330 1548 371 1600 καί
390 1548 416 1600 αί
429 1548 503 1618 φυλαί
517 1548 639 1622 έπύεννμοι
654 1548 733 1617 ἦσαν,
746 1582 782 1592 -
798 1551 862 1604 κατὰ
876 1551 902 1605 δέ
919 1554 994 1623 πρόσ-
1038 1548 1206 1620 ἀνθοποφοράν
1221 1549 1279 1619 πρὸς
1288 1548 1330 1601 τδν
1347 1548 1403 1616 παρ’
1415 1544 1490 1597 αύτοῦ
1501 1543 1661 1615 εἰσαγόμενον
1675 1545 1763 1614 νόμον.
1778 1547 1823 1599 Λέ·

208 1626 276 1689 ταξιν
292 1624 445 1688 ’λιεόλλωνος
455 1626 613 1697 έγένοντο-,
631 1629 687 1699 παρ’
704 1627 741 1692 οίς
759 1629 908 1701 βουλόμενος
918 1650 994 1702 νομο·
1037 1649 1076 1701 γει
1090 1629 1137 1701 γάρ
1151 1629 1175 1691 ίξ
1193 1628 1286 1694 ἀπάτης
1304 1626 1439 1697 γεγράφθαι
1452 1624 1496 1676 τὀν
1508 1624 1601 1693 νόμον,
1620 1623 1654 1683 ὥς
1664 1640 1724 1693 φησι
1735 1623 1823 1675 λεπεί·

209 1706 288 1759 θετεῖν
308 1705 444 1776 προετίθει,
465 1705 508 1757 ἵνα
531 1708 619 1769 πάντες
644 1706 766 1774 Ἀθηναῖοι
790 1706 866 1761 ίδοιεν
890 1710 993 1780 πότερον
1038 1727 1093 1775 νης,
1109 1709 1230 1774 δεινότητι
1245 1705 1328 1777 πολλῇ
1341 1706 1478 1774 χρώμενος.
1514 1700 1571 1754 Ἵνα
1583 1701 1631 1771 γάρ
1645 1701 1687 1753 τὀν
1698 1699 1822 1753 ἀντίδικον

208 1784 329 1856 ἀρέσκειῆ
347 1784 385 1837 ού·
401 1784 427 1839 έν
439 1784 552 1859 έπιεημιρ
563 1788 588 1840 δέ
603 1788 671 1860 τύπῳ
688 1788 848 1854 είστ4κεισαν.
861 1789 938 1842 TCV.
1038 1788 1079 1840 καί
1092 1788 1135 1840 τδν
1156 1785 1373 1857 σονομολογοῖιντα
1385 1780 1450 1853 λάόη
1467 1780 1511 1833 τδν
1534 1779 1594 1849 πρδς
1606 1779 1704 1833 έπαινον
1717 1783 1760 1832 τοῦ
1778 1783 1822 1832 νῦν

243 1864 298 1918 Τῶν
321 1862 473 1936 έπωνύμων]
492 1868 550 1918 Τῶν
568 1866 650 1937 φυλῶν
668 1866 791 1939 έπιύνυμοι
811 1867 904 1937 ἥρωες,
923 1868 994 1940 οἵπερ
1039 1865 1253 1937 ἀντειοφερομένου
1267 1865 1455 1934 νόμου,τούτον
1469 1859 1512 1913 τόν
1523 1862 1614 1930 τρόπον
1625 1858 1819 1930 μετεχειρίσατο.

208 1939 270 2009 ἦσαν
280 1944 347 2007 δέκα,
360 1945 441 2013 ὥσπερ
457 1942 606 2015 Ἐρεχθεύς,
619 1946 743 1999 Πανδίων.
758 1948 854 1999 BFYP.
1036 1948 1117 2000 TCV.

244 2024 306 2087 ιιι,
325 2041 365 2094 19.
378 2024 471 2078 τουτον
490 2025 512 2076 τ’
527 2024 551 2078 ιι
566 2028 619 2088 ταις
639 2025 796 2098 ἔπειμι...]
811 2033 847 2100 τῷ
865 2028 937 2100 ιημῳ
953 2028 995 2082 ιε.
1073 2028 1134 2093 487,
1151 2041 1177 2093 7.
1193 2021 1261 2087 οτι,
1277 2020 1394 2092 avum,
1410 2017 1488 2079 δεύει
1503 2015 1662 2086 δυνήσεσθαι]
1684 2016 1728 2069 κᾶν
1748 2012 1819 2066 ἄνει·

208 2122 256 2174 γει·
268 2101 375 2175 ἔκεῖγάρ
386 2104 529 2173 συνήγετοθ
541 2105 626 2176 ὄχλος,
664 2106 734 2177 Τρεῖς
744 2106 769 2160 δέ
782 2105 892 2177 ἐγίνοντο
905 2105 992 2174 έκκλη-
1038 2107 1147 2175 σχοντῇ,
1160 2102 1250 2173 φησλν,
1264 2100 1307 2154 ούκ
1317 2099 1372 2170 ἔχει
1381 2097 1514 2160 ἀποδεῖξαι·
1528 2096 1632 2163 ἡττᾶται
1644 2095 1692 2166 γάρ
1704 2099 1748 2162 τῆς
1758 2094 1822 2162 ἀλη-

209 2182 269 2236 σίαι.
323 2180 509 2254 ’λνεγινιύσκετο
527 2178 571 2236 σύν
589 2190 625 2256 τῷ
643 2184 744 2257 δήρῳό
765 2187 839 2257 νόμος
850 2185 892 2237 ίνα
908 2187 995 2247 πάντες
1038 2185 1111 2245 θείας.
1123 2183 1206 2236 TCV.

208 2258 340 2327 ἀκούσωσι,
360 2261 425 2313 καλό
439 2261 588 2332 βουλόμενος
598 2261 708 2336 ἀντείπῃ.
719 2264 800 2317 TCV.
1073 2264 1135 2331 487,
1151 2264 1178 2316 8.
1193 2260 1218 2313 Ἃ
1237 2259 1263 2313 δέ
1276 2258 1334 2330 πρός
1347 2260 1399 2319 τοῖς
1417 2257 1591 2328 θεσμοθέταις]
1605 2255 1661 2317 τούς
1678 2254 1822 2327 είσάγοντιις

243 2339 305 2402 485.
319 2356 361 2393 22.
374 2341 456 2392 Ταῦτα
468 2341 607 2413 νομοθετῇ]
621 2341 676 2412 θύχ
688 2344 726 2395 ότι
738 2342 763 2396 έν
775 2348 810 2415 τῷ
821 2344 893 2415 δόμῳ
904 2341 992 2414 ένομο·
1038 2342 1081 2404 τὰς
1098 2340 1191 2413 γραφάς
1199 2340 1241 2393 καί
1254 2340 1525 2410 προδιαγινώσκοντας,
1541 2337 1582 2390 ότε
1595 2333 1639 2401 τὴν
1653 2340 1702 2387 τῶν
1715 2338 1823 2405 παρανό·

209 2419 310 2484 θέτουν,
324 2417 383 2470 ἀλλ’
400 2417 510 2473 ἀντλιού
530 2422 715 2491 νομοθετεῖσθαι
736 2420 806 2496 έάση.
843 2423 891 2474 Δύο
905 2421 931 2475 δέ
946 2442 992 2476 πα·
1038 2440 1091 2491 μων
1107 2418 1201 2491 γραφὴν
1211 2419 1320 2489 εἰσῆγον.
1359 2420 1429 2488 Λέγει
1438 2411 1481 2469 οίνν
1491 2416 1547 2477 τούς
1555 2419 1707 2486 προαγῶνας
1722 2412 1824 2467 εἰώθασι

209 2503 332 2567 wopam
347 2498 441 2567 rp6u01·
458 2492 492 2559 Εἷς
502 2497 545 2569 μέν
555 2498 645 2569 περλτδ
657 2502 802 2571 πρόσωπον,
818 2501 859 2553 ότε
874 2499 915 2552 καλ
928 2499 992 2571 παρὰ
1037 2505 1085 2577 γὰρ
1097 2504 1143 2568 ἔξω
1154 2509 1198 2558 τοῦ
1210 2503 1364 2574 δικαστηρίου
1374 2502 1457 2572 λέγειν
1472 2499 1591 2560 πολλάκις
1602 2498 1666 2551 τινά.
1683 2498 1764 2549 TCV.

209 2575 252 2628 τόν
265 2575 400 2647 ὡρισμένον
415 2578 507 2647 χρόνον
527 2579 652 2649 γράφεται
675 2579 755 2650 ίτερος
765 2578 807 2643 δέ,
826 2580 884 2633 όταν
897 2578 991 2641 αύτοςό
1072 2587 1135 2654 487,
1153 2600 1194 2636 10.
1211 2581 1275 2652 Ῥφη
1286 2580 1333 2652 γάρ
1346 2579 1479 2649 ἐξαπάτης]
1495 2576 1622 2638 ’λντίθεσις
1636 2575 1663 2630 ἐκ
1677 2579 1721 2628 τού
1731 2578 1821 2646 νόμου,

209 2654 285 2725 νόμος
303 2660 381 2716 κακῶς
394 2654 442 2727 ἔχῃ
462 2655 503 2708 καί
517 2654 631 2719 ἀναντίως
651 2659 703 2719 τοῖς
719 2657 843 2720 παλαιοῖς.
886 2657 934 2711 Τόν
949 2652 993 2711 οὖν
1037 2660 1268 2730 ούτῆςόληςύλης.
1302 2657 1391 2731 Ἧμὲν
1405 2658 1453 2729 γᾶρ
1464 2657 1583 2718 ἀντίθεσις
1591 2654 1619 2709 ἔκ
1630 2658 1673 2721 τῆς
1685 2655 1823 2717 θπῠθὲῦῑως

210 2729 272 2794 κατὰ
283 2733 412 2802 πρόσωπον
422 2734 481 2795 τέως
494 2734 649 2805 διεξέρχεται.
660 2737 741 2790 TCV.
1037 2743 1133 2804 πάντως
1144 2741 1224 2805 ἐστίν,
1239 2738 1291 2807 ἡδί
1304 2737 1413 2809 ύποφορά
1425 2738 1486 2809 μέση
1503 2738 1546 2804 της
1561 2734 1704 2796 ἀντιθέσεως
1720 2733 1762 2786 καί
1778 2737 1824 2786 τοῦ

245 2812 296 2876 485
310 2815 353 2876 ο4.
367 2810 429 2865 θθδέ
441 2813 490 2885 γάρ
507 2815 537 2866 ἀν
546 2814 616 2886 ὑμεῖς
630 2817 685 2868 τότε
697 2814 893 2883 έπείσθητε]ίνα
908 2816 949 2868 καὶ
958 2814 995 2868 εύ-
1037 2820 1228 2883 ἀντιπίπτοντος·
1255 2819 1353 2890 μετέχει
1374 2816 1423 2889 γάρ
1445 2815 1543 2882 καὶτῆς
1564 2814 1700 2876 ύποθέσεως
1716 2813 1822 2865 καὶτοῦ

209 2890 291 2963 λόγως
301 2892 402 2953 66va
418 2890 572 2959 ἧπαῖἤθθαῑι
584 2898 628 2946 τοῦ
646 2895 763 2948 Λεπτίνου
771 2894 850 2965 λάθρα
860 2894 994 2956 τῑθῑῑόύτῦς
1037 2900 1115 2971 λόγου
1125 2899 1150 2962 έξ
1159 2895 1222 2953 ούτδ
1235 2897 1388 2951 ἀντιπῖπτον·
1403 2896 1432 2949 τδ
1446 2894 1495 2966 γὰρ
1509 2892 1653 2947 ἀντιπῖπτον
1672 2896 1704 2963 τῇ
1717 2890 1820 2962 ἐργασία

209 2970 299 3036 αύτδν,
318 2971 360 3025 καί
379 2970 452 3024 αύτού
467 2968 482 3045 ᾖ
498 2975 574 3043 μόνον
592 2972 620 3026 τό
639 2973 763 3045 ἔγκλημα.
777 2975 857 3028 TCV.
1036 2985 1080 3034 τοῦ
1094 2980 1172 3052 λόγου
1182 2977 1323 3049 συμόαίνει,
1338 2974 1382 3029 ούκ
1393 2974 1421 3029 έκ
1433 2977 1476 3040 τῆς
1488 2972 1639 3038 ύποθέσεως,
1654 2970 1722 3041 λέγω
1735 2967 1765 3035 ὅθ
1779 2974 1824 3035 τῆς

245 3052 307 3117 485,
324 3053 368 3105 25.
386 3049 474 3123 Ἡμεῖς
487 3054 526 3118 δ’,
541 3048 658 3123 ὧάνδρες
673 3052 811 3125 Ἀθηναῖοι]
825 3056 906 3107 πάντα
921 3053 994 3121 δηλο-
1037 3059 1104 3126 όλης,
1143 3059 1222 3128 Μέρος
1234 3051 1278 3109 σύν
1292 3054 1417 3126 ἀμφότερα
1432 3058 1474 3121 τῆς
1490 3052 1640 3114 ἀντιθέσεως.
1676 3050 1715 3104 Τδ
1731 3048 1823 3111 δὲέξα-

210 3132 263 3184 νότι
281 3129 438 3202 έποι4σαμεν.
461 3132 491 3185 Ρ.
511 3131 547 3182 Τὰ
568 3132 649 3184 δίκαια
669 3130 807 3203 ἐγράψαμεν
825 3130 851 3185 έν
870 3136 906 3203 τῷ
924 3134 995 3204 νόμιμ
1037 3139 1114 3204 πόπης
1130 3135 1237 3190 ’λττικδν
1253 3133 1308 3187 ἀντὶ
1317 3141 1360 3188 τοῦ
1368 3133 1475 3201 ἀπάτης,
1488 3131 1547 3204 πρός
1559 3130 1663 3203 ίμφασιν
1681 3131 1708 3185 δέ
1720 3131 1825 3202 μείζονα

209 3207 295 3280 ἡμῶν,
312 3209 388 3279 φησὶ,
412 3210 453 3263 καλ
472 3212 661 3282 παρεισφέρομεν
684 3210 772 3283 πολλῷ
791 3212 918 3282 κρείττονα
936 3212 994 3263 τού·
1037 3214 1274 3287 ὴπρόόςσιςπθ.

210 3308 269 3344 των.
285 3289 362 3342 TCV·
1074 3296 1135 3363 487,
1153 3291 1279 3364 ιο.Ἐγι“ο
1299 3291 1332 3354 δ’,
1346 3291 1385 3344 ότι
1402 3289 1446 3361 μέν
1462 3292 1494 3360 τῇ
1512 3288 1631 3359 ίιμετέρφ]
1652 3287 1754 3347 Πάντως
1773 3285 1824 3357 γάρ

246 3367 308 3431 485,
321 3370 366 3421 ο8.
378 3367 440 3420 λάθε
454 3368 495 3420 καί
508 3366 583 3439 λέγε]
599 3366 657 3422 Ἐπί
667 3369 711 3422 τδν
725 3372 801 3441 νόμον
812 3364 883 3437 ἦλθε,
895 3368 995 3440 πληριό·
1037 3373 1150 3434 λυθέντος
1162 3371 1177 3425 6
1188 3370 1356 3442 εἶσφερόμινος
1367 3369 1462 3440 έγίνετο
1471 3369 1558 3439 κύριος.
1596 3367 1675 3419 Τοῦτο
1686 3360 1740 3429 οὖν,
1752 3365 1831 3434 φησὶ,

211 3466 254 3509 σαι
270 3448 298 3500 τθ
314 3445 376 3500 κατὰ
387 3448 615 3517 mmmm.
1038 3453 1083 3504 κόν
1096 3449 1212 3523 ἡμεῖςμλ
1230 3449 1356 3519 θέλωμεν,
1377 3448 1479 3518 ἔχοντος
1494 3445 1567 3500 αύτδν
1583 3445 1630 3512 ἤδη
1644 3448 1688 3498 τοῖν
1706 3463 1824 3515 γραμμα·

246 3528 347 3598 Πρῶτον
362 3526 405 3597 μέν
418 3526 531 3580 ἀτούτου
548 3529 592 3579 τού
605 3528 697 3600 νόμον]
713 3527 797 3599 Μέρη,
811 3526 840 3580 ού
860 3526 909 3599 γὰρ
922 3526 991 3579 όλον·
1038 3530 1113 3595 τέως,
1131 3528 1202 3599 ύμιῖς
1212 3528 1342 3597 κυρώοιτε.
1380 3527 1465 3598 Νόμος
1479 3525 1528 3596 γάφ
1543 3521 1574 3592 ἦν
1587 3526 1667 3579 πάντα
1677 3522 1720 3576 τὸν
1735 3522 1825 3593 Είσφε·

211 3606 278 3660 ἀλλά
297 3612 377 3668 κακῶς
392 3605 483 3676 ἔχοντα
508 3605 653 3679 ἀντεισφέρει
671 3607 753 3674 λύων,
776 3609 848 3680 έτεφα
869 3607 896 3660 δέ
910 3607 993 3668 τιθείς.
1041 3610 1145 3679 ρόμενον
1159 3606 1172 3632 *
1186 3605 1224 3631 '*
1239 3607 1278 3659 ότι
1291 3605 1379 3668 Κάσιος
1396 3606 1502 3677 τυχόνῆ
1521 3606 1587 3675 όςγε
1599 3604 1735 3674 κατηγορεῖ
1743 3601 1824 3655 εύδαί-

210 3687 292 3739 'FCV-
1040 3706 1131 3758 μονος,
1145 3686 1188 3740 τδν
1207 3686 1234 3739 δέ
1248 3685 1433 3757 ἀντεισφέφοντα
1457 3686 1500 3739 τόν
1521 3685 1609 3755 νόμον.
1646 3684 1763 3749 Λεπτίνης
1776 3676 1822 3733 οθν

248 3767 311 3831 486,
325 3767 352 3827 4.
368 3764 511 3838 Διιύκομεν]
528 3763 560 3827 είς
569 3766 646 3836 κρίσιν
660 3765 763 3838 ἀγομεν.
783 3767 814 3820 Β.
1040 3764 1112 3836 ἔλεγε
1124 3766 1246 3830 δεδιέναι,
1261 3764 1294 3837 μὴ
1307 3765 1421 3827 λυθέντος
1435 3767 1479 3817 τού
1488 3765 1582 3834 νόμον,
1599 3761 1633 3833 μὴ
1649 3760 1822 3832 μεταγρέφίκυσι

248 3846 310 3908 486,
325 3844 351 3897 5.
369 3842 405 3894 Τὰ
418 3843 445 3897 δέ
461 3843 542 3914 έφεξῆς
553 3844 630 3916 λέγε]
645 3844 696 3897 Ούκ
711 3843 785 3896 αύτοΰ
798 3847 843 3898 τοῦ
858 3845 936 3915 νόμον
950 3846 996 3896 Ae·
1039 3844 1083 3897 τδν
1098 3843 1203 3910 ίαοτῶν,
1229 3843 1287 3907 ἴσως
1305 3842 1340 3916 μὴ
1365 3844 1515 3915 βουλόμενος
1530 3841 1598 3912 ίχειν
1617 3839 1700 3894 αθτόν.
1751 3836 1782 3891 ‘0
1795 3839 1823 3892 δέ

212 3923 311 3987 πτίνου,
322 3921 389 3973 ἀλλά
397 3922 458 3994 μετά
469 3924 511 3977 τόν
522 3923 614 3978 ἐκείνου
623 3924 653 3977 τὰ
663 3922 690 3977 έν
699 3928 736 3995 τῷ
747 3922 834 3976 ίαυτοῖι
843 3923 935 3994 λέγειό
947 3925 996 3991 Δη-
1039 3943 1112 3995 φησι,
1129 3925 1174 3977 κάν
1185 3923 1218 3996 μὴ
1228 3924 1355 3996 θέλωμεν,
1370 3922 1399 3975 ού
1410 3922 1575 3994 δυνησόμεθα·
1591 3919 1701 3986 είοῆκται
1715 3915 1762 3988 γάρ
1776 3916 1825 3984 ἤδη

214 4001 341 4073 μοσθίνης.
359 4002 440 4057 TCV.
1040 4002 1081 4055 διὰ
1092 4006 1136 4057 τού
1149 4004 1320 4074 γραμματέως·
1333 4001 1417 4064 άλλως
1427 4020 1454 4054 τε
1467 4000 1510 4054 καί
1521 4001 1597 4070 νόμος
1609 3994 1658 4065 ἦν,
1669 3998 1712 4051 τὸν
1731 3996 1825 4049 λύοντά

249 4084 311 4145 486,
327 4085 354 4134 6.
368 4081 518 4152 Προσέχετε,
531 4077 553 4136 ὦ
571 4082 654 4154 ἀνδρες
664 4081 792 4154 δικασταί]
805 4081 906 4153 Θαρφῶν
924 4100 998 4153 παρο-
1041 4103 1095 4137 τινα
1108 4085 1185 4153 νόμον
1200 4083 1242 4136 καί
1256 4082 1290 4154 μὴ
1308 4081 1493 4152 ἀντεισφέροντα
1502 4080 1659 4140 κολάζεσθαι.
1669 4077 1749 4131 TCV.

214 4161 276 4224 ξύνει
289 4158 376 4222 αύτοδς
386 4159 488 4232 ἀκριόῶς
501 4159 651 4218 έπισκοπεῖν.
688 4160 723 4213 Ἠ
738 4160 787 4233 γάρ
801 4162 830 4214 ἀν
849 4160 891 4213 καλ
910 4161 997 4215 λαθεῖν
1077 4166 1139 4231 487,
1157 4164 1198 4215 13.
1213 4161 1456 4233 Παρεισενεχθέντα]
1467 4160 1523 4231 παρ’
1536 4157 1607 4230 ἡμῶν
1622 4156 1729 4225 δηλαδό.
1746 4157 1777 4208 Ρ.

214 4241 357 4297 έσπούδασε.
369 4242 450 4295 TCV.
1077 4243 1141 4311 487,
1153 4258 1198 4294 21.
1209 4239 1348 4309 Βούληται]
1359 4239 1374 4291 ό
1387 4239 1561 4312 παρεισφέρων.
1579 4239 1609 4291 Ρ.

250 4325 313 4387 486,
328 4340 354 4390 9.
370 4320 448 4373 Τούτο
463 4321 506 4392 μέν
519 4318 584 4374 ἔστιν
602 4318 627 4374 έν
640 4322 693 4383 τοῖς
711 4313 766 4373 ούσι
785 4320 886 4391 νόμοις]
902 4319 931 4373 τδ
943 4319 999 4381 τούς
1077 4324 1144 4389 487,
1155 4336 1199 4373 22.
1211 4318 1280 4390 Ἐγὼ
1293 4319 1423 4390 Φορμίων]
1438 4317 1566 4371 Ἐντεῦθεν
1580 4315 1656 4382 δῆλον
1668 4313 1702 4375 ὣς
1712 4311 1829 4384 ’λφεύίων

216 4401 340 4474 ιύεφγέτας
352 4401 420 4472 ἔχειν
430 4400 472 4463 τάς
480 4402 579 4472 δωρεάς.
592 4402 673 4457 ch.
1043 4399 1107 4454 ἐστὶν
1123 4399 1138 4453 6
1155 4400 1198 4452 t'ov
1216 4401 1294 4469 νόμον
1313 4397 1487 4470 ἀντεισφέρων,
1502 4396 1586 4459 ὡςκαλ
1605 4396 1657 4447 ἀνω
1673 4391 1830 4463 έπεσημηνά·

252 4484 314 4547 486,
333 4481 375 4536 13.
391 4480 451 4551 Πρὶν
462 4484 548 4533 τοῦτον
565 4479 652 4552 ἔλυσε]
666 4480 711 4533 τόν
726 4479 835 4533 έναντίον
848 4481 924 4549 νόμον
939 4477 998 4547 [τὸν
1043 4500 1101 4552 μην.
1139 4479 1230 4550 Είγάρ
1244 4475 1274 4546 ἦν
1290 4479 1423 4550 Φορμίων,
1436 4477 1480 4531 οδκ
1494 4478 1523 4530 ἀν
1539 4476 1553 4529 6
1571 4474 1643 4537 αύτδς
1657 4473 1698 4528 καί
1707 4472 1829 4544 ἐγγυητὴς

216 4561 348 4615 κελεύοντα
361 4559 403 4621 τάς
411 4559 514 4630 δωρεάς,
526 4560 554 4622 ἀς
561 4559 578 4612 6
587 4561 665 4630 δῆμος
674 4559 759 4623 ἔδωκε,
776 4560 856 4630 κυρίας
865 4556 938 4612 εἶναι.
948 4558 997 4628 Ρ.]
1042 4559 1165 4632 ἐγίγνετο.
1178 4560 1259 4613 TCV.
1876 4593 1879 4599 »

218 4642 360 4712 Μαρτυρίαν
371 4641 398 4693 δέ
410 4639 569 4710 κατηγορίαν.
586 4641 667 4695 NV.
1078 4640 1141 4708 487,
1157 4637 1202 4691 23.
1226 4632 1259 4687 Εί
1279 4653 1334 4688 τινα
1350 4634 1481 4706 βούλεται]
1503 4632 1672 4704 έγγυιόμενον.
1710 4628 1782 4682 θέλει
1800 4628 1831 4684 δέ

254 4722 316 4786 486,
331 4725 373 4773 16.
389 4717 487 4791 Ἐτέρου
500 4718 641 4781 κελεύοντος
654 4720 747 4791 νόμον]
762 4716 795 4789 μὴ
807 4720 924 4788 πρότερον
936 4716 999 4771 τιθέ·
1043 4716 1137 4781 εἰπεῖν,
1156 4715 1227 4778 αύτδς
1238 4714 1301 4777 δέξαι
1316 4715 1359 4768 τδν
1375 4715 1453 4785 νόμον
1463 4713 1506 4766 καλ
1519 4712 1570 4777 θές,
1583 4710 1625 4763 καὶ
1642 4708 1676 4780 μὴ
1688 4707 1830 4780 ἀμφίθαλλε

219 4820 259 4853 ναι
276 4803 370 4871 νόμον,
383 4799 439 4870 πρὶν
452 4798 496 4852 τόν
509 4799 618 4853 έναντίον
632 4800 705 4872 λύσῃ.
722 4800 804 4852 TCV.
1043 4796 1077 4858 ὣς
1087 4794 1158 4869 ἡμεῖς
1171 4793 1200 4848 ού
1212 4796 1329 4866 θήσομεν.
1344 4795 1424 4850 TCV.

257 4882 319 4945 486,
345 4897 386 4949 17.
403 4879 449 4930 Παλ
460 4879 513 4932 κατ’
526 4878 585 4930 αύτδ
597 4880 683 4950 τοῦτο]
695 4877 767 4931 θέλει
783 4876 870 4941 εἰπεῖν,
885 4874 949 4937 ἀξιος
964 4892 1000 4927 τι·
1080 4877 1142 4945 487,
1156 4879 1200 4938 24.
1216 4873 1287 4926 Ἔστι
1303 4873 1417 4939 δέδήπου
1429 4874 1502 4941 νόμος
1512 4868 1590 4940 ύμῖν]
1603 4866 1658 4920 Ἵνα
1670 4864 1760 4937 γάρμὴ
1773 4865 1831 4937 εἴπῃ

221 4960 322 5031 μωρίας.
359 4958 390 5011 Εἰ
401 4959 449 5031 γάρ
461 4960 502 5013 καὶ
515 4958 530 5011 6
545 4961 621 5030 νόμοι
634 4953 667 5025 ἦν
683 4956 773 5023 καλός,
792 4957 835 5010 τόν
852 4953 961 5008 ἐναντίον
980 4955 1002 5006 δ’
1045 4956 1084 5007 ότι
1098 4954 1175 5025 έγγοᾷ
1186 4955 1265 5006 θεῖναι
1280 4950 1369 5016 αύτδν,
1383 4950 1427 5003 ούκ
1441 4949 1555 5019 εἰσφέρεις
1571 4948 1615 5000 δέ’
1632 4946 1700 5016 λέγει
1713 4946 1752 4998 ότι
1771 4943 1831 4995 ἀλλ’

220 5040 265 5095 ούκ
279 5039 367 5107 ἔλυσε,
383 5042 437 5095 κατ’
454 5027 513 5094 αύτδ
528 5043 602 5092 τοῦτο
617 5039 763 5109 παρανομεῖ.
776 5038 859 5091 TCV.
1047 5033 1093 5088 εἰσί
1110 5034 1183 5104 νόμοι
1193 5032 1217 5085 οί
1228 5032 1285 5095 τούς
1296 5030 1439 5091 ἀπατῶντας
1453 5029 1608 5089 κολάζοντες.
1621 5027 1702 5078 TCV.

257 5124 319 5185 486,
337 5138 382 5174 21.
397 5120 491 5174 Ούκούν
508 5118 635 5189 ἐναντίον]
649 5116 799 5190 λνεγνώσθη
815 5115 830 5169 6
850 5118 924 5186 νόμος
939 5113 1004 5167 όκε·
1083 5117 1144 5182 487,
1168 5130 1212 5182 ²7·
1227 5112 1310 5164 Ταῦτα
1323 5110 1486 5181 γραφόντων]
1502 5108 1659 5178 γραφέτωσαν
1680 5104 1714 5166 ὡς
1734 5103 1831 5174 έγγυιό·

222 5202 300 5256 λεύων
322 5201 410 5272 ένοχον
430 5199 495 5255 εἶναι
517 5202 549 5271 τῇ
566 5201 648 5271 γραφῇ
669 5199 712 5251 τόν
727 5198 907 5268 νομοθετοῦντα
926 5197 1003 5266 νόμον
1048 5195 1110 5266 μεθα
1119 5194 1172 5254 τοῖς
1183 5193 1287 5262 ἄρχουσι
1296 5196 1344 5244 τῶν
1357 5188 1481 5260 ίιπηρετῶν
1492 5185 1628 5257 ἐγγράφως.
1640 5184 1711 5237 ch
1715 5222 1721 5234 .
1801 5259 1807 5275 γ

223 5281 332 5337 έναντίον
344 5284 396 5344 τοῖς
410 5283 526 5352 πρότερον
540 5280 666 5350 κειμένοις.
680 5280 710 5335 Ρ.
1088 5274 1151 5337 488,
1167 5270 1194 5324 3.
1210 5269 1309 5323 Ἐκεῖνό
1325 5288 1355 5338 γε
1369 5267 1398 5320 οδ
1409 5266 1506 5337 λόγος]
1525 5264 1554 5318 ιδ
1575 5263 1616 5316 διὰ
1630 5266 1675 5317 τού
1690 5263 1768 5320 θεῖναι
1787 5278 1831 5315 τον
