3967 5967
772 490 810 551 έΙ.
834 491 1088 553 ΟΛΥΝΘΙΑΚΟΣ
1108 494 1140 553 Β.
1705 503 1763 557 όίθ

147 626 244 683 πάντων
258 623 291 687 είς
306 621 351 691 τὴν
363 624 412 695 γῆν
431 621 502 694 ημῶν
522 622 708 696 στρατεύουσιν·
722 623 738 677 ό
750 625 834 696 μέντοι
846 624 931 698 Δημο·
1012 642 1058 689 αα,
1076 629 1117 680 ιθ.
1141 624 1188 677 Καὶ
1206 624 1340 697 προῄρηται
1356 625 1489 697 πράττων]
1511 621 1542 677 ‘H
1560 624 1669 689 σύνταξις
1690 626 1767 690 οῦτως

146 708 231 773 σθίνης
244 705 286 758 καί
299 704 336 760 ἐπ’
351 703 455 758 ἔλαττον
467 703 569 757 καθεῖλε
584 703 641 767 τους
654 704 813 770 Μακεδόνας,
827 704 858 758 οθ
875 705 931 767 τούς
976 705 1019 758 καὶ
1031 706 1166 777 προῄρηται
1191 705 1364 776 πράττωνκαὶ
1387 706 1532 759 κινδυνεύων
1552 707 1639 759 παθεῖν
1660 707 1675 759 ό
1693 725 1717 760 τι
1734 708 1764 760 εἰν

146 786 290 856 συμμάχους
299 782 440 855 προσθήκην
448 781 779 847 αθτῦν,ἀλλάίκείνουςτδνν
791 785 930 856 συμμάχων
977 787 1070 858 συμόῇ.
1088 786 1150 840 Εἶτα
1163 786 1205 839 δεῖ
1215 783 1341 847 στίξοντας
1361 782 1509 856 ἐπενεγκεῖν·
1531 788 1699 859 προῃρημένος
1711 787 1766 842 ἀντὶ

146 864 332 936 ἀποφηνάμενος
343 863 376 924 ὡς
387 862 429 917 καί
439 862 529 930 πλήθει
540 863 583 916 καί
597 864 698 935 δυνάμει
709 865 798 938 πολλῷ
814 865 930 937 λειπομί-
977 869 1020 919 τοῦ
1028 868 1075 938 ζῇν
1083 865 1197 937 ἀσραλῶς
1208 864 1280 927 δόξαν
1290 863 1425 932 κτίσασθαι
1436 869 1480 919 τοῦ
1490 870 1566 919 ταῦτα
1576 866 1763 937 διαπράξασθαι,

147 965 201 1006 νους
213 950 263 997 τῶν
275 944 424 1015 συμμάχων.
461 941 543 1009 Δῆλον
562 943 589 997 δέ
602 943 772 1007 καὶέξαύτῶν
784 949 834 998 τῶν
850 945 930 1016 ῥητῶν
977 946 1091 1018 ἀμηδείς
1101 946 1178 1009 ἀλλος
1189 945 1349 999 Μακεδόνων.
1368 946 1480 999 ΒΕῙῸΜ
1483 985 1491 999 .

149 1044 160 1072 ε
176 1022 218 1075 ναί
232 1023 290 1077 θποι
307 1041 343 1083 τις
359 1023 400 1087 ἀν,
412 1019 499 1092 οἶμαι,
513 1022 609 1093 προσθῇ
622 1022 668 1075 κάν
683 1022 772 1095 μικράν
783 1022 898 1094 δύναμιν.
917 1044 928 1072 ε
1014 1041 1058 1079 22.
1073 1044 1117 1096 ¹9·
1129 1023 1180 1092 Τὴν
1194 1029 1233 1078 τοῦ
1247 1024 1421 1096 διαπράξασθαι
1433 1026 1525 1097 ταῦτα]
1544 1024 1696 1098 Ὗπερόατδν
1710 1026 1766 1081 καθ’

147 1105 199 1158 Rs,
977 1101 1112 1174 ύπέρθεσιν.
1125 1106 1157 1156 Β.
1171 1103 1206 1156 Tb
1220 1108 1307 1176 σχῆμα
1320 1104 1465 1177 ύπερόατόν,
1480 1107 1549 1160 ΑΒ.

183 1180 249 1252 ῙῙρδς
267 1180 316 1251 γάρ
334 1177 478 1240 Ὀλυνθίους
489 1177 627 1251 πολεμοῦσι
641 1181 695 1244 τοῖς
717 1178 851 1250 ’λθηναίοις
861 1201 932 1236 συνε·
1015 1182 1187 1254 ίίοπτομένης]
1197 1183 1385 1255 συντριόομίνης
1395 1184 1437 1236 καὶ
1450 1182 1631 1256 ἀπολλυμένης,
1646 1188 1681 1241 Α.

150 1262 249 1332 μάχησε
260 1260 394 1331 Περδίκκας
406 1258 420 1311 ό
434 1257 538 1329 ἀδελρδς
546 1259 673 1316 Φιλίππω
688 1260 750 1331 μετά
761 1268 810 1316 τῖεν
820 1263 932 1316 Μακεδό-
1016 1260 1169 1330 ίέοπτόμενοι
1178 1261 1201 1313 δ’
1213 1260 1266 1333 ἀεί]
1277 1261 1515 1334 ταλαιπωρούμενοι.
1523 1264 1552 1316 Ρ.
1564 1262 1762 1335 Συντριόόμενοι.

149 1359 209 1395 νων.
246 1340 391 1409 Λεληθότως
404 1332 448 1392 σύν
466 1338 535 1410 λέγει
549 1340 589 1394 ότι
605 1338 622 1407 ί]
640 1340 754 1412 δύναμις,
777 1343 807 1410 ἣν
830 1341 932 1414 εἴχομεν
978 1341 1021 1394 καὶ
1031 1339 1207 1413 ἀπολλύμενοι.
1219 1343 1254 1398 Η.
1269 1342 1316 1395 Καὶ
1329 1346 1402 1396 τοῦτο
1413 1342 1472 1415 πρδς
1481 1342 1557 1414 ρόόον
1566 1341 1668 1396 ἐδύνατο
1683 1363 1767 1397 συντε-

148 1420 222 1486 τότε,
240 1422 322 1491 ὥσπερ
340 1418 365 1473 ἐν
379 1418 517 1491 προσθήκης
539 1421 623 1492 μέρει,
641 1420 700 1490 πρδς
713 1423 869 1494 συμμαχίαν,
888 1424 932 1476 νῦν
979 1421 1090 1489 λεῖν,δτι
1098 1420 1461 1496 ἐκτοῦσυνεχιῦςστρατεύεσθαι
1469 1423 1573 1495 μελέτην
1581 1421 1716 1491 έκτησαντο
1725 1424 1766 1476 καί

150 1499 212 1571 ἡμῖν
225 1498 280 1569 περὶ
290 1505 339 1552 τῶν
352 1499 477 1571 πρωτείων
490 1497 634 1568 φιλονεικεῖ.
650 1501 797 1557 HRSTCV.
979 1500 1104 1573 ἐμπειρίαν
1110 1500 1314 1575 τῶνπολεμικῶν.
1326 1501 1355 1556 '0
1361 1502 1419 1557 δέτδ
1426 1501 1469 1573 μέν
1476 1501 1767 1575 συμδαῖνονέκτῆςστρα-

185 1595 235 1645 22,
246 1583 273 1643 ί..
290 1577 331 1631 Ἐν
341 1578 480 1650 προσθήκης
495 1579 578 1651 μέρει]
589 1577 666 1650 ἤγουν
679 1580 855 1653 προστιθεμένη
867 1579 934 1655 ἀλλῃ
978 1583 1043 1645 τείας
1050 1581 1137 1654 άρῆκε,
1147 1579 1192 1648 τὴν
1199 1582 1226 1636 δέ
1232 1585 1335 1655 γνώμην
1344 1581 1458 1651 ἐξήτασεν
1470 1583 1509 1637 δτι
1516 1582 1649 1637 λυποῦνται
1656 1586 1708 1646 τοῖς
1714 1602 1769 1636 σον·

149 1659 198 1712 τινὶ
209 1660 321 1730 δυνάμει.
333 1660 432 1714 STCV.
980 1663 1047 1733 εχέσι
1058 1662 1182 1735 πολέμοις.
1200 1661 1247 1714 έέαί
1265 1660 1309 1729 τὴν
1322 1662 1402 1717 αἰτίαν
1413 1663 1572 1734 προσέθηκεν,
1587 1662 1615 1716 ού
1627 1664 1768 1736 συγχωρού-

185 1737 221 1791 Ού
235 1738 342 1810 σμικρά]
359 1737 415 1792 ἀντί
431 1741 475 1793 τοῦ
487 1739 634 1809 σύμμετρος.
653 1739 680 1792 S.
700 1732 762 1792 Οίσν
780 1739 935 1814 σύμμετρος,
983 1756 1052 1808 μενοι
1063 1739 1198 1808 γεωργεῖν·
1215 1735 1270 1789 ούτε
1284 1743 1336 1799 τοῖς
1354 1737 1421 1799 ίδίοις
1432 1741 1571 1809 προσέχειν,
1609 1737 1666 1793 Εἶτ’
1682 1737 1764 1805 ἐπειδὴ

150 1816 205 1873 σῦτε
221 1818 318 1890 μεγάλη
335 1814 391 1872 σότι
406 1819 505 1890 σμικρά.
520 1819 598 1872 TCP.
983 1815 1026 1869 καί
1040 1817 1099 1887 πρδς
1115 1819 1189 1869 τοῦτο
1201 1813 1359 1879 ἀντέπιπτεν,
1378 1815 1435 1868 ἀλλ’
1448 1818 1475 1872 ἐκ
1489 1822 1532 1872 τοῦ
1549 1819 1658 1891 πολέμου
1671 1818 1766 1891 κερδάί-

188 1914 238 1960 22,
253 1898 278 1952 5.
298 1896 356 1951 Ἐπί
369 1897 504 1969 Τιμοθέου]
515 1892 593 1960 θύτας
603 1893 777 1969 στρατηγδςξν
792 1896 934 1967 Ἀθηναίων,
983 1916 1051 1951 νουσι
1073 1897 1168 1968 λάρυρα
1188 1896 1230 1949 καί
1242 1895 1273 1949 τά
1292 1901 1393 1950 τοιαῦτα
1411 1897 1594 1968 λαμόάνοντες,
1615 1899 1765 1953 καὶτούτων

152 1975 232 2047 πατὴρ
245 1977 357 2039 ίίόνωνος
372 1982 417 2030 τοῦ
430 1979 583 2048 στρατηγοῦ,
598 1974 701 2047 εύτυχὴς
713 1976 740 2031 δέ
752 1979 845 2049 αρόδρα
858 1977 883 2041 ἐξ
892 1977 935 2050 ἀρ·
982 1979 1107 2049 άχρηστον
1122 1976 1227 2049 ἀπέρηνε
1240 1978 1270 2033 τό
1282 1978 1378 2050 κέρδος,
1399 1977 1427 2030 ού
1449 1978 1590 2049 δυναμένων
1612 1976 1691 2030 αύτιῦν
1711 1979 1765 2030 δια·

152 2060 199 2127 γῆς
213 2057 361 2127 γενόμενος,
377 2053 445 2126 εἴπερ
456 2072 491 2117 τις
502 2052 588 2117 ἀλλος.
626 2056 729 2126 Λέγεται
741 2055 789 2128 γάρ
797 2058 853 2128 περί
862 2057 937 2112 αύτοῦ
986 2059 1128 2129 πιπράσκειν
1143 2059 1190 2112 όσα
1203 2058 1233 2110 ἀν
1250 2059 1399 2130 πορίσωσιν,
1415 2056 1481 2110 ἀλλά
1494 2056 1592 2129 μᾶλλον
1609 2055 1643 2119 εἰς
1658 2057 1767 2128 προσθέ-

152 2137 222 2199 ύιςέν
242 2133 394 2209 οἵιμδνίποτε
414 2135 516 2208 πολέμῳ
536 2134 671 2207 έιυίρστετο,
690 2135 767 2192 ίνίκα.
804 2136 880 2192 Ὅθεν
895 2137 938 2191 καὶ
982 2157 1028 2205 κην
1044 2135 1217 2207 ἀναλωμάτων
1235 2135 1344 2208 ἐχόντων
1366 2139 1460 2202 ταῦτα,
1482 2135 1522 2188 διά
1542 2135 1572 2190 εδ
1586 2134 1768 2208 ἀναγκάζεσθαι

119 2248 124 2257 ·
154 2218 209 2277 τούς
229 2217 390 2286 ζωγράρους,
413 2212 487 2283 έηνίκα
507 2213 580 2269 αύτδν
602 2210 720 2286 έγραρον,
744 2217 846 2288 γράριιν
863 2216 937 2271 αύτδν
982 2216 1075 2287 τρέρειν
1089 2213 1150 2268 αύτά
1167 2214 1209 2267 καί
1221 2213 1255 2287 μὴ
1269 2215 1387 2270 δύνασθαι
1405 2213 1499 2269 πωλεῖν
1517 2214 1696 2285 κεκλεισμένων
1718 2220 1769 2269 τῶν

153 2294 317 2347 καθεύδοντα·
335 2296 443 2365 γυναῖκα
462 2295 489 2348 δέ
509 2313 565 2347 τινα
581 2295 741 2366 συγγράφειν,
763 2295 939 2368 έπεγράροντας
983 2293 1108 2366 ἐμπορίων
1124 2293 1166 2347 καί
1186 2294 1289 2366 μηδενός
1309 2294 1503 2366 ίμπορευομίνου
1523 2292 1564 2346 διδ
1581 2293 1625 2346 τδν
1646 2292 1767 2365 πόλεμον.

153 2372 215 2444 αδτῇ
227 2373 257 2426 τ“ο
270 2376 314 2439 τῆς
327 2374 404 2444 τύχης
415 2375 510 2445 όνομα,
527 2374 633 2442 πλησίον
649 2373 724 2429 αθτοῦ
739 2375 882 2448 ἱσταμένην,
897 2377 939 2431 καί
983 2374 1031 2427 Καί
1044 2374 1208 2445 προσέθηκεν,
1222 2372 1298 2436 οθτως
1310 2374 1376 2436 όπως
1390 2374 1419 2425 ἀν
1432 2373 1569 2440 δύνωνται,
1588 2372 1771 2444 ἐνδεικνύμενος

153 2454 321 2523 βαστάζουσαν
334 2455 419 2508 δίκτυα
430 2454 472 2508 καί
483 2454 550 2507 ἀλλα
562 2453 692 2526 θηρευτικέι
704 2456 814 2527 ὄργανα,
832 2456 938 2524 δηλοῦν·
983 2454 1022 2507 ότι
1035 2452 1091 2507 ούδέ
1106 2454 1192 2515 δπλοις
1205 2456 1364 2525 κρατοῦντες,
1378 2453 1437 2505 ἀλλ’
1454 2452 1604 2525 ἁρπάζοντες
1621 2452 1663 2507 καί
1680 2451 1771 2520 ληἰῖό·

153 2550 196 2594 τας
206 2532 246 2585 διά
261 2533 349 2587 τούτου
362 2535 402 2588 ότι
413 2532 429 2601 ἡ
441 2533 505 2604 τύχη
521 2532 580 2604 ύπίρ
591 2532 666 2587 αύτοῦ
678 2536 758 2588 πάντα
769 2537 851 2601 ποιεῖ,
864 2535 939 2590 αύτοῦ
984 2550 1069 2604 μενοι,
1083 2533 1245 2603 κερδαίνουσι.
1261 2532 1382 2586 mcv,

153 2615 282 2674 ποιοῦντος
298 2613 383 2684 μηδέν.
425 2610 468 2674 Ὦς
489 2612 516 2666 δέ
535 2612 576 2667 έπί
596 2612 692 2675 τούτοις
714 2615 805 2685 βαρέως
829 2610 936 2687 ἤνεγκε,
1019 2627 1115 2683 22,27.
1125 2609 1502 2681 Διαθίσθαι]πωλῆσαι·ηλίξις
1514 2610 1557 2663 καί
1567 2611 1624 2683 παρ’
1636 2609 1772 2682 Ἰσοκράτει

155 2692 275 2761 μηδέποτε
290 2693 441 2759 νενικηκέναι
459 2691 500 2745 διά
514 2696 557 2760 τῆς
568 2692 658 2762 τύχης,
677 2691 744 2745 ἀλλά
757 2694 788 2746 δι’
801 2692 888 2748 έαυτοῦ
901 2696 940 2750 λέ-
985 2689 1011 2744 ίν
1034 2695 1071 2763 τῷ
1095 2692 1237 2762 Βουσίριδι,
1264 2691 1324 2743 όταν
1343 2688 1406 2763 λέγῃ
1428 2689 1473 2757 τήν
1496 2691 1614 2746 διάθεσιν.
1646 2692 1770 2749 RSTCV.

154 2789 217 2840 γων,
231 2770 344 2841 ύστερον,
362 2773 444 2842 ὥσπερ
465 2775 509 2825 τοῦ
526 2772 655 2843 δαιμονίου
676 2771 743 2846 αύτῷ
762 2774 941 2844 νεμεσήσαντος
984 2769 1043 2824 Alia
1051 2770 1092 2823 his
1105 2769 1180 2823 addit
1193 2772 1214 2825 P
1227 2787 1242 2823 e
1254 2768 1335 2823 Suidn
1350 2787 1375 2821 ν.
1391 2770 1496 2832 διάθεσις
1515 2770 1660 2842 desumpta.

154 2852 199 2915 της
209 2848 355 2913 ἀλαζονείας
365 2849 585 2923 τοῦρνίματος,ούκ
595 2849 633 2904 ίτι
645 2850 937 2918 νενέκηκενᾞΒΒΤΟν.
1022 2864 1072 2913 22,
1086 2866 1130 2920 29.
1146 2849 1177 2903 01
1190 2847 1233 2920 μέν
1247 2843 1291 2902 ούν
1306 2848 1413 2922 πολλοὶ]
1422 2848 1473 2902 (νέα
1488 2848 1557 2905 εἶπεν
1572 2850 1690 2916 ἅπαντες,
1703 2849 1772 2904 ἀντι·

192 2953 237 3002 22,
250 2943 276 2990 6.
290 2938 493 3011 Συναμρότερον]
508 2939 523 2992 ό
536 2936 588 2993 ἐστι
596 2937 640 2990 σῦν
651 2937 724 3013 ἀλλιρ
736 2940 784 2994 τινί
793 2942 939 3012 γενόμενον,
984 2933 1076 2982 ’'me
1092 2927 1297 3001 θῦνῗέίέίθίέίνθῦ
1314 2927 1337 2982 νί
1358 2927 1406 3000 Υθθ
1429 2929 1533 2992 &mm
1555 2928 1640 3000 ἕλωσί
1659 2928 1773 3007 έῦθῦῖως

157 3016 200 3070 καί
213 3016 241 3069 οὗ
255 3018 310 3071 καθ’
321 3017 407 3084 έαυςὺ,
419 3019 453 3082 ὡς
464 3017 533 3073 εἶπαν
548 3016 574 3071 ἓν
591 3017 733 3089 προσθήκης
745 3020 820 3091 μίρςς,
834 3023 884 3076 RS·
984 3008 1044 3079 πρθς
1055 3006 1139 3073 αθτθν,
1148 3008 1189 3061 δῑά
1201 3009 1226 3061 τί
1236 3006 1269 3080 μὴ
1282 3012 1325 3075 τῆς
1339 3008 1465 3079 βασιλείας
1476 3009 1550 3063 αύτθν
1560 3007 1689 3071 ίξωθοῦσίν
1699 3029 1707 3076 ;
1719 3008 1733 3062 θ
1743 3002 1771 3063 θί

192 3112 243 3161 22,
254 3114 281 3167 7.
296 3096 429 3160 θετταλοῖς
442 3096 556 3168 νοσοῦσι]
572 3095 680 3149 Νοσοῦσι
691 3095 759 3169 λέγει
769 3097 813 3161 τάς
822 3102 938 3172 γνώμας,
984 3088 1041 3150 τούς
1048 3087 1157 3151 πολλοῦς
1170 3087 1245 3143 εἰπὼν
1260 3089 1365 3144 δέδωκεν
1371 3087 1442 3161 ,αύτῷ
1451 3088 1518 3151 τινίις
1533 3088 1575 3142 καί
1588 3086 1671 3151 εὔνους
1679 3084 1705 3142 οί
1717 3106 1773 3142 συν·

157 3177 196 3229 ότι
213 3176 237 3229 οί
252 3176 295 3249 μέν
314 3176 395 3231 αύτῶν
413 3175 547 3231 ἐόούλοντο
563 3176 792 3247 δημοκρατεῖσθαι,
806 3178 831 3232 οέ
845 3179 871 3234 δέ
887 3181 941 3253 περὶ
985 3167 1084 3237 θέουσιν
1096 3165 1169 3221 “W
1186 3165 1277 3233 έῦίῒῆς
1291 3164 1380 3239 ἆρχῆς·
1393 3169 1444 3223 RS·

155 3256 212 3317 τινες
220 3256 349 3326 τυράννους
356 3254 413 3317 τοῦς
426 3253 554 3316 ’λλευάδας
566 3252 712 3324 καίσίρίλοι
725 3252 805 3308 αθτόιν
815 3260 941 3328 τυραννεῖ·
1021 3255 1066 3320 23,
1083 3271 1107 3307 ε.
1122 3254 1153 3307 θί
1168 3253 1194 3308 δέ
1208 3252 1239 3321 δὴ
1248 3255 1304 3326 περί
1316 3254 1389 3308 αύτδν
1405 3255 1472 3318 δντες
1481 3254 1558 3326 ξένοι]
1572 3252 1637 3326 Ὅρα
1649 3259 1698 3317 πῶς
1710 3254 1772 3310 κατά

156 3337 221 3388 σθαι.
233 3334 383 3408 Τυραννικίγν
397 3335 424 3391 δέ
436 3334 517 3391 οίκίαν
531 3334 561 3390 τδ
571 3335 642 3407 γένος
651 3335 719 3407 λέγει
730 3342 780 3391 τῶν
794 3334 939 3396 Ἆλευάδῦν.
986 3334 1073 3406 μικμδν
1084 3332 1113 3387 τδ
1124 3332 1222 3397 ἀσθενές
1236 3333 1391 3389 ἀποδείκνυσι
1404 3339 1448 3388 τοῦ
1464 3333 1600 3388 Φιλίππου.
1616 3333 1717 3406 Πρῶτον
1736 3333 1771 3388 εί-

157 3422 264 3475 HTCV,
985 3416 1038 3469 ναίειν
1053 3415 1092 3468 ότι
1107 3418 1219 3486 μισοῦσιν
1240 3413 1314 3469 αύτδν
1333 3414 1357 3468 σί
1370 3415 1516 3486 σύμμαχοι,
1535 3412 1591 3468 εἶτα
1604 3415 1646 3468 καί
1658 3414 1727 3468 αύτσέ
1747 3414 1773 3469 ot

194 3517 239 3565 22,
259 3520 285 3570 9.
303 3499 379 3555 Ὅποι
399 3519 435 3563 τις
451 3501 481 3554 ἀν
506 3502 568 3570 κάν]
587 3499 687 3569 Ἐπειδὴ
701 3503 742 3555 διά
758 3508 807 3558 τῶν
827 3503 942 3578 ἀνωτέρω
985 3494 1126 3557 Μακεδόνες
1140 3494 1164 3547 οί
1177 3494 1279 3549 πολῖται
1288 3494 1379 3560 σύτοῦ,
1394 3494 1465 3561 εἶτα,
1479 3496 1523 3549 ίνα
1535 3495 1569 3568 μη
1578 3513 1614 3558 τις
1628 3495 1698 3567 είπῃ,
1713 3494 1773 3548 ἀλλ’

160 3578 242 3640 ἔδοξεν
253 3581 336 3650 ὥσπερ
345 3579 400 3632 τινά
411 3579 516 3652 ύπο]ίαν
533 3580 658 3652 δυνάμεως
670 3583 784 3653 παρέχειν
796 3586 849 3646 τοῖς
859 3583 943 3639 nm.
986 3573 1008 3628 εί
1019 3572 1061 3627 καί
1069 3568 1138 3627 ούτσι
1149 3574 1226 3638 σύτως
1233 3574 1341 3647 έχουσιν,
1354 3574 1412 3628 ἀλλ’
1422 3569 1466 3629 σύν
1476 3574 1557 3639 ξενικά
1568 3594 1623 3628 τινα
1633 3575 1689 3646 ίχει
1702 3594 1774 3647 στρα·

158 3659 227 3722 δόσι,
242 3657 356 3728 βούλεται
369 3658 452 3712 κοινδν
468 3657 528 3713 αύτδ
541 3659 619 3722 δείξαι
637 3660 679 3713 καί
693 3659 734 3713 διὰ
746 3665 791 3715 τσῦ
809 3662 942 3717 καθολικοῦ
985 3653 1110 3726 riflum,
1126 3655 1200 3725 φησίν
1218 3656 1234 3707 ἅ
1253 3674 1337 3727 ww·
1359 3657 1529 3710 BHRSTCV·
1557 3656 1676 3710 Βῠῦλῐτνῑ
1695 3655 1773 3717 ὅεῖῑαῑ

159 3738 304 3792 ἐλαττῶσαι.
356 3736 385 3791 '0
407 3737 434 3793 δέ
456 3740 502 3793 κάν
521 3740 636 3810 σημαίνει
655 3738 759 3795 ίνταῦθα
783 3742 877 3813 αίρεσιν
897 3747 942 3797 τοῦ
986 3742 1026 3795 ότι
1040 3740 1082 3795 καί
1099 3734 1167 3794 σύτοι
1185 3736 1257 3799 δόξαν
1277 3738 1321 3808 μέν
1334 3754 1389 3790 τινα
1406 3735 1492 3806 έχουσι
1507 3733 1677 3789 καίύπόνοιαν
1697 3735 1773 3789 πολε·

159 3817 289 3878 ἐλάττονος
299 3816 325 3870 ἐν
338 3815 461 3891 ἀποτυχέρ
473 3822 518 3874 τοῦ
530 3820 653 3890 μείζονος·
665 3818 749 3892 σύγάρ
761 3819 808 3875 είσι
816 3821 860 3875 δύο
870 3824 941 3895 μέρη,
987 3817 1076 3893 μικὴν,
1097 3818 1127 3874 ού
1140 3820 1224 3889 μίντοι
1242 3814 1308 3871 ἐστίν
1321 3813 1416 3883 ἀληθῆ,
1429 3813 1453 3877 ίξ
1466 3810 1503 3868 ὧν
1518 3813 1630 3885 ἐπιρίριι.
1641 3814 1723 3868 TCV.

158 3894 218 3947 ἀλλ’
231 3896 268 3948 έν.
283 3896 425 3952 BESTCV.
1022 3900 1053 3954 01
1072 3899 1100 3957 δέ
1112 3897 1160 3971 δὴ]
1184 3896 1230 3950 έίαί
1247 3896 1393 3969 συμμάχους
1413 3893 1487 3949 αῦτδν
1511 3894 1553 3947 καὶ
1575 3895 1631 3956 τούς
1645 3893 1768 3961 ύπηκόσυς

194 3974 264 4045 Κάν]
281 3974 316 4027 ’ίδ
325 3975 370 4028 κέν
381 3972 486 4029 ίνταῦθα
498 3977 580 4030 κεῖται
590 3976 620 4030 τδ
633 3979 834 4050 παραφερόμενον
847 3980 889 4033 καί
901 3981 943 4033 δο-
986 3978 1137 4052 ἀρελόμενος
1150 3977 1190 4033 έπί
1202 3977 1231 4031 τδ
1252 3974 1344 4038 ξενικδν
1366 3972 1490 4046 ἐχώρησε.
1513 3973 1560 4026 {m
1577 3974 1696 4044 κέχρηται
1713 3992 1770 4026 συν-

156 4062 217 4107 κοῦν
230 4051 264 4125 μὴ
278 4054 400 4125 λέγεσθαι·
415 4054 444 4110 ού
457 4053 507 4128 γάρ
518 4057 642 4128 δυνάμεθα
659 4056 718 4111 αθτδ
732 4057 846 4112 διαλῦσαι
864 4059 897 4123 είς
913 4060 942 4115 σδ
986 4061 1083 4132 δρσμῇ,
1107 4059 1190 4131 λέγων
1210 4056 1283 4119 δόξαν
1303 4054 1346 4126 μέν
1371 4052 1486 4126 ἐχουσιν,
1500 4053 1544 4106 ἵνα
1558 4050 1592 4124 μὴ
1613 4053 1676 4124 δοκῇ
1699 4055 1774 4124 μένος

158 4135 200 4186 καί
209 4134 261 4187 ἐάν.
277 4134 362 4188 ίέεῖται
375 4134 424 4208 γάρ
433 4136 510 4200 ἀλλος
520 4137 654 4209 σύνδεσμος
665 4137 679 4190 ό
693 4138 734 4193 άν.
748 4140 780 4192 Β.
986 4138 1155 4194 ίναντιοῦσθαι
1168 4139 1200 4211 τῇ
1213 4135 1268 4209 περὶ
1279 4134 1352 4189 αύτδν
1362 4135 1443 4208 ρήμῃ.
1454 4132 1609 4195 Βουλόμενος
1619 4132 1646 4185 δέ
1657 4131 1772 4186 καθελεῖν

194 4230 245 4279 22,
262 4216 305 4269 13.
320 4215 377 4270 Ἔτ’
391 4215 610 4289 ἐπισφαλεστέραν]
621 4216 666 4285 τὴν
682 4218 834 4272 Μακεδόνων
848 4218 940 4291 ἀρχάν.
986 4218 1067 4273 σύτῶν
1080 4216 1125 4286 τὴν
1141 4217 1228 4283 δόξαν,
1248 4215 1289 4270 ἐπί
1304 4214 1409 4284 ἀτεχνον
1428 4213 1508 4266 πίστιν
1523 4211 1665 4282 ἐχώρησεν,
1675 4210 1719 4263 ἵνα
1737 4209 1772 4283 μὴ
1821 4250 1828 4263 .

158 4294 186 4349 S·
200 4294 314 4360 Ζητεῖται
326 4300 377 4357 πῶς
390 4294 576 4367 ἀσθενεστέραν,
592 4297 651 4350 ἀλλ’
669 4297 728 4370 σίχί
747 4299 790 4352 καί
804 4299 902 4372 μᾶλλον
920 4300 942 4354 ἐ·
986 4301 1067 4353 πάντα
1087 4298 1159 4360 αύτδς
1172 4295 1350 4366 ἐνθυμούμενος
1365 4292 1407 4345 καί
1421 4290 1562 4352 Mam&
1582 4289 1720 4361 paovaxlq
1740 4293 1773 4362 ῐῇ

160 4373 309 4442 σχυροτέρεν
319 4375 389 4426 ποιεῖ
401 4372 442 4425 διά
455 4378 499 4427 τοῦ
516 4377 684 4445 γυμνάζεσθαι
697 4378 740 4430 καί
756 4384 867 4450 συνεχῶς
881 4399 943 4451 μιν.
986 4378 1046 4449 πρδς
1058 4378 1184 4431 Φίλιππον
1201 4373 1299 4448 μᾶλλον
1315 4373 1378 4442 δοκῇ
1394 4369 1476 4441 λέγειν
1488 4370 1504 4437 ἢ
1520 4366 1638 4435 ὡςαθτὴν
1652 4365 1697 4434 τὴν
1709 4366 1772 4435 ἀλν]

160 4451 242 4503 θάνειν
253 4448 426 4521 τδπσλεμικά.
442 4451 488 4504 ίίαί
502 4470 582 4522 φαμεν
598 4456 636 4509 ότι
649 4455 822 4530 ἀσθενεστέραν
836 4458 865 4511 οδ
875 4459 943 4532 λέγει
986 4459 1055 4512 θειαν
1069 4456 1192 4531 έγνωκιύς.
1212 4451 1356 4523 ’ἀνενεγκὼν
1368 4449 1395 4504 δέ
1408 4447 1454 4516 τίγν
1467 4448 1599 4521 μαρτυρίαν
1617 4453 1660 4502 τοῦ
1678 4445 1771 4517 ἀνθρώ·

160 4532 212 4592 τοῖς
223 4531 349 4600 σώμασιν,
363 4527 472 4602 ἀλλάτῇ
489 4534 596 4604 γνώμῃ,
615 4534 677 4587 διότι
695 4541 806 4607 μισοῦσιν
822 4538 895 4592 αύτδν
911 4540 943 4593 δι’
986 4558 1034 4593 που
1047 4536 1081 4599 είς
1090 4536 1119 4590 τδ
1132 4533 1187 4606 περὶ
1200 4538 1248 4587 τῶν
1271 4531 1345 4595 ξένων
1365 4528 1409 4583 ούκ
1429 4527 1521 4601 ἀφῆκεν
1542 4527 1707 4581 ἀκατάσκευον
1725 4523 1770 4591 τὴν

160 4608 221 4680 ὅπερ
236 4606 318 4669 &roffi
333 4607 459 4673 ποιεῖ,ύκ
478 4606 591 4682 ίπιρίρει.
614 4611 744 4688 Ἢότιτῃ
760 4619 944 4691 συνεχεῖτριόῆ
988 4611 1216 4689 μαρτυρίαν,ἀλλά
1227 4607 1364 4682 λογισμούς
1378 4606 1444 4680 αύτῷ
1453 4606 1591 4679 περιέθηκεν
1604 4606 1644 4658 ότι
1658 4603 1713 4665 τούς
1728 4603 1771 4674 μέν
1857 4632 1859 4639 v

160 4685 678 4762 κατακοπτόμενοιἀσθενέστεροιγένονται.
694 4696 838 4751 BFsmv.
929 4676 934 4694 ⁶
987 4693 1111 4766 ἀνδρείους
1123 4692 1164 4745 δεά
1180 4690 1321 4765 ριλοτιμίεν
1334 4687 1479 4751 ἀπωθεῖται,
1495 4684 1584 4749 τοίνςδί
1595 4686 1720 4755 σώφρονας
1729 4681 1770 4736 ῧῑίῑ

196 4785 240 4835 22,
263 4771 304 4824 15.
326 4766 368 4835 Μὴ
387 4768 435 4841 γάρ
455 4769 551 4842 οίεσθε]
567 4770 719 4829 ’ἀντιπῖπτον
738 4775 801 4832 λύει.
823 4780 853 4833 P.
878 4777 943 4832 θαυ·
987 4775 1017 4829 τδ
1030 4773 1064 4847 μὴ
1076 4773 1193 4828 δύνασθαι
1202 4774 1281 4846 ρέρειν
1295 4770 1370 4824 αύτοῦ
1379 4766 1425 4835 την
1435 4769 1526 4840 μέθην,
1537 4765 1579 4818 καί
1592 4764 1772 4835 προσυνίστησι

162 4849 243 4921 μαστι]
252 4846 316 4917 τιςί]
333 4850 375 4920 βία
393 4853 436 4903 τοῦ
452 4848 560 4922 ῥήτορος·
578 4858 626 4906 τῶν
641 4853 690 4926 γάρ
705 4852 836 4922 Ἀθηναίων
856 4857 897 4911 διδ
912 4858 944 4914 τά
987 4855 1031 4913 τδν
1045 4854 1173 4926 ἄνθρωπον
1187 4852 1230 4906 καί
1241 4852 1361 4922 ρρόνιμον
1380 4847 1455 4902 εἰπὼν
1476 4845 1519 4900 καί
1538 4843 1654 4915 ίμπειρον
1674 4846 1723 4895 τῶν
1745 4839 1772 4895 ίν

161 4930 339 5001 κατορθώματα
358 4930 414 4992 τους
436 4930 580 4995 Μακεδόνας
604 4931 806 5007 εύλαόουμένων,
829 4932 900 5003 οὗτος
920 4938 944 5002 ἐξ
987 4935 1146 5004 Μακεδονία,
1172 4930 1221 5003 ούχ
1241 4931 1285 4984 ίνα
1307 4929 1401 4985 ἐκεῖνον
1420 4925 1551 4998 ἐπαινέσῃ,
1578 4920 1636 4977 ἀλλ’
1653 4921 1697 4974 ίνα
1714 4919 1772 4982 τούς

161 5005 239 5059 αύτίῦν
254 5008 346 5063 τούτων
359 5009 450 5081 σαθράν
470 5010 549 5066 αθτῶν
566 5010 693 5084 ἀποραίνει
708 5013 752 5083 τὴν
766 5015 884 5088 δύναμιν,
903 5018 945 5071 καί
987 5015 1075 5070 τούτου
1086 5011 1266 5086 λογισμούςόις
1284 5010 1385 5079 ἀληθεῖς
1398 5006 1578 5079 παραδέξωνται
1595 5001 1636 5057 ῧνίῑ
1651 4999 1697 5068 τθν
1711 5000 1773 5056 έῑέί·

161 5084 242 5153 ἐπειδὴ
250 5087 343 5142 δειλίαν
356 5088 401 5145 ούκ
417 5089 477 5163 έσχε
488 5096 672 5164 κατηγορῆσαι,
686 5092 731 5161 τὴν
750 5097 854 5167 γνόμην
865 5095 944 5159 ίξετέ-
988 5115 1031 5149 νου
1042 5094 1123 5159 δόξαν.
1139 5096 1166 5150 S.

162 5166 199 5231 ζει
212 5170 256 5221 τοῦ
266 5167 392 5225 Φιλίππου
404 5171 446 5224 καὶ
456 5169 595 5245 τὴνσχίσιν
606 5179 654 5228 τῶν
670 5174 835 5242 Μακεδόνων,
851 5175 891 5228 καί
903 5177 945 5241 τάς
1025 5176 1070 5241 23,
1086 5193 1112 5230 2.
1135 5172 1295 5244 Πεζέταιροι]
1319 5170 1370 5224 Τοῦ
1385 5170 1522 5239 πεζέταιροι
1545 5163 1639 5220 πολλαί
1659 5165 1773 5236 φέρονται

160 5247 309 5317 ῖθωίέίῦῑῑν
333 5248 412 5303 MV
436 5248 546 5313 ἐναντίας
568 5250 692 5323 &mrim
713 5251 761 5322 ούχ
781 5252 945 5326 όμονοσῦντας
989 5253 1126 5324 ἐξηγήσεις.
1141 5253 1173 5306 Οί
1187 5251 1290 5325 μένγάρ
1302 5249 1362 5303 αύτδ
1372 5248 1487 5320 λέγουσιν
1502 5247 1583 5318 όνομα
1595 5242 1774 5317 στρατεύματος

161 5321 282 5393 ἀλληλοις
301 5328 430 5385 δείκνυσιν.
450 5332 593 5387 BRSFCV.
992 5333 1058 5387 ούτω
1072 5332 1240 5404 καλουμένου,
1256 5330 1318 5386 οἶδέ
1334 5331 1372 5384 ότι
1385 5328 1447 5391 τινές
1457 5323 1521 5396 ἦσαν
1536 5326 1592 5397 παρ’
1607 5324 1689 5387 αθτοῖς
1698 5342 1773 5395 στρα·
