3967 5967
221 492 281 544 5³8
763 482 905 545 ΣΧΟΛΙΑ
928 483 991 542 ΕΙΣ
1010 482 1286 543 ΔΗΜΟΣΘΕΝΜΜ.

220 614 331 676 τιθίσιις·
354 615 398 686 μία
419 614 462 686 μίν
475 612 594 680 καθολική
609 635 621 665 ι
636 614 765 685 φούιρδςό
786 614 924 676 Φίλιππος·
941 636 952 664 ν
968 614 1000 681 ἣν
1044 612 1129 665 λαόύιν
1142 612 1262 684 προλήψει
1277 612 1393 682 κίχρηται
1406 616 1564 684 πιστούμενος
1578 610 1622 677 τήν
1636 613 1767 683 πράττειν’
1782 618 1828 669 τοῦ

221 690 308 745 ίλυσεν
329 690 378 747 ἀπδ
398 696 441 745 τοῦ
453 691 562 757 δικαίου,
580 692 657 763 φήσας
670 692 709 745 ότι
728 690 818 744 ἀδικῶν
836 690 926 759 ηύξήθη
936 731 946 761 ,
959 691 1001 744 καί
1043 689 1091 762 γάρ
1110 689 1191 752 εύνους
1206 688 1271 743 εἶναι
1285 690 1340 751 τούς
1352 689 1420 752 θεούς
1439 688 1480 745 ἐπί
1499 693 1543 743 τοῦ
1561 692 1680 761 παρόντος
1693 693 1824 763 τεκμήριον

220 772 331 835 κατέλεξε
342 772 385 835 τδς
396 771 488 833 ἀδικίας
501 771 542 823 καί
552 770 595 833 τάς
605 770 714 832 ἀσεόιίας
726 774 770 823 τοῦ
784 770 933 832 Μακεδόνος.
970 769 1002 823 Ei
1045 770 1074 823 τδ
1091 770 1133 823 καὶ
1149 768 1186 823 ἀπ’
1202 769 1286 823 ἀλλων
1305 768 1405 823 πολλῶν
1425 770 1531 841 φανεράν
1552 772 1701 841 γεγενῆσθαι
1720 769 1764 837 τήν
1788 773 1828 826 εύ-

219 851 246 906 δί
256 855 309 915 τοῖς
320 852 442 906 ἀδικοῦσιν
454 850 634 921 ἀπεχθάνονται
646 850 669 903 οί
679 851 809 920 κρείττους,
822 849 924 916 ἀσθενής
934 849 1000 904 ίατιν
1043 866 1120 901 νοιαν·
1134 846 1298 919 αἰνιττόμενος
1310 849 1349 902 ότι
1365 847 1390 901 ίν
1402 854 1438 921 τῷ
1451 851 1559 921 προτέρῳ
1570 848 1642 923 λόγῳ
1654 854 1727 904 τοῦτο
1737 851 1828 914 ίκανῶς

219 929 235 983 δ
252 931 375 993 Φίλιππος
393 930 525 1000 πολεμίους
539 928 605 999 ίχων
618 929 674 991 τούς
687 930 762 991 θεούς.
799 928 855 981 Τῶν
867 928 916 999 γάρ
932 927 999 981 ἀντι·
1042 926 1163 992 ἀπίδειξι,
1185 928 1227 980 καί
1246 928 1329 990 άλλως
1347 927 1376 982 τδ
1396 928 1499 982 δυνατόν
1520 928 1620 999 ίαχυρδν
1639 930 1825 992 κατασκευάζων

219 1009 309 1062 θίσεων
322 1009 348 1061 αί
363 1007 406 1079 μίν
419 1010 472 1070 τοῖς
484 1008 637 1081 όμοιογινίσι
655 1008 756 1061 λύονται
770 1007 924 1079 κεφαλαίοις,
937 1006 1000 1060 αἱδί
1042 1012 1091 1060 τῶν
1106 1004 1235 1074 Ἀθηναίων
1253 1007 1295 1061 καί
1304 1007 1409 1078 φανεράν
1426 1006 1536 1079 ίχόντων
1548 1006 1593 1074 τήν
1606 1007 1711 1063 εὔνοιαν.
1750 1009 1824 1063 Ἐστι

218 1090 271 1150 τοῖς
290 1088 452 1160 ίτερογινίσι,
468 1090 549 1159 ὥσπερ
570 1086 694 1142 κάνταῦθα
705 1088 735 1142 τδ
754 1087 857 1141 δυνατόν
871 1086 944 1154 ἀλύθη
964 1092 1001 1159 τῷ
1042 1088 1068 1141 δί
1080 1087 1109 1141 τδ
1122 1088 1250 1159 προοίμιον
1260 1087 1329 1142 ούδίν
1339 1088 1421 1159 ἕτερον
1433 1088 1449 1155 ἢ
1459 1083 1594 1155 κατασκευή
1607 1092 1651 1141 τοῦ
1661 1089 1765 1142 δυνατοῦ
1776 1095 1826 1142 τῶν

218 1167 313 1240 δικαίῳ.
357 1167 452 1234 Ταύτης
464 1167 529 1220 ούτω
550 1167 662 1233 λυθείσης
681 1170 724 1233 τῆς
742 1165 883 1227 ἀντιθίσεως
901 1166 1000 1237 δευτίρα
1046 1166 1185 1233 Ἀθηναίων.
1201 1169 1252 1222 Rs.

217 1249 342 1303 πίπτωκιν
361 1247 495 1300 ἀκολουθία
519 1268 531 1296 ι
554 1246 611 1299 ἀλλ’
630 1246 653 1301 εί
670 1246 712 1300 καί
729 1246 902 1301 ὑποπτεύουσιν
925 1246 999 1300 αύτδν
1082 1244 1139 1302 Ἐπί
1158 1248 1259 1302 πολλῶν
1281 1245 1325 1318 μάν
1339 1247 1368 1299 ἀν
1392 1248 1441 1317 τις]
1466 1245 1500 1300 Ἥ
1514 1245 1557 1317 μίν
1573 1246 1684 1309 ύπόθισις
1696 1250 1767 1302 τοῦδε
1781 1253 1825 1302 τοῦ

220 1347 233 1376 ι
248 1325 325 1391 τινίς,
340 1327 407 1398 ὅμως
421 1327 462 1396 βίᾳ
469 1324 562 1387 καθέξει
574 1325 606 1379 τά
618 1327 750 1397 πράγματα
767 1331 802 1397 τῶ
814 1324 846 1378 τά
864 1325 945 1396 χωρία
958 1326 1000 1379 καὶ
1043 1324 1121 1396 λόγου
1136 1326 1178 1379 καί
1194 1325 1225 1380 τά
1238 1325 1358 1395 κεφάλαια
1375 1325 1532 1396 παραπλήσια
1549 1331 1586 1397 τῖρ
1601 1328 1700 1399 πρώτῳ.
1737 1327 1821 1393 Διενή·

220 1426 232 1454 ι
250 1405 350 1477 λιμίνας
367 1406 548 1476 προειληφίναι.
567 1426 578 1454 ι
616 1404 664 1457 ίίαί
682 1405 772 1472 ταύτην
787 1404 872 1458 ῖλυσεν
894 1403 941 1459 ἀπδ
953 1409 998 1458 τοῦ
1044 1425 1104 1477 νοχε
1120 1406 1147 1459 δί
1159 1407 1212 1460 κατ’
1225 1406 1306 1459 ἐκεῖνο
1322 1407 1397 1476 μόνον
1411 1406 1449 1458 ότι
1462 1405 1486 1459 ίν
1501 1404 1545 1475 μὲν
1555 1410 1590 1476 τῷ
1606 1408 1695 1477 πρώτῳ
1714 1409 1824 1474 ζητεῖται

217 1485 328 1550 δικαίου,
348 1484 426 1556 φήσας
442 1483 481 1536 ότι
502 1483 532 1536 ού
545 1484 688 1550 συνέστηκεν
709 1482 776 1555 αύτῷ
790 1484 843 1554 μετ’
862 1481 955 1545 εύνοίας
967 1482 999 1536 τά
1044 1484 1065 1540 εί
1075 1484 1123 1557 χρή
1139 1487 1239 1557 βοηθεῖν
1257 1487 1310 1547 τοῖς
1327 1484 1480 1549 Ὀλυνθίοις,
1496 1483 1522 1538 ίν
1531 1485 1557 1537 δὲ
1570 1487 1650 1557 τούτῳ
1660 1487 1689 1539 τδ
1707 1485 1750 1557 μίν
1763 1488 1824 1555 βοη-

217 1563 363 1633 πράγματα,
381 1561 520 1623 Μακεδόνες
533 1561 605 1615 αύτδν
623 1561 663 1614 διὰ
675 1561 731 1623 τούς
750 1563 861 1631 συνεχιῖς
876 1561 998 1631 πολέμους
1043 1565 1095 1617 θεῖν
1107 1564 1154 1633 ήδη
1168 1566 1299 1630 δέδεικται,
1319 1563 1363 1630 τὴν
1376 1564 1402 1618 δί
1413 1563 1498 1635 ῥώμην
1515 1562 1615 1617 όκνοῦσι
1626 1569 1670 1618 τοῦ
1683 1565 1824 1629 Μακεδόνος

219 1646 332 1713 μισοῦσι,
347 1646 397 1694 τῶν
410 1640 482 1702 ξίνων
495 1642 631 1712 πεζέταιροι
641 1640 684 1693 καί
701 1643 823 1711 σώφρονες
842 1639 998 1712 ἀπεληλαμί·
1044 1646 1086 1698 καί
1098 1644 1143 1712 τήν
1156 1644 1243 1716 ίσχῦν,
1256 1646 1288 1697 δι’
1302 1647 1333 1712 ἣν
1350 1644 1457 1715 μάλιστα
1470 1644 1512 1696 καί
1525 1642 1571 1710 τήν
1589 1645 1744 1715 δημηγορίαν
1765 1646 1822 1699 τοῦ·

217 1739 257 1773 νοι
270 1719 318 1773 είσί
336 1720 378 1772 καί
395 1719 426 1773 τά
446 1718 508 1786 ίίῆς.
545 1719 616 1773 Μετά
634 1719 740 1785 ταῦταί]
757 1720 825 1790 τρίτη
844 1718 998 1790 ίμπίιττιυκεν
1043 1725 1206 1797 τηνόρήτωρ
1215 1726 1433 1791 πεποίηται,ῶστε
1443 1724 1579 1786 πλεονάζον
1589 1723 1740 1797 ίντῷλόγῳ
1750 1727 1822 1795 κεφά-

218 1798 378 1853 ἀκολουθίαι
398 1797 456 1851 ἀλλ’
471 1798 492 1851 εί
505 1799 547 1851 καί
559 1798 635 1860 οθτως
647 1798 742 1868 ίχειτά
759 1799 813 1852 κατ’
827 1797 910 1861 αύτδν,
931 1800 999 1869 ὅμως
1042 1803 1114 1858 λαῖον
1132 1804 1199 1858 εἶναι
1216 1804 1245 1857 τό
1266 1804 1380 1859 δυνατόν.
1416 1802 1471 1856 Τῶν
1485 1803 1511 1857 δά
1531 1802 1669 1873 κεφαλαίων
1687 1803 1718 1857 τὰ
1739 1805 1782 1874 μὲν
1799 1804 1824 1867 ἐξ

217 1876 1000 2027 3123ssssssth{ffi‘fflklmfffffi}
1042 1882 1503 2034 ἲέἒῗυζζῖῗέῗζόίςιιῖίξὲίίήίίί
1515 1883 1575 2029 ίῗέ
1589 1901 1823 2032 ἔιἯίίῖῖξῖῗ

217 2034 312 2096 πόλεως
326 2034 406 2104 τύχη,
420 2035 484 2088 διότι
500 2035 542 2087 καί
555 2035 693 2107 δικαιότερα
712 2037 860 2106 πράττομεν,
875 2033 919 2088 οῦκ
935 2034 998 2089 ἀπο·
1044 2037 1097 2093 ίνια
1110 2041 1137 2095 δί
1150 2041 1218 2103 εύθῦς
1228 2040 1269 2092 καί
1277 2040 1324 2109 πρδ
1333 2037 1478 2105 τῆςείσόδου
1489 2042 1599 2106 ζητεῖται
1612 2038 1677 2110 παρά
1690 2046 1739 2092 τῶν
1751 2040 1823 2111 ἀκρο,

216 2112 325 2183 λαύομεν
342 2113 369 2166 δί
390 2112 464 2179 αὐτῆς
484 2119 521 2186 τῷ·
540 2113 614 2185 μηδίν
634 2113 704 2167 αύτυί
724 2114 854 2185 βούλεσθαι
873 2115 996 2183 πράττειν.
1042 2127 1123 2186 ατῶυ,
1140 2121 1199 2192 πρὸς
1218 2123 1234 2174 θ
1251 2123 1294 2173 δεῖ
1314 2122 1356 2174 τδν
1377 2119 1469 2191 ῥήτορα
1492 2118 1536 2185 τήν
1553 2118 1686 2187 ἀπάντησιν
1709 2120 1775 2182 εύθὶις
1796 2121 1823 2175 ίκ

216 2191 997 2265 Met&³⁰⁶m2⁰llss00101mppwlssclbtmlmfflfiwwe-
1043 2202 1178 2273 προοιμίων
1200 2198 1407 2266 ποιεῖσθαι·δδή
1432 2198 1556 2252 κάνταῦθα
1573 2201 1670 2270 γίγονε.
1707 2201 1755 2267 Τῆς
1774 2201 1823 2271 γάρ

215 2270 253 2323 Τά
269 2270 378 2342 μὲνγὰρ
390 2270 503 2343 ίπιτιμᾷ,
517 2272 548 2326 τά
567 2272 593 2326 δί
607 2274 762 2344 διορθοῦται,
775 2272 817 2326 καί
835 2272 891 2335 τούς
905 2271 948 2343 μίν
962 2272 1000 2326 αί·
1042 2280 1166 2351 δυνάμεως
1184 2282 1228 2332 τοῦ
1248 2279 1389 2340 Μακεδόνος
1407 2277 1529 2347 φυύούσης
1547 2277 1603 2340 τούς
1628 2276 1778 2345 Ἀθηναίους,
1794 2279 1821 2334 ίκ

216 2352 297 2403 τιᾶται
312 2356 361 2403 τῶν
374 2350 494 2422 ῥητόρων,
515 2354 567 2415 τοῖς
587 2351 613 2405 δί
627 2352 783 2424 συναγορεύιι
795 2354 941 2423 στρατηγοῖς
957 2354 999 2405 καί
1044 2362 1085 2426 τῆς
1101 2360 1197 2430 πρώτης
1213 2357 1327 2423 ἔπιύολῆς
1346 2356 1455 2427 ἀναιρεῖν
1468 2358 1578 2426 πειρᾶται
1591 2357 1634 2410 τδν
1650 2357 1740 2427 φόύον,
1754 2358 1821 2412 ἀντι·

216 2429 349 2491 πλουσίοις.
391 2429 588 2502 Ἐσχημάτισται
602 2431 629 2487 δί
641 2432 656 2485 ό
668 2430 859 2503 ίπίλογοςύίπί
874 2438 922 2486 τῶν
934 2453 999 2504 χρη·
1042 2440 1138 2491 τάσσων
1151 2441 1183 2509 τῇ
1193 2438 1319 2491 Φιλίππου
1331 2435 1403 2509 ῥύμη
1416 2434 1461 2502 τήν
1474 2441 1523 2489 τῶν
1537 2437 1598 2490 θεῶν
1613 2439 1769 2508 συμμαχίαν·
1783 2441 1826 2493 δεῖ

218 2511 302 2582 μάτων
319 2515 367 2563 τῶν
383 2511 515 2580 θεωρικῶν,
529 2517 636 2582 φανερῶς
657 2512 699 2584 μίν
720 2509 754 2582 μή
767 2510 883 2582 λίγυντος
901 2512 942 2564 διδ
954 2513 998 2566 τδν
1042 2515 1090 2587 γάρ
1114 2518 1167 2578 τοῖς
1186 2515 1296 2587 ίσχυροῖς
1318 2521 1367 2568 τῶν
1389 2514 1529 2568 ἀντιπάλων
1549 2514 1691 2585 ίσχυρότερα
1710 2514 1741 2568 τίι
1763 2520 1821 2588 παρ’

217 2589 304 2659 νόμον,
329 2588 439 2660 σχήματι
459 2589 486 2643 δί
505 2589 655 2661 πληροῦντος
674 2589 719 2656 τήν
735 2591 831 2661 χρείαν.
868 2589 932 2646 Ποτί
954 2591 998 2663 μίν
1044 2593 1280 2666 ήμῶνάντιτιθίναι.
1316 2593 1529 2647 Δείκνυταιδίῶν
1542 2595 1650 2664 δεύτερος
1661 2590 1757 2657 ούτοςό
1774 2595 1819 2648 λό-

216 2665 278 2738 γδιρ,
293 2667 376 2737 φησὶν,
392 2666 510 2738 είσφίρετι
522 2669 654 2740 χρήματα,
670 2668 729 2723 ποτὲ
740 2668 767 2722 δί
783 2667 856 2739 ἡμεῖς
866 2667 940 2723 αἴτιοι
954 2675 998 2724 τοῦ
1042 2696 1086 2746 γης
1097 2675 1124 2730 ἐκ
1137 2676 1229 2728 τῶνδε·
1247 2673 1272 2727 ίν
1289 2672 1338 2744 γδρ
1356 2678 1393 2745 τῷ
1404 2675 1495 2745 πρώτῳ
1513 2673 1568 2744 περί
1588 2676 1630 2739 τῆς
1645 2678 1693 2725 τῶν
1706 2675 1767 2728 θεῶν
1781 2675 1821 2729 εὖ.

217 2748 293 2817 μηδὲν
309 2748 437 2817 Υίτνὸῦθαῑ
455 2754 503 2801 τῶν
519 2749 635 2815 διόπων,
650 2747 684 2820 μθ
697 2749 999 2820 mmmmm&
1043 2756 1110 2817 νοίας
1134 2752 1255 2817 ἀπόδειξιν
1281 2752 1417 2822 παρασχὼν
1437 2749 1541 2804 ἐνταῦθα
1561 2751 1595 2813 ὡς
1620 2750 1821 2823 ὁμολογούμενον

216 2827 381 2897 στρατηγοῖς,
399 2825 458 2879 ποτὲ
473 2826 500 2881 δί
513 2828 552 2881 δτι
563 2827 591 2879 ού
605 2826 654 2898 χρὴ
672 2829 728 2890 τούς
741 2828 869 2890 πλουσίους
890 2825 998 2900 ἀναγκά-
1044 2833 1143 2887 ἔλαθεν.
1184 2831 1273 2886 ’ίστίον
1284 2830 1310 2884 δά
1322 2831 1360 2883 δτι
1372 2828 1471 2901 φησὶνό
1486 2829 1628 2900 Φιλόχορος
1638 2831 1677 2884 δτι
1692 2834 1755 2901 τρεῖς
1765 2833 1822 2900 βοή·

216 2907 267 2966 ζειν
281 2906 369 2974 μόνους
379 2904 420 2958 καί
431 2908 587 2976 τριηραρχεῖν
601 2906 643 2959 καί
656 2905 807 2977 λειτουργεῖν
817 2907 858 2959 καί
872 2904 996 2979 είαφίριιν.
1046 2912 1108 2965 θειαι
1120 2911 1288 2982 ίπίμφθησαν,
1303 2909 1358 2962 καθ’
1374 2909 1475 2961 ἕκαστον
1489 2907 1566 2979 λόγον
1581 2910 1637 2977 μιᾶς
1651 2912 1819 2979 πεμπομίνης,

220 2982 263 3046 Ἐξ
277 2981 313 3038 ὧν
328 2983 442 3038 ἀπάντων
459 2985 601 3052 λεληθότως
620 2984 706 3048 αύτούς
724 2984 856 3057 ἀναγκάζει
873 2991 921 3039 τῶν
936 2986 998 3040 θεω-
1044 2991 1077 3053 ῶς
1094 2994 1137 3057 τῆς
1148 2992 1244 3061 πρώτης
1256 2986 1289 3060 μή
1300 2987 1373 3055 οόσης
1381 2987 1475 3053 ἱκανῆς.
1513 2986 1637 3056 ίίιφάλαια
1650 2987 1676 3040 δὲ
1689 2986 1715 3040 ίν
1731 2988 1774 3058 μίν
1788 2996 1822 3061 τῷ

216 3069 289 3134 ρικῶν
312 3062 448 3131 ἀποστῆναι
468 3065 610 3136 μηδαμόθεν
635 3064 743 3120 ἀλλοθεν
765 3063 875 3136 εύπορεῖν
895 3065 999 3137 δυναμί·
1042 3072 1131 3141 πρώτῳ
1142 3069 1182 3123 ίπί
1193 3069 1257 3123 πολύ
1271 3068 1300 3122 τό
1312 3068 1448 3138 συμφέρον,
1467 3063 1505 3119 ἀπ’
1516 3064 1602 3136 ἀλίγον
1615 3063 1641 3117 δὲ
1660 3065 1689 3118 ιδ
1701 3067 1818 3120 δυνατόν·

217 3162 281 3204 20⁰5·
293 3144 343 3198 RS.
1043 3147 1148 3202 ἐνταῦθα
1160 3147 1187 3201 δί
1200 3147 1229 3200 τό
1246 3146 1356 3201 ἐναντίον
1368 3146 1431 3200 πολύ
1447 3143 1490 3216 μίν
1506 3143 1535 3197 τδ
1547 3144 1661 3208 δυνατὸν,
1680 3145 1767 3216 ὀλίγον
1793 3147 1819 3201 δὲ

253 3220 347 3284 Ἄλλως
360 3219 430 3283 είςτδ
443 3220 513 3276 αύτό.
532 3221 585 3275 Μία
595 3222 654 3294 πρδς
664 3223 716 3285 τοῖς
727 3223 812 3286 ἀλλοις
826 3219 899 3294 ἀρετὴ
911 3242 996 3294 προοι·
1041 3228 1071 3281 rb
1084 3229 1213 3299 αιμφίρον.
1229 3228 1310 3280 BTV.
1324 3226 1438 3296 Δεύτερος
1448 3225 1521 3287 τόπος
1537 3228 1585 3276 τῶν
1599 3221 1624 3285 ἐξ
1636 3223 1821 3295 ύποδιαιρίσεως

217 3301 274 3370 μίου
293 3301 322 3354 τό
336 3302 530 3372 παραμυθεῖσθαι
545 3300 576 3355 τά
589 3302 713 3356 λυποῦντα
726 3299 771 3368 τὴν
789 3301 912 3356 ύπόθεσιν.
951 3303 998 3355 ίίαί
1042 3306 1193 3378 προοιμίων,
1206 3304 1230 3367 ίξ
1238 3303 1352 3376 ἀορίστου
1365 3304 1392 3358 δί
1406 3303 1563 3374 προσλήψεως
1572 3302 1601 3355 τδ
1616 3308 1703 3374 σχῆμα
1720 3310 1763 3358 τοῦ
1777 3304 1820 3357 λό-

216 3386 265 3433 τῶν
282 3379 474 3435 ἀντιπιπτόντων
488 3381 517 3435 τό
532 3381 574 3452 μίν
587 3381 649 3449 δλην
663 3382 804 3453 παραλυπεῖ
814 3378 859 3447 τήν
871 3379 996 3448 ύπόθεσιν,
1042 3402 1103 3455 γου·
1127 3382 1228 3454 ιίρηκίυς
1239 3381 1287 3453 γὰρ
1303 3382 1333 3436 τδ
1349 3404 1360 3430 ι
1377 3380 1416 3436 ίπί
1426 3380 1527 3435 πολλῶν
1544 3379 1682 3450 »ἀόριστον
1697 3379 1821 3451 ἐπήγαγεν

216 3459 245 3512 τδ
260 3460 287 3513 δί
300 3461 358 3533 πρδς
372 3462 442 3533 μόρος
455 3460 517 3532 αύτῇ
526 3460 673 3516 ἀντιπίπτει.
715 3458 836 3513 Ἐνταῦθα
845 3459 926 3512 τοίνυν
939 3459 998 3530 πρδς
1046 3462 1179 3533 ῶρισμίνον
1191 3461 1283 3532 τδπερί
1293 3466 1342 3513 τῶν
1355 3457 1501 3514 Ὀλυνθίων.
1538 3458 1733 3531 Ὀμοιοντοότῳ
1748 3460 1776 3512 τύ
1789 3460 1821 3523 είς

217 3539 312 3593 ἅπαντα
325 3541 430 3611 μάχεται
439 3540 482 3594 τδν
493 3540 571 3611 λόγον
584 3541 625 3595 διδ
636 3538 682 3606 τήν
695 3539 821 3594 Φιλίππου
833 3539 946 3610 δύναμιν,
956 3540 999 3593 καὶ
1041 3539 1084 3591 τδν
1105 3541 1176 3610 ἀγιον
1195 3539 1324 3593 Βασίλειον
1341 3544 1384 3593 τοῦ
1406 3538 1526 3608 θεολόγου
1543 3540 1684 3608 (Goegorii
1706 3542 1819 3595 Nazian-

216 3618 363 3691 όάκροατής
379 3620 528 3673 δεδούλωται
542 3621 572 3675 τό
591 3621 705 3692 φρόνημα
718 3620 760 3673 καί
776 3621 867 3680 πάντας
879 3618 936 3681 τούς
954 3623 998 3672 τοῦ
1041 3619 1270 3690 ωινί)προοίμιον.
1288 3617 1429 3671 ABRSTV.
1442 3617 1501 3679 Τοῖς
1513 3616 1561 3688 γὰρ
1573 3619 1709 3688 προσώποις
1719 3619 1817 3689 καὶπρδ

216 3701 378 3770 συμφέροντος
395 3698 530 3754 ἀπωθεῖται
542 3700 646 3771 λόγους,
662 3698 714 3753 όδί
727 3698 866 3771 σόμόουλος
886 3697 930 3751 οῦκ
944 3697 998 3770 ἔχει
1041 3704 1090 3751 τῶν
1104 3699 1255 3770 πραγμάτων
1272 3696 1332 3749 ίδιαι
1344 3697 1567 3768 παρακολουθοῦσιν
1578 3697 1719 3769 ῦπολήύεις.
1735 3701 1818 3753 ATV.

216 3776 323 3845 πάροδον
338 3776 377 3830 ίπί
391 3776 422 3829 τίι
435 3776 502 3829 ἀλλα
517 3779 576 3848 μίρη
589 3781 633 3843 τῆς
646 3777 790 3838 ύποθίσεως.
826 3776 882 3829 Τῶν
895 3775 943 3848 γάρ
959 3797 998 3831 κε·
1045 3775 1089 3830 Ἐκ
1100 3778 1253 3849 περιχαρείας
1262 3774 1378 3843 εἴληπται
1391 3777 1421 3829 εδ
1434 3777 1510 3847 παρὀν
1524 3777 1664 3848 προοίμιον.
1680 3779 1713 3830 Α.

216 3853 327 3924 φαλαίων
341 3854 372 3908 τά
389 3855 431 3927 μὲν
446 3855 471 3917 le
484 3855 557 3922 αύιῆς
573 3855 705 3911 ἀνακύπτει
716 3859 760 3922 τῆς
773 3854 862 3918 τάξεως
879 3854 923 3909 ούκ
937 3856 998 3909 ἀντα
1080 3855 1137 3910 Ἐπί
1150 3856 1264 3927 πολλῶν]
1276 3857 1404 3926 Πρότασις.
1420 3858 1450 3910 Ρ.
1463 3856 1546 3909 λείπει
1556 3856 1716 3926 πραγμάτων.
1728 3855 1783 3908 ΤΡ.

217 3937 313 4001 πρῶτον
326 3934 440 4003 γνώριμα
459 3934 512 3994 τοῖς
531 3932 662 4003 ἀκροαταῖς
676 3932 731 3986 ούδί
745 3933 922 4003 ίπιζητούμινα
941 3935 998 4005 παρ’
1079 3940 1121 4002 18,
1135 3937 1159 3994 3.
1177 3935 1221 3988 Ἐν
1236 3938 1288 3998 τοῖς
1299 3936 1415 4006 παροῦσι]
1427 3933 1452 3988 ίν
1463 3931 1752 4007 τῷπροσγενίσθαιίημῖν
1764 3934 1820 3997 τοῦς

216 4010 296 4064 αύτῶν
313 4010 338 4074 ἔξ
356 4009 448 4082 ἀρχῆς,
461 4013 542 4082 ὥσπερ
556 4009 582 4066 ίν
601 4018 637 4085 τῷ
656 4017 813 4084 πανηγυρικῷ
830 4015 875 4066 τοῦ
891 4011 998 4083 ’ίσοκρά-
1045 4014 1187 4077 Ὀλυνθίους
1201 4015 1352 4087 συμμάχους.
1365 4014 1459 4069 STCP.

217 4108 280 4151 τους
294 4088 348 4142 ίνια
358 4089 385 4144 δί
398 4089 466 4151 εύθύς
479 4089 520 4142 καί
532 4089 579 4161 πφδ
590 4093 633 4157 τῆς
646 4089 742 4145 ιίσόδου
752 4092 863 4158 ζητεῖται
875 4088 939 4160 παρά
948 4097 998 4145 τῶν
1079 4098 1121 4162 ι8,
1135 4099 1161 4159 4.
1174 4093 1209 4146 Τό
1218 4092 1266 4164 γὰρ
1275 4092 1393 4165 Φιλίππῳ
1403 4092 1568 4163 γεγενῆσθαι]
1578 4091 1657 4144 Τοῦτό
1667 4089 1756 4159 ἐστινὴ
1768 4094 1821 4144 δευ-

217 4168 353 4239 ἀκροατῶν,
367 4169 426 4240 πρδς
439 4171 456 4222 ἀ
467 4171 510 4223 δεῖ
519 4168 561 4224 τδν
577 4169 667 4241 ῥήτορα
677 4169 723 4237 τήν
738 4169 873 4237 ἀπάντησιν
889 4167 957 4232 ιύθύς
970 4169 998 4224 ίκ
1041 4174 1098 4244 τίρα
1111 4173 1239 4244 πρότασις,
1253 4174 1284 4239 ήν
1298 4172 1331 4233 ὣς
1340 4174 1492 4242 ζητουμένην
1504 4170 1569 4241 παρὰ
1582 4176 1631 4224 τῶν
1646 4168 1770 4240 ἀκροατῶν
1779 4172 1820 4222 διδ

216 4250 352 4379 ίίίίίιΙΙΝ
370 4251 509 4380 ’Ῥῗίθῖι
527 4252 544 4304 ²
563 4248 941 4396 ‘kzssfffflz‘fisszssaffssz
949 4249 999 4396 {3⁹
1041 4250 1208 4400 ἷίῖξίᾙ
1222 4250 1298 4398 ῖή”
1314 4249 1487 4389 ἓ“ἐῖεἶ“”ἶζι“
1500 4245 1819 4380 τῗῖςῖίίῆἰῖέίίίίῗῗ

308 4348 341 4389 ως
353 4346 396 4380 του
436 4346 479 4379 ακε
695 4346 724 4381 το
740 4348 751 4389 ς
838 4347 854 4380 α
1273 4349 1295 4398 ῳ
1332 4348 1339 4378 ι
1416 4367 1424 4391 ,
1455 4348 1459 4358 ·
1529 4347 1542 4380 ν
1778 4347 1803 4379 κε

218 4346 315 4477 πρύίίηες
336 4407 451 4474 ίτιύολῆς
465 4346 704 4479 ἀναίρῖῖιίοπειριῖτςαι
719 4407 763 4461 τδν
782 4408 858 4478 φόύον
873 4347 999 4471 ἀίτιτάξαά
1042 4384 1121 4462 ίάεῖσε
1133 4381 1256 4459 κάνάαῦθα
1272 4348 1446 4476 παρείληπτςαι.
1482 4345 1544 4459 Τμόάε
1559 4404 1602 4476 μίν
1616 4403 1665 4476 γὰρ
1680 4404 1712 4466 είς
1726 4403 1821 4458 ἀπόδει·

218 4483 391 4555 φήΦιλίππου
404 4485 475 4557 ῥώμη
492 4483 537 4552 τήν
549 4492 599 4539 τῶν
620 4486 681 4539 θεῶν
694 4486 848 4557 συμμαχίαν.
885 4486 932 4539 Δεῖ
949 4486 999 4557 γδρ
1042 4487 1077 4551 ξιν
1091 4490 1134 4554 τῆς
1145 4486 1271 4540 Φιλίππου
1280 4486 1427 4557 πανουργίας
1441 4485 1482 4538 καί
1493 4486 1530 4538 ότι
1542 4484 1643 4556 φανερδς
1651 4484 1821 4556 γινόμενοςού

218 4564 271 4626 τοῖς
288 4562 398 4636 ἰσχυροῖς
414 4569 463 4619 τῶν
481 4564 621 4620 ἀντιπάλων
640 4564 783 4637 ίσχυρότερα
800 4564 831 4619 τά
850 4566 907 4637 παρ’
926 4564 998 4638 ἡμῶν
1041 4566 1169 4633 δυνήσεται
1185 4563 1396 4635 παρακρούσασθαι
1409 4563 1465 4625 τούς
1481 4561 1637 4624 Ὀλυνθίους·
1654 4561 1756 4614 άπιστον
1771 4562 1820 4634 γὰρ

219 4640 375 4699 ἀντιτιθίναι.
400 4641 555 4710 Φήσαςδίίν
566 4644 671 4707 πολλοῖς
679 4636 799 4698 διαθεῖναι
810 4643 865 4706 τοῦς
875 4643 943 4706 θεούς
953 4642 1007 4709 τήν.
1041 4646 1095 4706 ταῖς
1107 4641 1407 4713 πολιτείαιςητυραννίς,
1423 4642 1506 4704 άλλως
1523 4661 1550 4695 τι
1570 4642 1615 4694 κάν
1629 4643 1713 4712 χώραν
1729 4642 1820 4712 θμορον

219 4722 310 4785 ἑαυτῶν
323 4721 418 4777 εύνοιαν
428 4721 592 4777 ἀκατάσκευον
602 4727 694 4795 παρῆκε
703 4721 748 4790 τήν
757 4723 884 4794 πρότασιν.
922 4722 997 4777 Ὀθεν
1043 4724 1134 4794 ίχιυσι·
1148 4727 1191 4776 νῦν
1210 4722 1237 4776 δί
1249 4721 1282 4785 είς
1294 4723 1374 4776 πίστιν
1386 4725 1429 4789 τῆς
1444 4720 1596 4783 ιύνοίαςτῶν
1615 4720 1691 4774 θεῶν·
1705 4717 1759 4773 ίκεῖ
1772 4720 1821 4792 γάρ

220 4802 261 4869 καί
278 4801 386 4874 μάλιστα
398 4802 519 4856 δείκνυται
535 4803 642 4874 δεύτερος
657 4805 692 4857 ῶν
704 4799 774 4863 οὗτος
784 4800 799 4854 ό
810 4801 894 4872 λόγος·
908 4800 934 4856 ίν
950 4802 999 4874 γάρ
1042 4801 1167 4864 ἀποδείξας
1176 4804 1303 4873 συμφύρειν
1317 4805 1349 4875 τῇ
1362 4802 1433 4856 πόλει
1443 4801 1473 4855 τό
1486 4807 1535 4854 τῶν
1548 4799 1684 4854 Ὀλυνθίων
1703 4798 1830 4853 ἀδιάλλα·“

219 4884 357 4954 φῶπριθτῳ
369 4881 446 4955 φησί,
461 4904 473 4932 ι
490 4883 531 4936 καί
544 4902 587 4954 μοι
601 4884 673 4937 δοκεῖ
684 4902 719 4944 τις
733 4876 804 4945 ἀηύ
820 4880 951 4949 Ἀθηναῖοι,
961 4883 999 4937 δί-
1042 4901 1115 4948 κτον,
1141 4882 1244 4937 ίνταῦθα
1265 4882 1298 4945 ὡς
1321 4881 1521 4955 όμολογούμενον
1547 4881 1580 4943 είς
1600 4881 1680 4935 πίστιν
1699 4880 1821 4952 παρίλαύε

219 4962 447 5035 ηαιοςλογιστής.ν
485 4961 595 5035 Νομίσας
610 4959 653 5016 ούν
665 4963 754 5024 ἱκανῶς
767 4959 821 5014 ίκεῖ
832 4962 999 5032 μεμαθηκέναι
1041 4964 1115 5015 τοῦτο
1134 4964 1177 5027 τῆς
1192 4958 1284 5020 εύνοίας
1300 4965 1349 5014 τῶν
1367 4961 1523 5030 κριιττόνων.
1537 4960 1613 5012 HRS.
1634 4954 1733 5026 Ἆρ’ῶν
1749 4976 1821 5009 κατα-

219 5042 263 5096 τδν
277 5041 399 5114 ἀκροατήν
412 5044 467 5115 περί
478 5047 522 5109 τῆς
532 5049 581 5097 τῶν
595 5044 656 5097 θεῶν
671 5042 778 5107 εθνοίας,
794 5041 898 5097 ἐνταῦθα
910 5041 998 5098 λοιπδν
1042 5043 1129 5098 ύάλλει
1149 5043 1192 5097 τδν
1212 5042 1338 5096 Φίλιππον
1363 5039 1411 5094 ἀπό
1425 5059 1451 5094 τε
1471 5039 1554 5112 ῥώμης
1576 5038 1616 5091 καί
1635 5040 1752 5108 γνώμης,
1772 5036 1822 5091 ἀπὸ

219 5121 253 5182 ὡς
264 5120 466 5194 θίῑῡόῡγώμῑθῡν
480 5120 569 5191 ίθηκι,
584 5122 626 5176 καί
641 5123 701 5192 ἅπερ
715 5118 840 5193 ἀκεῖμετά
854 5119 998 5184 ἀποδείξεων
1042 5123 1134 5177 τούτων
1151 5124 1250 5189 συιιστᾷ
1259 5121 1314 5183 τοῦς
1329 5119 1484 5181 Ὀλυνθίους·
1497 5119 1539 5171 καί
1551 5118 1625 5172 πάλιν
1639 5116 1679 5187 ἀφ’
1695 5112 1732 5169 ὧν
1745 5135 1820 5169 κατα·

220 5201 394 5268 κατεσκεύασε,
413 5206 489 5256 ταῦτα
510 5206 554 5255 νῦν
576 5202 610 5265 ῶς
630 5201 819 5273 όμολυγούμενα
842 5200 945 5253 τέθεικεν
966 5201 999 5265 είς
1043 5200 1130 5254 ύάλλει
1143 5200 1186 5254 τδν
1200 5199 1325 5253 Φίλιππον
1336 5197 1385 5251 ἀπό
1398 5217 1424 5251 τε
1434 5200 1477 5263 τῆς
1490 5196 1629 5267 δυσμενείας
1641 5200 1689 5247 τῶν
1705 5195 1766 5247 θεῶν
1780 5193 1821 5246 καί

221 5279 309 5363 ἀείρων
323 5281 442 5346 ἀπόδειξιν
454 5282 537 5345 αῦτοῖς
546 5285 682 5354 χριόμενος.
699 5282 746 5335 Καί
758 5282 785 5335 τό
799 5304 810 5329 ι
823 5280 862 5336 ίπί
872 5280 971 5335 πολλῶν
985 5306 995 5332 υ
1043 5279 1090 5336 ἀπδ
1104 5284 1146 5348 τῆς
1161 5279 1269 5340 ἀπιστίας
1285 5283 1328 5346 τῆς
1342 5278 1400 5348 πρός
1417 5276 1572 5347 ἀνθρώπους,
1587 5273 1635 5328 ἀπὸ
1651 5273 1743 5327 τούτων
1755 5289 1820 5325 συνι·
