3967 5967
720 492 786 552 XX.
811 491 913 553 ΠΡΟΣ
933 492 1144 552 ΛΕΙΙἸΊΝΗΧ.
1678 502 1740 553 w

124 625 164 688 θὐς
177 623 312 695 θρελέσθαι.
351 622 556 694 Συγκατατίθεται
571 618 615 677 οῦν
627 622 668 675 καί
681 622 752 685 αθτδς
766 626 818 686 τοῖς
830 624 904 695 λεγο·
952 626 982 677 ἀν
997 624 1021 677 οἰ
1035 623 1215 679 πλουσιώτατοι
1232 626 1416 693 λειτουργῶοιν,
1438 621 1509 684 αἰετός
1527 621 1663 694 ἀφαιρεῖται
1681 626 1736 685 τους

124 704 213 774 μένοις,
224 703 257 766 άις
270 701 314 756 οῦκ
327 701 392 773 έχων
401 700 488 777 ῥαδίως
501 700 648 772 ἀντιλέγειν,
659 702 698 755 ότι
710 703 905 775 μεταστήσονται
950 703 1160 767 πλουσιωτάτους,
1177 701 1256 773 νέμων
1268 703 1321 764 ταῖς
1332 702 1514 771 τριηραρχίαις,
1526 703 1590 755 ὥστε
1603 701 1671 764 ιθθδς
1682 702 1736 754 άλέ·

124 781 158 844 εἰς
178 783 233 844 τοῦς
252 781 448 843 πλουσιωτάτους
471 779 496 833 αί
516 780 675 852 λειτουργίαι.
712 781 783 835 Οῦτω
803 781 905 835 πιθανόν
951 783 1050 834 σκεαθαι
1071 782 1146 853 ήευδή
1168 780 1211 834 τδν
1235 782 1363 847 Λεπτίνην.
1404 777 1534 851 Ἐκεῖμίν
1553 778 1601 851 γάρ
1621 779 1735 834 ἀπαντῶν

123 860 200 915 ἰδόκει
210 879 235 913 τι
245 860 286 913 καί
297 861 416 931 συμφέρον
435 859 569 930 προτείνειν
581 860 706 929 Λεπτίνης.
743 860 786 914 Διδ
806 860 847 914 καί
862 880 904 932 με·
950 864 986 931 τῷ
1000 861 1081 932 νόμῳ,
1096 859 1181 922 Ὅπως
1194 861 1223 911 ἀν
1235 858 1259 913 οί
1273 859 1452 913 πλουσιώτατοι
1465 859 1637 930 λειτουργῶσι,
1651 859 1732 929 λέγει·

123 940 195 992 θόδου
206 940 285 993 δεῖται
297 937 397 1011 ἰσχυροῖς
409 940 468 1010 πρδς
479 936 523 1004 τήν
536 938 615 995 λῦσιν.
653 938 695 1001 Τίς
705 933 748 991 οῦν
759 937 776 1006 έγ
789 940 903 1011 μέθοδοςς
950 940 1057 993 δείκνυσι
1074 940 1100 995 δά
1118 939 1133 1008 4
1148 939 1259 994 πολιτεία
1281 939 1366 1009 ψεῦδος
1378 940 1407 991 δν
1421 938 1450 991 τδ
1467 940 1523 1001 τοίυς
1542 939 1737 1002 πλουσιωτάτους

123 1020 214 1090 μερίζει
238 1019 281 1081 τάς
301 1019 453 1091 λειτουργίας
477 1018 539 1072 κατὰ
560 1019 689 1090 πρόσωπον
708 1018 782 1089 δίχα,
804 1018 859 1080 τοῦς
879 1036 905 1071 τε
950 1019 1112 1091 λειτουργεῖν,
1128 1022 1234 1090 νέμουσα
1247 1021 1300 1081 ταῖς
1314 1019 1479 1090 τριηραργίαις
1492 1019 1589 1081 αὐτοῦς·
1608 1022 1672 1073 όιστι
1686 1026 1736 1082 πῶς

123 1099 247 1169 μετοίκους
263 1098 314 1170 ἰδίᾳ
334 1099 375 1151 καί
392 1099 448 1160 τοίνς
466 1097 567 1160 πολίτας
587 1097 670 1159 τιθείς.
708 1097 779 1167 Μάγα
802 1097 850 1168 γάρ
874 1095 906 1158 είς
951 1099 979 1151 ἀν
994 1099 1018 1152 οί
1031 1100 1210 1153 πλουσιώτατοι
1223 1098 1438 1169 λειτουργήσαιευς
1457 1095 1555 1163 ήλῦσις
1567 1096 1593 1149 δέ
1611 1102 1654 1163 της
1666 1097 1734 1151 ἀντι·

121 1178 259 1248 καθαίρεσιν
271 1178 285 1230 ό
295 1181 338 1231 τοῦ
349 1177 456 1244 πλήθους
466 1177 590 1249 μερισμδς,
602 1178 683 1247 ὥσπερ
694 1175 792 1243 αὔξησιν
806 1175 908 1247 όάθροι-
951 1179 1038 1241 θέσεως
1050 1179 1112 1233 κατά
1127 1179 1227 1250 μείωσιν
1241 1180 1342 1249 γέγονε,
1357 1176 1398 1229 διά
1412 1177 1440 1230 τδ
1456 1176 1489 1248 μὴ
1504 1176 1572 1247 ἔχειν
1590 1177 1632 1231 τόν
1644 1177 1736 1247 ῥήτορα

122 1255 184 1326 σμδς
198 1258 316 1326 περιάγει·
335 1257 416 1326 ὥσπερ
426 1255 500 1309 πάλιν
512 1254 538 1309 ἰν
552 1256 606 1318 ταῖς
617 1254 769 1325 παραόολαῖς
782 1254 905 1326 χρήσιμον
951 1257 1125 1330 ἀνατρεπτικὴν
1149 1258 1304 1329 ἀντιλογίαν,
1331 1258 1456 1328 βιάζεσθαι
1474 1256 1500 1311 δά
1520 1255 1567 1310 ῦπδ
1582 1260 1625 1322 τῆς
1644 1258 1737 1327 ρόοιως

122 1331 223 1403 ἣμῖντδ
238 1336 363 1405 θεώρημα.
400 1334 447 1387 ίίαί
459 1334 508 1406 γίιρ
525 1332 600 1388 κάκεῖ
611 1335 747 1405 μερίζοντες
767 1340 816 1387 τῶν
829 1354 907 1405 πραγ·
950 1343 999 1390 τῶν
1019 1342 1171 1409 πραγμάτων
1188 1337 1221 1401 εἰς
1240 1342 1313 1390 τοῦτο
1330 1337 1512 1409 καταράρεσθαι.
1551 1333 1617 1389 Εἶτα
1636 1336 1677 1389 καὶ
1690 1334 1734 1402 τήν

124 1413 207 1482 μάτων
228 1411 271 1480 τὴν
293 1414 362 1479 φῦσιν
385 1414 560 1485 μεγαλοποιεῖν
580 1414 714 1484 δυνάμεθα,
737 1412 861 1467 κάνταῦθα
880 1414 906 1467 δὲ
952 1415 1047 1485 βλάῦην
1068 1417 1135 1479 εῦθίις
1153 1421 1184 1487 τῇ
1199 1416 1267 1468 λῦοιι
1281 1417 1409 1482 συνάπτει,
1429 1415 1541 1486 προσθεὶς
1560 1416 1616 1478 τους
1630 1417 1737 1478 ἅπαντας

124 1491 270 1563 μεριζόμενα
287 1490 317 1544 τίκ
340 1497 388 1545 τῶν
407 1492 564 1564 λειτουργιῶν
583 1493 721 1563 καθαίρεσιν
739 1494 812 1562 φέρει.
860 1492 906 1545 Ιίαί
951 1492 1065 1557 ἀπίστους
1079 1496 1138 1565 πρδς
1150 1494 1236 1557 αῦτοίυς
1248 1494 1384 1565 μέλλοντας
1396 1494 1516 1565 γίνεσθαι.
1528 1496 1610 1548 TCV.

123 1569 192 1623 οἰδὲν
206 1570 295 1623 κωλόει
306 1570 335 1623 τδ
348 1566 407 1623 αῦτδ
428 1571 543 1641 θιάιρημα
561 1570 686 1642 καθαιρεῖν
700 1571 742 1624 καί
752 1570 830 1633 αὔξειν
844 1571 906 1625 κατίι
986 1575 1056 1634 46τ,
1072 1573 1115 1628 αθ,
1130 1570 1259 1641 Πολλείις]
1273 1570 1367 1632 ἀτελεῖς
1378 1569 1506 1636 δηλονότι.
1521 1573 1551 1625 P.

122 1650 237 1719 διάρορον
247 1648 337 1720 λόγον·
350 1649 449 1721 καλγάρ
460 1648 476 1715 4
488 1649 623 1717 πηλικότης
640 1648 709 1704 οἶδεν
725 1649 803 1712 αὔξειν
822 1669 849 1704 τε
863 1651 905 1703 καί
985 1650 1054 1713 463,
1081 1666 1103 1705 1.
1119 1648 1195 1716 θήσω
1209 1651 1289 1703 τοίνυν
1307 1650 1373 1721 έγὼ]
1386 1649 1459 1702 Μετά
1476 1647 1521 1715 τήν
1540 1649 1661 1720 ἀναίρεσιν
1679 1669 1735 1703 συν-

124 1730 217 1795 μειοῦν.
255 1726 310 1780 Λῦει
321 1725 348 1780 δά
360 1733 396 1798 τῷ
406 1726 468 1781 κατά
481 1727 616 1799 συνδρομήν
630 1729 778 1799 θεωρήματι,
792 1729 850 1798 ὅπερ
861 1748 905 1781 κα·
949 1729 1042 1801 θρομή·
1057 1726 1085 1782 έκ
1095 1730 1231 1799 περιουσίας
1244 1729 1291 1800 γάρ
1303 1732 1379 1781 ταῦτα
1390 1727 1457 1799 λέγει
1470 1726 1568 1783 λοιπόν.
1582 1730 1663 1786 ch.

122 1805 207 1858 λοῦσιν
221 1804 434 1877 ἀντιπαράστασιν.
472 1806 710 1879 Συγκατατιθέμενος
729 1806 777 1878 γάρ
796 1809 847 1870 τοῖς
864 1807 906 1860 λε-
986 1809 1053 1873 463,
1072 1814 1099 1862 6.
1114 1808 1257 1874 Φανήσεται
1275 1807 1324 1879 γάρ
1343 1807 1398 1862 om
1418 1807 1514 1862 πολλοῦ
1527 1810 1583 1876 δεῖ]
1600 1806 1656 1862 ἀντί
1671 1812 1732 1871 τοῦ,

124 1885 238 1954 γομίνοις
251 1882 298 1937 ίνπδ
311 1884 429 1938 Λεπτίνου
448 1885 563 1956 βούλεται
581 1886 654 1952 δῆθεν
668 1885 708 1938 διά
730 1890 775 1939 τοῦ
789 1890 906 1957 μερισμοῦ
950 1887 1007 1942 οἰυδί
1019 1887 1092 1956 αδτής
1108 1892 1151 1955 τῆς
1169 1887 1287 1958 αἰσχύνης
1300 1888 1376 1952 ἀξιον,
1393 1881 1459 1952 οίον,
1480 1887 1535 1941 οὗδί
1550 1886 1678 1959 ἰσόρροπον
1692 1890 1736 1954 τῆς

123 1960 168 2027 τὴν
191 1962 315 2034 ἀερίόειαν
335 1967 380 2017 τοῦ
398 1964 476 2035 λόγου
496 1965 593 2036 μαθεῖν,
614 1966 656 2018 καί
675 1964 696 2018 εί
714 1963 747 2036 μὴ
762 1965 907 2037 ραινόμινός
951 1965 1082 2038 αἰσχύνης,
1096 1966 1154 2019 ἀλλ’
1172 1966 1276 2020 ἔλαττον
1289 1967 1385 2037 κάρδος·
1402 1969 1466 2020 ὥστε
1480 1969 1597 2034 Λεπτίνης
1613 1966 1646 2030 εἰς
1663 1966 1735 2029 δόξαν

125 2040 199 2105 έστιν,
216 2038 273 2093 ἀλλ’
287 2041 380 2110 ἀληθὴς
393 2042 407 2095 ό
420 2042 506 2115 λόγος.
518 2044 599 2096 ch,
950 2048 1046 2116 ζημιῶν
1058 2045 1151 2101 ‹mm›
1166 2045 1249 2115 ριλεῖ,
1262 2044 1328 2097 ἀλλά
1341 2046 1509 2115 πονηρεῦτται.

160 2123 229 2183 46α,
247 2120 288 2174 ε3.
305 2119 360 2172 Εἰσί
371 2120 418 2192 γὰρ
434 2120 511 2187 δήπου
531 2122 587 2194 παρ’
600 2122 678 2195 ίυμῖν]
695 2122 847 2195 ’Λλάξανδρος
862 2125 904 2197 μὲν
986 2127 1054 2191 463,
1074 2131 1116 2180 16.
1131 2126 1208 2178 Πόσοι
1219 2125 1306 2192 δήποτ’
1321 2124 1399 2193 εἰσὶν]
1413 2124 1470 2178 ‘Aah
1485 2129 1528 2179 τοῦ
1547 2126 1619 2179 πόσοι
1633 2125 1679 2187 έως
1692 2128 1736 2177 τοῦ

125 2196 286 2269 tff‘lY‘ffiW&
305 2217 377 2271 φηῦῑθ
399 2200 437 2253 ὅτῑ
460 2199 508 2254 ἶῧῑῑ
528 2202 736 2272 πανηγυρῑίοΰσηε
753 2207 795 2270 τῆς
813 2204 907 2267 πόλεως
949 2198 1202 2276 άστιάτορεςοίνθεμία
1215 2204 1306 2276 στιγμή
1321 2204 1418 2276 μεταξῦ.
1432 2205 1463 2258 Β.

124 2277 187 2347 μήτε
199 2279 254 2341 τοίις
265 2278 344 2341 ξένους
356 2279 417 2350 μήτε
428 2280 484 2343 τοίις
496 2282 620 2352 μετοίκους
632 2284 835 2353 πορρωτάτωτῶν
846 2283 906 2338 ἀπο-
986 2283 1033 2336 Ἵν’
1045 2279 1089 2337 οῦν
1109 2286 1238 2355 τριάκοντα
1256 2286 1397 2355 ἅνθρωποι]
1410 2282 1445 2336 Οἰι
1462 2283 1529 2354 λέγει
1542 2288 1590 2336 τῶν
1607 2283 1736 2352 τριάκοντα

122 2354 232 2409 λαῦσεων
245 2357 399 2412 καθεστάναι.
440 2356 597 2432 Ἔχορήγουν
610 2363 691 2416 τοίνυν
703 2363 745 2415 καί
756 2362 825 2416 αἰετοί
835 2365 908 2431 δηλο·
952 2363 1063 2427 πλείους,
1079 2363 1137 2416 ἀλλ’
1149 2365 1208 2417 θταν
1220 2364 1328 2425 πολλοῦς
1340 2365 1433 2434 δῶμεν,
1450 2362 1578 2433 ίσομάνους
1593 2362 1733 2433 τριάκοντα.

123 2434 175 2487 νόει
188 2434 229 2488 καί
241 2436 336 2489 είστίιυν
349 2435 487 2504 ἀλλήλους,
497 2438 540 2491 ίνα
553 2437 771 2513 μηθείςιίμοιροςῇ
786 2442 848 2496 κατά
860 2440 905 2509 τήν
986 2445 1054 2509 463,
1079 2462 1120 2514 ¹9·
1140 2442 1205 2497 ’ἀλλ’
1221 2443 1310 2515 ἴομεν]
1324 2443 1411 2505 Ἄλλος
1428 2446 1515 2514 τρόπος
1526 2441 1633 2504 λθαεως,
1646 2440 1688 2493 καί
1701 2446 1737 2511 τῷ

123 2513 195 2567 πόλιν
206 2518 249 2581 τῆς
265 2518 393 2587 μετουσίας
407 2522 455 2570 τῶν
468 2517 566 2590 έορτίῦν.
605 2521 762 2582 ἀόΕειεδάν
778 2522 907 2591 μάλλονό
950 2524 1005 2575 καθ’
1015 2524 1129 2577 ὑπόθεσιν
1143 2525 1259 2594 κέχρηται
1272 2524 1383 2594 σμήματι
1396 2522 1423 2576 ἰκ
1436 2523 1580 2593 περιουσίας,
1597 2522 1714 2577 BFSYP.

122 2595 293 2665 Δίμθῦθέίηςι
308 2595 349 2648 322¹
361 2600 402 2663 *ἧς
414 2595 566 2670 άπαγυμένης
578 2597 671 2662 έννοάσς
682 2600 740 2672 πρδς
752 2599 797 2667 τὴν
812 2601 906 2655 ἀντίθε·
986 2601 1049 2664 463,
1063 2618 1106 2655 20.
1124 2601 1163 2654 ’Λν
1176 2621 1220 2673 περ
1233 2601 1249 2669 ί]
1261 2601 1331 2663 πόλις
1343 2597 1370 2672 ᾖ,
1385 2600 1493 2674 πολλοὶ]
1507 2599 1577 2654 Πολίι
1590 2605 1626 2670 τῷ
1635 2598 1737 2670 φιλοπό-

123 2690 161 2724 αιν
175 2672 298 2738 ἀπαντῶν,
314 2672 471 2744 ἰσχυροτέραν
485 2673 560 2743 αἰπήν
577 2682 667 2731 ποιεῖν.
702 2680 733 2731 Τέ
755 2678 804 2750 γάρ
823 2681 906 2751 ίτερον
950 2678 1053 2732 λιδικαί
1067 2682 1096 2732 τ“ο
1112 2679 1160 2733 α’πδ
1175 2684 1217 2747 τής
1230 2676 1403 2745 εὖνοίαςήθος.
1440 2679 1475 2733 θλ
1492 2679 1540 2751 γάρ
1555 2679 1652 2750 ἀφίησιν
1667 2676 1735 2745 ήδε-

124 2748 178 2804 εἰπε
192 2751 333 2817 Λεπτίνηςῆ
346 2752 385 2804 ότι
393 2751 483 2806 πολλοί
494 2758 543 2806 τῶν
555 2757 674 2826 μετοίκων
684 2758 725 2809 καί
737 2764 786 2810 τῶν
797 2758 905 2811 πολιτῶν
950 2754 988 2818 ξιά
1003 2758 1065 2828 τῦχη
1080 2763 1124 2825 τῆς
1137 2759 1232 2821 πόλεως
1244 2760 1332 2813 σπάνιν
1346 2759 1461 2830 γενέσθαι
1473 2757 1642 2829 λειτουργιῶν,
1657 2759 1736 2817 οωζο·

123 2828 170 2889 ἔξω
183 2829 341 2900 λειτουργιῶν
352 2830 496 2896 καθεστάσι,
508 2829 553 2897 τήν
566 2831 677 2888 ἀτέλειαν
691 2833 804 2906 ἰχοντεςς
817 2834 846 2889 οίν
858 2835 906 2908 μήν
951 2838 1024 2907 μένης
1038 2842 1081 2905 τῆς
1093 2838 1195 2900 πόλεως.

122 2908 199 2969 οὕτως
210 2906 281 2979 ἰχει,
294 2906 352 2959 ἀλλ’
367 2906 399 2972 εἰς
410 2908 453 2962 τδν
466 2911 584 2984 μερισμόν
599 2912 756 2984 μεταόιῦάζει
766 2914 809 2968 τδν
821 2913 908 2986 ἀκροα-
986 2918 1048 2981 463,
1063 2934 1108 2972 τε.
1126 2915 1196 2972 Εἶεν.
1235 2916 1303 2970 Είδὲ
1322 2915 1370 2986 δὴ]
1385 2915 1471 2979 Ἄλλος
1487 2916 1575 2987 τρόπος
1592 2916 1684 2981 λύσεως
1696 2917 1735 2972 ἰν·
1830 2912 1835 2923 ’

122 2985 178 3052 τὴν,
190 2988 234 3039 ἵνα
244 2987 298 3040 καθ’
311 2986 424 3059 έκάτερον
437 2989 534 3060 μάροςέγ
556 2991 674 3056 ἀπόδειξις
689 2992 851 3065 εἰιμαθεστάρα
869 2996 908 3066 γά·
949 2998 1041 3063 τεῦθεν,
1052 2998 1091 3051 δτι
1105 2997 1202 3069 βέλτιον
1213 2996 1246 3060 εἰς
1255 2996 1394 3051 συντέλειαν
1408 2994 1512 3069 ἀγαγεῖν
1522 2995 1565 3058 τάς
1575 2988 1735 3069 λειτουργίας.

123 3084 208 3132 νηται·
231 3063 286 3119 είτα
301 3067 342 3119 καί
360 3066 401 3119 διάι
420 3072 468 3121 τίῦν
480 3068 554 3132 ξένων
568 3072 610 3124 καί
624 3073 744 3144 μετοίκων
763 3070 807 3139 τήν
822 3073 849 3128 έκ
863 3094 904 3128 πε·
952 3075 998 3130 Ιίαί
1011 3083 1046 3149 τῷ
1057 3078 1113 3131 καθ’
1125 3077 1238 3131 ῦπόθεσιν
1253 3078 1371 3148 κέγρηται
1384 3075 1506 3147 σχήματι,
1517 3074 1552 3126 ίν*
1562 3072 1589 3127 άκ
1601 3077 1737 3144 περιουσίας

123 3147 228 3216 ριουσίας
239 3144 393 3218 λειτουργίαν
407 3149 522 3203 δείκνυσι.
533 3151 688 3224 Ζητεῖγάρή
701 3153 771 3215 πόλις
780 3151 824 3206 οἰικ
839 3151 865 3207 εἰ
873 3173 908 3217 τις
951 3156 993 3208 καί
1009 3157 1089 3229 τούτῳ
1107 3159 1235 3229 χριόμενος
1247 3157 1362 3228 ραίνηται
1409 3152 1474 3206 Εἶτα
1487 3153 1600 3205 συνάπτει
1611 3152 1686 3206 πάλιν
1702 3160 1738 3225 τῷ

124 3226 233 3295 Ρέῐθῑδθά
242 3226 394 3296 κῡθθίῦῦῖῑι
406 3225 464 3280 ἀλλ’
476 3227 502 3283 ‘f
518 3249 553 3293 ³15
565 3232 666 3299 πολίτης
679 3236 711 3303 τῇ
727 3231 808 3286 πόλει.
821 3234 902 3289 TCV.
951 3233 1013 3286 κατὰ
1026 3234 1126 3305 μαίωσιν
1144 3237 1302 3305 συγκριτικήν·
1319 3230 1471 3293 ἀντεξετάζει
1481 3228 1530 3303 γάρ
1545 3228 1588 3282 τδν
1603 3228 1665 3282 κατά
1679 3248 1736 3283 αυν·

158 3309 224 3370 46υ,
240 3309 281 3369 14.
298 3304 348 3358 ’ον
363 3305 481 3378 άκατίρων
496 3306 547 3364 ίστί
558 3313 610 3375 τοῖς
621 3312 780 3384 εῦρημένοις]
795 3312 829 3374 εὀς
842 3312 907 3366 ἀντι·
949 3313 1045 3366 πέλειαν
1057 3315 1148 3385 τρόπον
1160 3316 1212 3375 τοῖς
1225 3310 1418 3382 ἰπαγγάλμασιν.

122 3381 337 3453 &May-‘wc
350 3386 393 3450 ῐῆε
405 3384 500 3449 πόλεως
517 3386 576 3458 πρδς
592 3390 647 3451 τοίις
662 3389 786 3460 εὗεργέτας
798 3387 843 3454 τὴν
862 3391 908 3461 χέε
986 3391 1050 3463 463,
1063 3398 1109 3454 τίς.
1123 3389 1167 3452 Εἰς
1188 3389 1327 3445 συντέλειαν
1342 3386 1466 3457 ἀγαγεῖν]
1482 3384 1568 3446 ’λλλος
1586 3386 1673 3455 τρόπος
1690 3386 1735 3452 τὴν

122 3479 168 3529 ριν.
182 3460 299 3532 Εθράσθαι
307 3463 353 3533 γάρ
365 3461 417 3516 ἔστι
431 3463 461 3518 τδ
474 3464 561 3519 λαθεῖν
572 3467 624 3520 ἀνθ’
636 3466 672 3521 ὧν
682 3488 717 3531 τις
729 3467 813 3522 ίθωκε.
824 3469 904 3522 ἸὉίί.
949 3468 1045 3523 ἰνδειαν
1059 3471 1229 3541 διορθώμενος
1238 3467 1300 3521 κατὰ
1312 3466 1461 3537 μετάληψιν,
1476 3463 1509 3526 ὡς
1521 3462 1545 3517 ἶ*
1559 3466 1614 3526 ταῖς
1623 3484 1736 3537 ῐρῑῖιρᾶρ·

158 3538 336 3603 462,15,Τῶν
351 3541 398 3612 γάρ
410 3542 443 3604 είς
455 3544 498 3597 τόν
511 3545 638 3619 πόλεμον]
652 3548 699 3601 Δύο
710 3544 751 3599 διά
763 3551 805 3615 τῆς
815 3547 908 3611 ἐννοίας
951 3549 1017 3619 χίαις
1034 3551 1134 3614 ποιῆσαι
1155 3546 1199 3599 κάν
1223 3548 1276 3607 ταῖς
1293 3545 1437 3615 χορηγίαις·
1459 3542 1543 3613 καίτῇ
1564 3543 1691 3613 παραθέσει
1707 3544 1736 3597 το

122 3616 211 3684 ταῦτης
227 3616 322 3671 ἀνόσιι·
339 3619 365 3672 ίν
381 3620 435 3690 μίν,
451 3622 489 3676 ότι
507 3623 584 3688 οῦδείς
598 3624 685 3692 ἀτελὴς
699 3633 747 3680 τῶν
767 3624 799 3687 εἰς
811 3626 854 3679 τόν
866 3628 907 3682 πό-
951 3626 1049 3697 βάλτιον
1062 3627 1173 3697 ιθρίοκει.
1212 3624 1311 3679 Βέλτιον
1325 3623 1374 3695 γὰρ
1392 3625 1481 3685 τοῦῐῦι
1496 3622 1579 3692 φησὶν,
1592 3623 1631 3675 ὅΐῑ
1644 3623 1736 3693 βρῑλῦ·

122 3694 210 3766 λιμοι,
233 3698 297 3749 ὥστε
317 3699 452 3769 χρησίμους
468 3702 593 3772 ραίνεσθαι
611 3706 686 3777 εαότη
705 3704 760 3767 τοίυς
779 3704 908 3777 είληρότει,Ι
950 3725 1007 3773 τητι
1018 3704 1063 3772 τήν
1075 3703 1351 3773 αίαθησινθτοκλέκτει.

122 3769 166 3837 τὴν
179 3771 300 3838 ἀτέλειαν,
314 3775 368 3845 περί
381 3772 417 3829 ὧν
429 3777 443 3831 ό
457 3779 532 3843 πολίις
546 3784 663 3836 Λεπτίνου
677 3784 760 3855 λόγος·
774 3784 858 3856 ἕτερον
870 3785 905 3849 δέ,
987 3788 1050 3851 463,
1066 3790 1110 3838 αἰ.
1120 3783 1300 3856 Τριηραρκίας]
1314 3783 1406 3843 Πέθῐῑς
1417 3779 1465 3851 fi?
1475 3778 1500 3834 έν
1510 3782 1737 3851 ἵαῖέῐρῑημίΐίέῑῑς

120 3850 163 3902 ἵνα
184 3849 219 3921 μῦ
232 3870 267 3913 τίς
289 3850 371 3920 υίηται
386 3854 429 3919 τάς
448 3858 600 3933 λειτουργίας
617 3861 660 3923 τάς
679 3861 752 3925 αθτάς
769 3859 834 3915 εἰναι
854 3866 907 3926 ταῖς
951 3864 1094 3918 συνετέλουν
1110 3862 1173 3930 πλὴν
1188 3868 1236 3915 τῶν
1251 3860 1320 3915 άννέα
1333 3859 1473 3931 ἀρχόντων.
1485 3860 1516 3912 P·

122 3928 243 4001 έίθῗθάαέί
254 3932 484 4007 θαίῗίῑθθαρλέῒῑί·
504 3939 539 3993 Tb
550 3940 576 3995 δέ
591 3964 601 3989 ·
616 3943 646 4009 ἣν
658 3936 730 4006 Οὗτος
744 3941 880 4013 ἇφαῑρῑῖταῑ
894 3967 904 3992 ¹·
987 3949 1056 4009 464,
1073 3946 1099 3999 3.
1111 3944 1182 3997 θέτω
1193 3944 1274 3998 τοίνυν
1288 3942 1366 4012 τινάς]
1382 3938 1499 3994 Ἔπαινον
1511 3938 1564 4009 ἔχει
1577 3943 1625 3991 τῶν
1639 3937 1736 3991 οἰκείων

121 4008 188 4062 τεθέν
208 4014 251 4063 τοῦ
268 4010 349 4080 βιαίου
361 4014 402 4066 καὶ
422 4020 465 4083 τῆς
479 4016 571 4083 ἀδικίας
584 4021 702 4088 πλείστην
724 4020 828 4091 έμρασιν
843 4019 905 4093 ἔχει.
951 4026 1067 4089 πίστεων,
1085 4025 1118 4086 ὡς
1138 4023 1216 4086 οἰδείς
1236 4023 1344 4093 ἀναιρεῖν
1363 4018 1424 4074 αθτά
1447 4018 1535 4089 ίσγθει.
1573 4017 1688 4087 Μάχεται
1710 4018 1736 4071 δὲ

125 4087 270 4159 ’ἀφαιρεῖται
288 4093 336 4162 γάρ
349 4112 383 4155 τις
400 4093 509 4163 έκείνων,
526 4097 563 4153 ὧν
583 4102 617 4172 μή
628 4100 680 4155 έστι
696 4101 790 4171 κόριυς,
806 4099 834 4153 οἰ
846 4101 907 4153 κατὰ
952 4102 1021 4174 έτέρᾳ
1042 4104 1090 4157 τινί
1108 4102 1240 4167 ἀντιθέσει,
1261 4103 1295 4163 ίυς
1313 4101 1359 4171 ἀρα
1381 4098 1513 4153 πλουτοῦσί
1526 4115 1604 4159 τινες,
1628 4095 1737 4158 ἀτελείας

121 4168 198 4237 νόμον
208 4167 353 4238 λαμόάνων,
366 4171 431 4226 ἀλλά
443 4176 568 4250 πολεμίων
581 4182 664 4253 τρόπῳ
674 4182 810 4251 χρώμενος.
824 4179 906 4235 TCV.
952 4182 1140 4253 ἐπειλημμένοι·
1161 4184 1192 4249 ἢν
1205 4181 1259 4234 λόει
1272 4181 1325 4233 κατ’
1340 4180 1427 4250 ἀμρω,
1447 4177 1623 4248 φιλανθρώπως
1640 4177 1682 4227 καί
1699 4177 1735 4228 δι-

157 4251 226 4320 464,
245 4251 284 4302 ¹8·
304 4249 362 4302 (ἥθ’
383 4254 423 4317 οῦς
442 4250 514 4321 οὗτος
534 4260 640 4332 ἔγραψε]
654 4260 719 4331 Πρός
734 4258 847 4311 σῦστασιν
864 4264 908 4312 τοῦ
952 4263 1034 4322 καίως.
1074 4259 1104 4312 Εἰ
1116 4261 1159 4332 μέν
1172 4258 1260 4320 ἀδίκως
1273 4257 1314 4311 καί
1327 4257 1457 4327 κλέήαντες
1469 4254 1584 4325 ἔχουσιν·
1601 4253 1650 4306 έδει
1660 4272 1736 4319 κατη-

121 4323 212 4378 οίκείου
231 4327 309 4397 νόμου
330 4333 402 4384 τοῦτό
419 4354 501 4405 φησιν.
540 4340 573 4393 Εἰ
592 4340 639 4412 γάρ
659 4338 765 4401 αιἰτὶιςό
792 4340 908 4406 Λεπτίνης
951 4344 1049 4411 γορεῖν·
1075 4338 1096 4392 ιί
1119 4338 1146 4393 δέ
1166 4338 1234 4393 οῦδίν
1259 4335 1486 4406 παρανομήσαντες,
1512 4335 1668 4403 συκοραντεῖς
1691 4332 1735 4393 τὴν

122 4402 219 4463 τούτους
234 4400 446 4481 ἆνῆκῑτῷνθμερ,
463 4412 611 4482 εῦδηλονόις
627 4417 685 4487 οἰιγί
696 4417 844 4488 λειτουργίαι
859 4423 908 4470 τῶν
953 4421 1040 4490 μέμψιν
1063 4422 1216 4489 ποιούμενος.
1253 4415 1316 4469 Εἰτα
1338 4416 1371 4477 ὡς
1392 4415 1444 4467 οὐδ’
1469 4412 1550 4466 έσεαθε
1577 4411 1736 4482 εῦπορώτεροε

121 4482 247 4553 πολεμίων
260 4483 379 4553 γίνονται.
392 4491 471 4545 ch.
949 4500 1070 4551 δείκνυσιν
1084 4497 1110 4550 έκ
1122 4502 1164 4562 τῆς
1179 4496 1330 4565 ἀφαιρέσεως·
1368 4494 1446 4546 '1'on
1457 4493 1505 4562 γὰρ
1514 4489 1544 4559 όν
1556 4492 1621 4544 ἄλλο
1634 4496 1677 4558 ῖῆῦ
1692 4492 1735 4543 έν·

159 4566 227 4626 462,
244 4578 288 4614 22·
301 4563 406 4638 Τθῦτεμ]
422 4571 526 4644 Λεπτίνη
539 4573 644 4640 δηλαδή.
659 4577 688 4627 P.
952 4578 1063 4637 τιθάσεως
1075 4578 1154 4646 μέρος
1166 4574 1247 4627 TCV.

156 4642 188 4696 θί
208 4642 251 4714 μάν
269 4645 350 4698 τοίνυν
364 4647 541 4703 πλουσιώτατοι
552 4651 678 4727 ήίιίερίσας
698 4652 740 4713 τάς
756 4653 908 4723 λειτουργίας
989 4656 1078 4721 Ἀλλης
1090 4653 1231 4715 ἀντιθέσεως
1243 4654 1352 4706 άπτεται.
1381 4650 1452 4704 Ἔστι
1463 4650 1490 4703 δά
1500 4647 1595 4716 δηλαδὴ
1607 4653 1650 4702 τοῦ
1662 4649 1736 4703 αὑτοῦ

123 4720 156 4783 εἰς
171 4740 198 4774 τε
212 4720 313 4784 πολίτας
329 4725 370 4778 καί
383 4729 439 4791 τοίυς
453 4729 593 4800 μετοίκους,
614 4729 654 4780 καί
677 4731 766 4795 ταύτην
780 4731 834 4783 κατ’
848 4729 907 4801 ἀρώ-
952 4735 1092 4806 κεραλαίου.
1126 4732 1199 4786 'fau
1212 4733 1238 4785 δί
1252 4732 1314 4787 κατα
1326 4733 1425 4803 μείωσιν
1441 4730 1733 4801 σογκριτικίὶις.ί·’88ΥΤ.

122 4820 192 4871 *θσέί
216 4799 393 4874 ἓθίαέέίέέθθί»
423 4809 497 4878 (4ΰῖ
515 4808 569 4861 καθ’
594 4806 708 4878 ἶῑᾶῒῑροθ
730 4810 801 4879 μέρος
821 4812 909 4872 πόσους
987 4816 1050 4876 464,
1066 4830 1093 4881 7.
1112 4810 1173 4882 ’ἰδίᾳ
1191 4813 1216 4865 δέ
1235 4830 1297 4873 τινες
1317 4810 1498 4880 πλουτήσουσι]
1513 4807 1559 4860 ίίαί
1572 4811 1645 4861 τοῦτο
1661 4807 1735 4860 πάλιν

123 4880 229 4935 ῑῖσπῡῑῑῗ
241 4884 373 4955 θῑπῐάνης,
390 4887 430 4944 καί
444 4889 531 4948 πόσους
545 4892 593 4940 τῶν
606 4886 717 4953 πενήτων
732 4886 843 4958 ἀφίησιν·
859 4888 908 4944 εἰτ’
953 4893 1053 4963 μερίζει,
1085 4890 1157 4962 ’Ἰδέα
1170 4892 1304 4945 πλουτοῦσι
1315 4892 1371 4962 γάρ·
1388 4896 1454 4955 ταῦςς
1472 4890 1574 4958 πότερον
1587 4887 1736 4959 ὓρῃρημάνοι

124 4958 163 5014 άπί
175 4965 269 5034 τούτοις
283 4963 436 5034 έξαιρεῖτοίις
449 4966 511 5018 πάνυ
529 4967 737 5031 πλουσιωτάτους,
752 4968 785 5030 ὡς
799 4967 837 5021 ἀεὶ
855 4972 909 5031 ταῖς
952 4971 983 5025 τά
995 4975 1037 5037 τῆς
1052 4971 1162 5035 πόλεως,
1178 4972 1193 5038 4
1215 4971 1352 5032 ἀδικοῦντες
1364 4970 1465 5034 οἰδάνεις
1479 4967 1501 5022 εἰ
1512 4968 1555 5039 μὲν
1569 4966 1734 5039 θρηρημένοι,

124 5046 289 5116 τριηραρχίαις
303 5045 484 5116 νεμεμημάνους
531 5046 663 5100 Οἰκοῦντδ
678 5050 750 5118 μέσον
763 5047 909 5120 ίιπολειρθή-
952 5050 1165 5121 κατηγορεῖνκαὶ
1191 5050 1343 5121 ἀφαιρεῖσθαι
1365 5050 1438 5102 δεῖ-
1460 5048 1612 5118 καὶγίνεται
1634 5045 1649 5112 ἰη
1668 5046 1736 5109 λύεις

125 5139 208 5186 σεται,
234 5130 282 5176 τῶν
303 5124 494 5181 πλουσιωτάτων
517 5125 687 5198 θρηρημένων.
732 5125 825 5179 Οὐκοῦν
843 5127 910 5191 εὐθίυς
952 5131 1039 5183 τοῦτον
1063 5129 1284 5200 μεταληπτική--·
1304 5126 1326 5181 εἰ
1345 5127 1371 5181 δέ
1383 5126 1452 5181 οῦδὲν
1467 5127 1620 5189 ἀδικοῦντες,
1641 5125 1669 5177 οὗ
1686 5124 1735 5197 γρί,

125 5197 247 5270 ἐξελέγχει
257 5206 301 5255 τοῦ
315 5206 393 5273 νόμου
404 5204 433 5256 τδ
444 5209 540 5275 πρῶτον
557 5207 654 5277 νόημα,
671 5205 696 5259 έν
710 5201 732 5277 ᾧ
750 5205 780 5259 τδ
794 5208 908 5277 μέγιστον
954 5209 1102 5279 βασκαίνειν.
1116 5210 1197 5260 ch.

126 5283 169 5345 τῆς
182 5280 242 5349 ὅλης
256 5284 405 5353 νομοθεσίας.
438 5288 556 5356 Λέγοντος
569 5286 616 5357 γὰρ
630 5291 673 5339 τοῦ
687 5287 812 5353 Λεπτίνου,
826 5288 909 5350 Ὅπως
988 5293 1051 5352 464,
1079 5293 1119 5351 14.
1141 5287 1186 5340 Ιίαί
1203 5284 1251 5358 μὴν
1271 5286 1325 5356 περὶ
1349 5290 1391 5338 τοῦ
1411 5305 1440 5357 γε
1463 5282 1496 5355 μὴ
1514 5282 1578 5337 εἶναι
1599 5284 1733 5355 χρήματα]

1574 5382 1608 5427 άί.
