3967 5967
249 406 306 459 642
787 401 926 462 ΣΧΟΛΙΛ
952 400 1014 463 ΕΙΣ
1034 404 1305 466 ΔΗΜΟΣΘΕΝΙΙΝ.

242 526 329 597 Ὅσην
342 529 368 583 δέ
381 530 435 601 ἔχει
459 524 500 584 καί
519 532 647 599 δεινότητα
666 524 708 585 καί
726 534 798 603 χάριν
822 523 889 596 ἀξιον
904 535 1021 589 συνιδεῖν.
1067 532 1143 589 ἆθλόν
1162 536 1227 591 ἔστιν
1246 537 1261 606 η
1278 530 1357 609 τιμή,
1374 538 1399 591 έν
1414 538 1441 592 δέ
1461 543 1515 602 τοῖς
1529 541 1703 615 δημοκρατίαις
1722 540 1853 611 καθαρεύει

241 605 413 665 ΒΡΛΥΊΥΝ.
432 610 568 681 Πρόαωπον
581 610 608 664 δὲ
627 610 701 664 ἔλαθε
713 618 760 664 τῶν
773 613 902 684 τριάκοντα
913 619 961 668 τῶν
979 614 1022 668 λε·
1066 621 1109 670 τοῦ
1132 616 1245 688 αἰσχροῦ.
1284 617 1367 671 Λάκεῖ
1380 618 1423 689 μέν
1443 618 1458 672 δ
1482 620 1555 690 φόόος
1576 620 1653 690 μείζω
1670 622 1713 686 τῆς
1733 621 1851 690 χάριτος,

241 689 401 757 λυπηκότων,
426 690 469 743 ἵνα
489 691 602 762 φαίνηται
626 689 642 757 ή
665 691 735 754 πόλις
756 692 874 756 πολλάκις
900 696 941 747 καί
963 694 1022 766 ίνπέρ
1065 697 1121 768 παρ’
1133 696 1192 769 ύμῖν
1204 695 1351 768 δέήδωρεά
1368 699 1459 761 παντὸς
1471 700 1539 762 δέους
1553 698 1719 766 ἀπήλλακται.
1731 700 1814 753 TCV.

240 768 319 822 αύτῶν
333 776 381 823 τῶν
395 771 521 842 πολεμίων
532 771 662 844 αίρουμάνη
674 771 809 843 προίεσθαι.
848 773 895 827 Καὶ
907 774 936 828 τδ
949 776 1022 848 δριμίν
1101 780 1162 840 461,
1172 793 1198 829 α.
1212 777 1247 830 To
1260 776 1287 830 δέ
1299 781 1342 829 τοῦ
1351 778 1431 840 θέντος
1443 779 1486 832 τὀν
1501 780 1597 850 νόμον]
1607 776 1744 849 Ὗφιεμίνῳ
1756 776 1850 841 έοικεν,

240 856 284 903 τοῖν
296 850 500 923 ἐπιχειρήματος,
510 853 549 906 δτι
561 850 717 906 ίδανείσαντο
730 852 772 905 καί
786 851 849 905 κατά
865 857 908 919 τῆς
926 853 1022 916 πόλεως
1064 855 1092 908 ού
1106 855 1154 926 μήν
1169 856 1324 923 ἀπήλλακται
1337 861 1381 910 τοῦ
1394 858 1477 929 πικρδς
1491 856 1576 923 εἰναις
1592 858 1647 911 ούτε
1661 858 1710 931 γάρ
1722 859 1764 910 τδν
1779 858 1851 911 ἔπει·

238 930 279 980 καί
295 931 360 1000 παρά
372 950 445 984 τινων
468 930 595 1003 πολεμίων
610 929 697 1002 έτέρων
717 930 757 986 ἐπὶ
775 931 831 993 τοίνς
848 935 874 985 ἰν
894 932 1018 1004 Πειραιεῖ,
1062 954 1103 988 νον
1118 935 1265 989 ἀποδίδωσιν
1280 935 1334 990 ούτε
1349 937 1415 1009 ήέξαι
1428 938 1588 1010 τετόλμηκεν.
1618 938 1731 990 Ούτωτδ
1745 932 1854 1011 ήθοςτῷ

230 1011 311 1060 τοῦτο
324 1009 350 1062 δέ
367 1008 439 1081 [ἔστι]
453 1009 516 1063 κατά
534 1016 582 1064 τῶν
601 1011 739 1082 δημοτικιῖνν
761 1016 810 1064 τῶν
836 1011 1019 1083 κατειληφότων
1063 1021 1224 1087 πραγματικῷ
1237 1016 1425 1087 συμπέπλεκται.
1438 1018 1519 1070 w.

239 1083 281 1139 τον
302 1086 414 1158 Πειραιᾶ.
453 1086 499 1140 Καὶ
511 1089 644 1160 προσέθηκε
658 1089 702 1142 τδν
715 1088 799 1159 καιρδν
811 1089 853 1142 καί
870 1088 913 1141 τδν
926 1090 1017 1154 τόκον,
1065 1161 1067 1167 ρ
1098 1099 1166 1159 ηδε,
1183 1096 1223 1148 13.
1240 1094 1342 1166 Νομίζω
1355 1098 1436 1149 τοίνυν
1450 1093 1658 1167 ύμάς,ώάνδρες
1672 1094 1851 1167 δικασταίΠο

232 1165 279 1217 ’ίνοι
292 1166 333 1219 καὶ
348 1165 393 1232 τήν
413 1167 499 1238 χρείαν
523 1166 640 1239 δηλώσῃ,
660 1170 701 1220 ὅτε
718 1167 776 1236 ύπὲρ
795 1171 838 1234 τῆς
855 1165 1019 1239 ἰλευθερίαςὸ
1063 1168 1211 1245 ἐπιχείρημα
1235 1171 1345 1228 ἰντεῖθεν
1368 1173 1416 1228 ἀπὸ
1436 1179 1480 1228 τού
1503 1175 1566 1229 ἴσου.
1604 1174 1670 1245 Ὅρα
1691 1173 1719 1227 δὲ
1739 1179 1789 1235 πκῗις
1811 1172 1849 1244 ἀρ’

237 1245 633 1319 θῆμοςέκῐίειραιῶςήγωνίζετο.
672 1246 743 1300 Ούτω
754 1249 908 1318 πανταχόθεν
922 1248 937 1315 ίη
950 1248 1020 1317 αύξη·
1062 1247 1157 1322 έκάστιρ
1173 1254 1366 1324 προοιμιάζεται.
1381 1253 1552 1306 BFRYTCV.
1590 1251 1623 1305 Εἰ
1635 1252 1684 1323 γάρ
1702 1251 1743 1304 καί
1754 1250 1794 1303 διδ
1808 1271 1850 1323 με.

232 1342 271 1386 αις
281 1325 364 1379 ἐκτῶν
375 1326 471 1392 τόπων,
487 1326 513 1380 ἰκ
525 1332 569 1381 τοῦ
578 1329 721 1399 προσώπου,
739 1333 788 1380 τῶν
799 1328 918 1399 πράξεων.
934 1329 1016 1381 TCV.
1061 1334 1125 1399 κρδνν
1140 1337 1189 1384 τῶν
1203 1330 1313 1397 ἐννοιῶν,
1326 1331 1383 1384 ἀλλ’
1396 1328 1439 1385 ούν
1453 1352 1483 1403 γε
1501 1334 1568 1404 θμως
1580 1333 1773 1403 προοιμιάζεται,
1816 1328 1849 1384 Ἦ

272 1408 333 1470 ήίίο,
353 1406 394 1461 13.
413 1402 661 1472 Ἐπειδήδέήπόλις
674 1404 708 1467 εἰς
720 1405 747 1459 έν
761 1401 838 1473 ἦλθε]
852 1408 907 1475 μιᾶς
920 1405 1017 1477 ἐγένετο
1060 1408 1087 1461 δί
1101 1407 1198 1478 ἰσότης,
1213 1412 1251 1464 θτι
1265 1411 1378 1481 διδοῦμεν
1397 1412 1495 1482 δωρεάς.
1535 1409 1618 1462 Ιίαἰοιί
1635 1409 1720 1463 λοιπαί
1737 1409 1848 1462 δίπολι-

235 1486 352 1554 γνώμης·
371 1484 446 1552 διπλή
458 1484 507 1556 γάρ
523 1480 554 1552 ἦν
568 1486 742 1546 στασιάζουσα·
764 1483 849 1557 ἶκρυίγε
865 1484 891 1538 δί
905 1484 936 1537 τά
949 1486 1017 1539 δεινά
1060 1489 1124 1540 τεῖαι
1144 1489 1252 1553 διδόασι,
1277 1489 1319 1542 καί
1336 1491 1402 1560 τάχα
1420 1489 1576 1560 διαφερούσας
1593 1491 1624 1560 τῇ
1642 1494 1691 1540 τῶν
1711 1490 1848 1558 χρημάτων

177 1583 178 1587 ’
235 1570 283 1616 τῶν
298 1566 471 1635 γεγενημένων
482 1561 517 1637 μή
531 1563 658 1634 βουληθείς
668 1562 839 1635 ἰμπομπεῡσαι
849 1566 904 1627 ταῖς
912 1568 955 1631 τῆς
971 1566 1017 1620 πό·
1060 1567 1194 1638 περιουσίᾳ.
1231 1566 1472 1641 ’ῼδίπλεονεκτεῖν
1484 1568 1605 1641 δοκοῦμεν
1618 1565 1705 1638 ἡμεῖς,
1723 1570 1755 1637 τῇ
1767 1567 1848 1619 πίστει

236 1642 298 1705 λεως
308 1642 534 1714 συμφοραῖς-ούδί
547 1643 681 1713 γάρτούτο
698 1646 866 1715 πρόκειται-,
888 1642 946 1695 ἀλλ’
964 1641 1016 1697 ἰπί·
1059 1642 1143 1711 λέγω,
1158 1647 1225 1700 τοῦθ’
1239 1645 1253 1699 ὁ
1266 1649 1340 1717 νόμος
1351 1644 1504 1716 ἀφαιρεῖσθαι
1520 1646 1637 1715 βιάζεται.
1661 1643 1734 1717 Ὁρᾷς
1754 1648 1792 1701 δτι
1806 1647 1848 1699 διά

234 1721 308 1782 δειξιν
333 1722 482 1788 ποιήσασθαι
501 1721 615 1792 βούλεται
636 1726 680 1776 τοῦ
695 1727 738 1789 τῆς
755 1722 850 1785 πόλεως
865 1720 953 1788 ήθυυς,
975 1724 1017 1776 καί
1059 1724 1157 1777 κιόντων
1171 1725 1263 1777 τούτων
1283 1731 1332 1776 τῶν
1347 1724 1552 1795 ἐπιχειρημάτων,
1571 1725 1616 1774 κάν
1631 1724 1693 1795 δοκῇ
1710 1723 1739 1776 τδ
1752 1725 1847 1777 δίκαιον

233 1801 300 1863 ὅπως
314 1799 338 1854 έν
357 1799 536 1864 άπάσαιςέστίν
552 1800 590 1856 άεί
606 1805 717 1873 κρεῖττον
735 1804 881 1874 χρημάτων,
919 1802 970 1869 Τήν
989 1805 1016 1860 δί
1059 1800 1290 1875 ἰργάζεσθαι,πρδς
1300 1801 1345 1869 τὴν
1358 1802 1477 1857 ἀντίθεσιν
1490 1803 1702 1874 ἀγωνίζεται,δτι
1715 1803 1743 1856 οὗ
1757 1805 1799 1856 δεῖ
1816 1806 1848 1858 τά

233 1874 313 1935 αἰτίαν
330 1878 411 1951 εἰρηκε
430 1884 474 1934 τοῖν
489 1878 522 1952 μή
544 1879 571 1934 ἰκ
585 1881 652 1943 δέους
664 1881 843 1951 παρεσχηκέναι
856 1881 899 1934 τδν
919 1882 1014 1953 δῆμον,
1059 1885 1177 1957 δεδομένα
1201 1883 1368 1955 ἀφαιρεῖσθαι,
1390 1882 1450 1947 ἵνα,
1472 1883 1516 1934 κάν
1533 1881 1648 1952 φαίνηται
1673 1883 1702 1934 τδ
1725 1884 1847 1952 συμφέρον

234 1959 292 2011 ἀλλ’
312 1962 379 2032 ὅμως
392 1959 514 2027 ἀδικηθείς
532 1959 574 2012 καί
590 1957 635 2025 τήν
651 1961 742 2031 ζημίαν
762 1959 876 2031 αἱρεῖται.
914 1960 950 2014 ob
967 1962 1016 2035 γάρ
1059 1961 1298 2035 έπαγγελλόμενοςδ
1313 1963 1446 2029 Λεπτίνης,
1467 1960 1526 2013 ἀλλ’
1538 1954 1582 2014 ούν
1595 1960 1651 2031 γεό
1671 1963 1749 2031 δῆμος
1761 1960 1802 2013 διά
1815 1964 1846 2015 εδ

234 2040 330 2114 ἀνάγκη
344 2041 385 2093 καί
402 2040 472 2112 φόδιρ
483 2039 619 2110 φαίνεταιό
630 2040 709 2111 δῆμος
717 2040 814 2105 διδούς,
825 2036 891 2094 ἀλλά
904 2045 1015 2114 προαιρί·
1059 2042 1162 2114 εύλογον
1177 2042 1270 2113 ἀφίησι.
1283 2043 1365 2094 TCV.

233 2139 269 2172 σει
290 2122 431 2190 νικώμενος.
470 2118 501 2171 Εἰ
518 2117 566 2191 γάρ
588 2120 774 2187 καθεστηκότων
796 2124 846 2172 τῶν
863 2124 1015 2193 πραγμάτων
1094 2126 1161 2186 460,
1175 2127 1200 2178 6.
1215 2123 1289 2192 Τάχα
1302 2121 1383 2173 τοίνυν
1400 2119 1477 2190 ἴσως]
1492 2118 1667 2190 Προανήρηκεν
1680 2118 1706 2172 έν
1720 2123 1774 2183 ταῖς
1785 2140 1846 2191 προ-

233 2198 341 2271 ἀπήτουν
362 2198 393 2252 τά
406 2199 538 2271 χρήματα,
554 2198 589 2260 τίς
607 2194 637 2266 ἦν
656 2198 759 2271 ἀνάγκη·
770 2198 813 2252 τίνν
827 2201 907 2270 δῆμον
921 2202 1015 2254 διδόναι
1058 2204 1217 2263 κατασκευαῖς
1237 2205 1280 2268 τῆς
1297 2199 1439 2261 ἀντιθέσεως
1458 2197 1503 2263 τὴν
1520 2197 1599 2268 ἰσχύν·
1615 2196 1709 2259 ἐξέλυσε
1726 2200 1752 2252 δέ
1770 2201 1846 2253 πλόον

232 2275 265 2346 μή
279 2275 534 2346 όρρωδοθνταςούτως
543 2275 572 2328 ού
580 2278 716 2348 χρημάτων
729 2279 825 2331 πώποτε
839 2278 1013 2342 πλεονεκτεῖν,
1058 2284 1094 2350 τῷ
1116 2280 1245 2352 δισταγμῷ
1271 2278 1355 2344 αύτήν,
1382 2276 1441 2349 πρδς
1462 2277 1488 2331 δέ
1513 2278 1555 2329 καί
1578 2280 1785 2349 κατακερματίσας
1813 2280 1846 2342 εἰς

232 2355 297 2407 ιίλλά
308 2356 393 2424 δόξης,
410 2355 532 2427 βούλεται.
546 2356 623 2409 ch.
1058 2358 1118 2429 μέρη
1133 2357 1224 2411 πολλά.
1262 2358 1334 2428 Μέγα
1352 2355 1400 2426 γάρ
1418 2355 1450 2417 εἰς
1470 2356 1608 2427 καθαίρεσιν
1625 2358 1653 2410 τδ
1667 2358 1844 2427 καταμερίσαι,

266 2439 328 2499 ήίιο,
348 2440 386 2499 νή.
402 2435 448 2487 Καὶ
460 2434 492 2488 τίι
501 2437 634 2506 πράγματα
645 2434 728 2489 έκεῖνο
737 2438 857 2507 κατέστη]
869 2437 899 2490 τά
911 2437 1014 2507 τραγικά
1058 2436 1082 2489 εί
1092 2457 1121 2507 γε
1133 2438 1174 2489 καὶ
1187 2436 1317 2507 ἀθροισμδς
1328 2435 1415 2507 ἐγείρει
1427 2434 1472 2500 τήν
1487 2435 1596 2502 αὔξησιν.
1635 2434 1697 2487 Εἶτα
1711 2441 1849 2508 κακουργεῖ

231 2513 272 2564 καί
285 2514 409 2583 φρικώδη,
427 2513 457 2566 τά
473 2513 618 2584 τυραννικά,
635 2510 671 2566 ὧν
683 2513 832 2586 εύλαόοῖνμαι
851 2514 895 2581 τήν
911 2516 1012 2587 μνήμην
1057 2518 1109 2577 τοῖς
1121 2515 1250 2586 ὀνόμασιν,
1271 2515 1314 2567 ἵνα
1335 2515 1399 2586 δείξῃ
1413 2514 1457 2566 τὸν
1476 2515 1595 2580 Λεπτίνην
1609 2514 1768 2585 ψευδόμενον.
1786 2515 1844 2566 Δια-

231 2591 272 2642 καί
290 2592 332 2644 τὀν
346 2592 424 2657 ζήλου
441 2589 589 2664 ἀπεύχομαι.
599 2593 677 2651 ch.
1056 2595 1134 2662 όολήν
1146 2597 1193 2668 γάρ
1208 2596 1254 2668 πρὸ
1265 2600 1308 2663 τῆς
1326 2595 1468 2656 ἀντιθέσεως
1479 2595 1615 2662 κεκίνηκεν,
1627 2595 1661 2646 ἵν’
1675 2594 1690 2646 ό
1712 2593 1845 2664 ἰσχυρότα-

266 2670 380 2741 Πρέσόεις
396 2671 545 2743 πέμψαντες]
562 2669 664 2724 ’Λπλοῖνν
674 2672 717 2724 τδν
729 2670 806 2743 λόγον
817 2674 958 2741 πεποίηκεν,
970 2674 1014 2725 ίνα
1057 2695 1097 2738 τος
1107 2677 1225 2729 Λεπτίνου
1237 2676 1313 2748 λόγος
1324 2674 1547 2745 ύποπτοςγένηται,
1561 2671 1625 2738 καίίη
1638 2671 1735 2743 εθρεσις.
1753 2670 1783 2723 ‘0
1795 2673 1844 2741 γάρ

231 2748 264 2823 μή
279 2753 393 2821 φαίνηται
408 2750 474 2822 παρά
485 2752 683 2823 Λακεδαιμονίων
698 2771 733 2812 τις
743 2752 817 2822 φόθος
867 2751 910 2805 Ἐν
922 2753 976 2820 ήθει
986 2753 1013 2807 δὲ
1057 2756 1127 2826 ἕτερα
1139 2755 1183 2826 μέν
1196 2758 1306 2827 γράφων,
1320 2756 1391 2825 έτερα
1404 2753 1429 2807 δὲ
1443 2754 1624 2824 φθεγγόμενος,
1641 2751 1779 2822 ἀνίσχυρος.
1793 2752 1844 2803 Τοῦ

230 2829 259 2882 το
279 2835 321 2884 τοῦ
345 2830 423 2902 λόγου
443 2831 578 2902 πέμψαντες
589 2830 711 2904 ἀπῄτουν,
735 2833 817 2903 ὥσπερ
837 2831 940 2886 ἰδιωτῶν
955 2833 1014 2905 πρδς
1055 2835 1103 2907 γάρ
1118 2838 1235 2890 Λεπτίνου
1249 2837 1365 2907 λέγοντος
1377 2834 1402 2887 έν
1416 2839 1451 2905 τῷ
1464 2834 1534 2905 νόμερ
1553 2834 1683 2903 διαρρήδην
1696 2834 1804 2893 δπωςάν
1817 2831 1842 2883 οί

230 2908 326 2972 Rubra<
339 2912 409 2973 ὄντος
422 2914 465 2963 τοῦ
478 2909 693 2982 mmmmm(-
704 2910 781 2965 TCV·
1055 2915 1233 2969 πλουσιώτατοι
1241 2916 1412 2985 λειτουργῶσι,
1426 2911 1467 2965 καί
1480 2912 1520 2964 δεδι
1535 2917 1607 2965 τοῦτο
1626 2912 1788 2982 σημαίνοντος
1802 2912 1843 2964 ότι

266 2994 327 3055 460,
348 2995 388 3044 16.
409 2990 496 3061 Λόγων
517 2989 543 3043 δέ
558 2991 711 3062 γινομένων]
726 2989 809 3063 Ούτως
826 2989 842 3058 ίη
859 2991 929 3053 πόλις
952 2984 1011 3062 ήγεν
1055 2994 1167 3049 πλούσιοι
1180 2995 1223 3066 μέν
1236 2988 1421 3065 λειτουργοῦσιν
1434 2991 1506 3056 ίσως,
1521 2991 1550 3045 ού
1565 2989 1613 3063 μὴν
1625 2991 1650 3043 οἱ
1662 2990 1844 3044 πλουσιώτατοι

228 3070 312 3122 ἀδειαν
326 3069 368 3122 καί
379 3070 460 3140 πόρρω
472 3075 521 3122 τῶν
536 3069 618 3140 φόόων
631 3065 672 3137 ήν.
711 3068 758 3121 Kal
771 3069 788 3138 έγ
803 3075 852 3123 τῶν
867 3072 1011 3141 παραδανει·
1055 3074 1095 3127 διίι
1116 3076 1145 3129 τίν
1163 3075 1206 3137 τάς
1222 3073 1331 3135 ἀτελείας
1352 3073 1430 3143 ἔχειν,
1446 3070 1540 3125 τοῦθδ
1560 3071 1640 3142 ῥήτωρ
1654 3069 1801 3142 μεταόοιλὼν
1814 3069 1843 3122 ού

229 3152 340 3221 σαμὲνων
356 3150 382 3204 δέ
398 3144 459 3216 ἧττα
473 3150 625 3204 παντάπασιν
639 3148 737 3222 ἀναιρεῖ
750 3155 794 3204 τοῖν
807 3151 883 3222 ρόόου
896 3149 940 3217 τήν
956 3151 1014 3205 ύπό-
1055 3152 1117 3206 κατά
1130 3153 1160 3206 τδ
1170 3153 1330 3224 ύποκείμενον
1343 3151 1427 3223 λέγει,
1446 3151 1549 3218 πένητας
1561 3149 1616 3203 ἀντὶ
1628 3151 1705 3220 μέσως
1716 3148 1842 3201 πλουσίων

228 3231 311 3283 ’νοιαν.
321 3229 404 3284 TCV.
1054 3230 1149 3298 λαόδνν,
1156 3234 1201 3284 ἵνα
1212 3232 1326 3304 φαίνηται
1335 3227 1379 3297 τήν
1388 3228 1459 3299 ἰσχύν
1471 3228 1607 3300 ἐξελέγχων
1618 3231 1662 3280 τού
1672 3229 1760 3298 νόμον,
1772 3225 1841 3297 λέγω

265 3312 332 3372 460,
354 3325 395 3377 17.
415 3307 477 3371 Τοὶνς
495 3306 519 3369 ίξ
537 3306 642 3379 άστεος]
665 3308 721 3371 τούς
739 3308 901 3378 τυραννικούς.
939 3309 1013 3365 Λύτοί
1054 3309 1095 3362 διὰ
1113 3313 1157 3377 τῆς
1170 3315 1219 3363 τῶν
1241 3309 1352 3375 πενήτων
1371 3308 1543 3380 προσηγορίας.
1586 3305 1703 3360 Ἐνκντία
1716 3302 1764 3376 γάρ
1782 3305 1844 3374 πρός

229 3388 276 3459 γὰρ
297 3386 370 3459 εἰχον
383 3388 412 3441 τδ
431 3388 501 3441 ἀστυ.
540 3385 604 3441 Εἰτα
620 3387 694 3460 ]διά]
715 3388 803 3458 ζημίας
818 3390 952 3462 χρημάτων
967 3390 1012 3444 οὒκ
1054 3389 1083 3441 τύ
1097 3391 1216 3461 συμφέρον
1237 3388 1355 3459 εύρίσκει,
1370 3388 1405 3440 ἵν’
1426 3387 1452 3440 ἔκ
1467 3386 1555 3452 ταύτης
1571 3389 1615 3453 τῆς
1633 3385 1726 3446 ἐννοίας
1742 3383 1785 3436 καί
1798 3386 1843 3450 τῆς

228 3468 375 3540 ἀνεχόμενοι
391 3468 537 3540 ψεύσασθαι,
551 3472 594 3522 νύν
607 3468 663 3522 ἀνευ
681 3470 788 3536 δαπάνης
804 3469 958 3541 ήαυσόμεθας
971 3470 1014 3524 κά·
1054 3469 1217 3540 προσηγορίας
1233 3465 1380 3539 όάκροατὴς
1397 3466 1545 3538 ψευδόμενον
1566 3466 1684 3543 Λεπτίνην
1702 3464 1783 3535 λάθῃ,
1796 3469 1841 3515 νῦν

228 3553 271 3603 κεῖ
280 3549 322 3621 μὲν
334 3549 389 3613 τοίνς
404 3547 546 3610 ἀδικοῦντας
556 3550 714 3620 προσέθηκεν,
730 3549 833 3604 ένταῖνθα
847 3548 873 3604 δί
882 3550 937 3613 τοὺς
949 3551 1013 3625 εθερ-
1056 3547 1099 3619 μίν
1113 3547 1146 3610 εἰς
1160 3550 1264 3616 πένητας
1279 3546 1419 3617 ἀνθρώπους
1437 3545 1467 3598 τίι
1480 3551 1529 3598 τῶν
1550 3544 1710 3615 λειτουργιῶν
1723 3541 1841 3613 ἔρχεσθαι

228 3631 298 3698 γέεας
309 3629 432 3699 ὠνόμασε.
442 3628 524 3684 ἸῸἿ,
1054 3627 1176 3699 λέγοντα,
1191 3632 1233 3679 νόν
1247 3626 1273 3680 δί
1288 3627 1395 3687 λέγοντα
1410 3626 1485 3679 πάλιν
1504 3625 1677 3695 ύπερθετικιῗνς,
1690 3625 1756 3683 ὅπως
1769 3622 1800 3673 δν
1815 3621 1839 3673 οί

263 3713 325 3772 460,
345 3711 385 3762 18.
395 3708 450 3761 Τῶν
460 3706 487 3761 δέ
497 3711 571 3761 τοῖντο
584 3713 679 3780 πρῶτον
688 3709 699 3779 ]
707 3707 790 3771 Ούτως
800 3707 859 3780 ύπὲρ
868 3707 947 3763 αύτῖνν
958 3710 1013 3782 ἰφο-
1054 3710 1243 3764 πλουσιώτατοι.
1286 3705 1439 3759 Ἀντίκεινται
1452 3704 1500 3777 γάρ
1514 3703 1558 3756 οἰνκ
1569 3702 1710 3763 ἀκολούθως
1723 3700 1806 3761 αἰετοῖς
1826 3700 1841 3752 δ

227 3788 318 3840 θοόντο
334 3786 442 3858 μᾶλλον,
457 3786 498 3839 καί
515 3786 530 3839 ό
547 3786 625 3858 δῆμος
643 3787 719 3850 ούτως
736 3787 819 3850 αύτοῖς
836 3788 945 3860 φοόερύς.
975 3790 1011 3843 Ού
1036 3798 1081 3844 ’τε
1094 3793 1166 3857 πίνης
1180 3787 1246 3842 καίδ
1262 3787 1457 3851 πλουσιώτατος,
1472 3784 1614 3855 ἀλλ’ύμέν
1632 3783 1706 3849 πένης
1723 3782 1782 3852 πρὸς
1795 3782 1840 3833 τδν

228 3863 276 3935 γὰρ
297 3863 479 3933 προσδοκῶντες
501 3864 566 3936 παρά
588 3866 787 3936 Λακεδαιμονίων
800 3864 847 3932 τήν
868 3869 1011 3939 συμμαχίαν
1053 3869 1181 3935 πλούσιον,
1196 3868 1249 3922 δδέ
1271 3868 1384 3928 πλούσιος
1400 3866 1459 3937 πρδς
1472 3866 1515 3918 τδν
1533 3863 1728 3917 πλουσιώτατον.
1766 3858 1843 3913 Ἔστι

227 3944 309 4010 ἠξίουν
326 3945 368 3997 τίνν
388 3946 467 4015 δῆμον
486 3947 566 3999 πίστιν
581 3946 665 3998 δοῦναι
682 3949 726 4012 τῆς
744 3945 777 4008 εἰς
798 3946 884 4010 αύτοίνς
902 3947 1009 4015 εύνοίας,
1054 3948 1135 4000 τοίνυν
1155 3946 1171 4015 ὴ
1193 3946 1311 4008 ἀντίθεσις
1328 3945 1375 3999 ἀπδ
1395 3949 1439 3998 τοῖν
1457 3945 1620 4016 συμφέροντος
1633 3940 1782 4011 κεφαλαίου,
1797 3939 1840 3991 καί

227 4023 272 4090 τήν
284 4021 424 4089 καταθολήν
434 4028 478 4077 τοῦ
492 4025 660 4095 δανείσματος.
675 4025 756 4080 TCV.
1053 4028 1129 4101 ταύτῃ
1140 4027 1246 4099 μάλιστα
1259 4026 1375 4091 Λεπτίνης
1386 4023 1479 4094 ἰσχύει,
1492 4021 1558 4090 καλή
1567 4022 1719 4091 ταράττουσα
1734 4018 1842 4090 μάλιστα

263 4107 331 4167 ήθο,
345 4119 388 4158 20.
402 4102 470 4155 Φασί
486 4102 528 4156 τίον
540 4104 620 4174 δῆμον
640 4103 755 4175 ἑλέσθαι]
767 4102 849 4166 Ούτως
860 4103 887 4158 ἰκ
899 4109 1011 4179 προαιρέ-
1054 4107 1096 4160 τίνν
1108 4107 1265 4178 Δημοσθένην
1280 4109 1327 4156 τῶν
1339 4102 1485 4175 ἀντιλογιῶν
1496 4102 1512 4168 ἦ
1525 4100 1635 4171 παροῖνσά
1645 4099 1705 4152 ἔστι.
1735 4096 1782 4148 Καὶ
1796 4096 1838 4148 διά

228 4204 288 4245 σεως
304 4184 346 4237 καί
367 4182 395 4235 ού
418 4182 458 4234 διά
474 4184 550 4254 φόόον
577 4183 658 4237 είλετο
675 4187 803 4238 κοινωνεῖν
821 4188 865 4237 τού
883 4185 1013 4257 δανείσμα·
1053 4191 1125 4240 τοῦτο
1136 4186 1177 4238 καί
1197 4185 1307 4255 μεθόδοις
1325 4182 1431 4242 πολλαῖς
1444 4180 1582 4251 ἐχρήσατο,
1597 4183 1640 4231 νῖνν
1656 4177 1699 4249 μὲν
1712 4174 1837 4247 προλόων,

227 4282 275 4326 τος.
312 4262 358 4315 Διά
371 4262 396 4315 δὲ
411 4266 454 4315 τοῦ
467 4265 657 4335 συνεισενεγκεῖν
671 4264 713 4317 καί
726 4263 822 4318 ἑλέσθαι
836 4263 879 4331 τήν
892 4263 1012 4336 ἰνπερόάλ-
1055 4271 1097 4318 νῦν
1120 4265 1146 4317 δέ
1169 4262 1369 4335 προδιαόάλλων,
1393 4264 1435 4313 νῦν
1457 4260 1484 4312 δὲ
1498 4264 1615 4329 τεχνικῶς
1639 4257 1711 4317 τιθείς
1734 4253 1764 4308 τά
1781 4253 1840 4305 δνό-

226 4342 317 4397 λουσαυ
333 4348 376 4396 τοῖν
392 4341 471 4412 δήμου
482 4343 620 4412 προαίρεσιν
637 4341 735 4406 ἀνέδειξε
749 4343 789 4395 διά
808 4349 857 4396 τῶν
869 4343 1010 4417 όνομότων.
1056 4364 1130 4415 ματα.
1145 4343 1175 4396 Εἰ
1184 4342 1232 4415 γάρ
1244 4342 1334 4408 ταύτην
1345 4340 1451 4404 λύσειεν,
1464 4338 1551 4409 ἰσχυρά
1562 4337 1592 4391 τά
1603 4335 1678 4389 λοιπά
1693 4338 1736 4387 τοῦ
1750 4334 1837 4402 λόγου.

227 4423 277 4475 ίίῦκ
290 4421 412 4493 ἀνάγκης,
425 4421 508 4491 φησίν,
526 4420 668 4493 ἐπειγούσης
688 4420 830 4497 οἰνδεμιοῖςδ
849 4426 927 4496 δῆμος
946 4426 1011 4494 είσή·
1055 4423 1096 4486 Εἰς
1115 4424 1163 4494 γάρ
1177 4426 1263 4475 τοῦτον
1286 4420 1329 4474 τὀν
1350 4419 1428 4489 λόγον
1446 4418 1488 4471 καί
1506 4418 1595 4484 ταύτην
1617 4414 1661 4481 τήν
1675 4413 1840 4484 ύπόσχεοινδ

226 4520 312 4573 νεγκεν
327 4500 422 4554 οἴκοθεν
434 4539 441 4564 ,
459 4498 503 4553 ούκ
516 4499 540 4563 ἔξ
557 4501 712 4572 ἀκροπόλεως
726 4502 752 4556 ἔκ
763 4504 899 4574 περιουσίας
914 4504 1009 4561 λαθών.
1055 4502 1174 4574 ἀκροατὴς
1187 4500 1279 4555 ἆπῑδὼν
1294 4497 1389 4560 {astato
1403 4499 1445 4551 τὸν
1460 4499 1547 4568 νόμον,
1561 4494 1618 4548 ἄλλ’
1632 4495 1694 4562 θύα,
1707 4494 1741 4555 ὣς
1753 4491 1838 4564 ᾧθθῖι·

225 4582 310 4639 TCV.
1055 4585 1099 4635 σάν
1118 4602 1196 4647 τινες,
1211 4579 1305 4646 ἐκείνην
1320 4578 1365 4644 τὴν
1380 4578 1499 4630 ἀντίθεσιν
1516 4577 1625 4645 σννέχειν
1646 4575 1689 4627 τόν
1704 4572 1793 4642 λόγον,
1808 4572 1841 4637 ἢν

262 4663 331 4724 460,
354 4676 397 4715 21.
415 4662 493 4715 Ὥστε
508 4656 541 4732 μή
556 4660 628 4713 λύσαι
649 4668 696 4715 τῶν
715 4662 937 4735 ὡμολογημένων]
948 4662 1011 4718 ’Ἵνα
1054 4662 1184 4732 πολλαχοῦ
1197 4661 1300 4728 τίθησιν,
1314 4660 1352 4711 δτι
1365 4657 1456 4718 ἀνάξιοι
1469 4654 1560 4709 πολλοὶ
1573 4660 1621 4706 τῶν
1632 4652 1768 4723 εἰληφότων
1783 4668 1843 4720 τυγ-

226 4740 340 4807 σαίνηται
352 4739 395 4811 μίν
409 4742 467 4812 πρδς
477 4736 522 4805 τήν
541 4744 663 4812 παροῦσαν
676 4741 788 4794 ύπόθεοιν
810 4741 930 4812 ἑλκομένη
950 4762 1011 4813 χρη·
1054 4744 1182 4813 χάνουσιν.
1210 4739 1321 4806 Ἐκείνην
1338 4740 1380 4810 μέν
1395 4737 1442 4808 γάρ
1455 4735 1547 4806 εἰσάγει
1558 4741 1601 4786 τοῦ
1612 4732 1702 4785 οἰκείου
1716 4729 1842 4801 χρησίμου

227 4820 303 4891 σίμως
315 4819 331 4886 ί]
342 4818 435 4873 ἔννοια·
449 4819 563 4892 περὶγὰρ
575 4824 618 4873 τοῖν
634 4818 666 4892 μὴ
681 4816 733 4877 δεῖν
746 4820 813 4873 λύειν
826 4819 868 4884 τάς
880 4822 1011 4893 δεδομένας
1055 4823 1141 4885 ἕνεκα,
1153 4826 1337 4892 προοικονομῶν
1351 4820 1394 4873 τδν
1412 4818 1503 4871 οἰκεῖον
1521 4817 1608 4887 νόμον,
1622 4813 1712 4878 ταύτην
1723 4810 1749 4862 δέ
1760 4811 1841 4881 μόνην

226 4894 436 4969 δωρεάςύάγών.
450 4896 532 4952 ΊὋν.
816 4920 818 4923 ·
1053 4899 1459 4971 χαλεπήνκαίἀνταγωνιζομένην
1479 4896 1541 4966 ἔχει.
1579 4894 1667 4963 Διόπερ
1683 4886 1842 4957 ούκέθάρρη·

262 4981 325 5041 άίνο,
341 4992 384 5046 ,9.7.
397 4976 432 5030 Tb
445 4976 488 5048 μέν
501 4977 581 5029 τοίνυν
594 4980 636 5043 τῆς
649 4976 762 5049 πόλεως]
777 4974 822 5029 Ἐκ
833 4980 877 5029 τοῖν
890 4975 1009 5031 ἐναντίου.
1054 5001 1094 5034 σευ
1109 4978 1184 5046 αύτήν
1199 4982 1450 5052 πρωταγωνιστοῖνσαν
1464 4977 1552 5029 θεῖναι.
1566 4972 1647 5026 ch.

226 5056 252 5108 S.
275 5052 310 5106 Τὸ
325 5052 470 5131 ἰπιχείρημα
486 5050 534 5110 άπίν
548 5060 592 5109 τοῖν
605 5054 725 5123 έναντίου.
762 5057 873 5109 Λείκνυσι
885 5056 912 5109 δὲ
927 5058 967 5109 δτι
981 5057 1009 5110 ού
1089 5064 1156 5125 ήόο,
1172 5061 1198 5113 8.
1217 5057 1260 5120 Ὧς
1271 5057 1296 5111 αί
1314 5057 1483 5128 λειτουργίαι]
1500 5055 1554 5106 Λύει
1568 5057 1604 5123 τῷ
1619 5047 1682 5103 κατά
1699 5041 1841 5115 συνδρομὴ*

223 5126 355 5187 λυσιτελεῖ
366 5135 381 5189 ό
392 5135 536 5208 νόμοςότδ
549 5137 714 5209 φυλακτήριον
732 5141 775 5206 τῆς
788 5138 883 5200 πόλεως
902 5138 1009 5209 διαφθεί-
1053 5139 1205 5210 θεωρήματι,
1221 5137 1340 5209 δέστιτῇ
1355 5134 1565 5205 ἀντιπαραστάσει.
1583 5127 1744 5186 BFns‘rYP.

225 5235 290 5287 ρων’
305 5216 346 5269 καί
356 5217 485 5285 διορίζεται
499 5218 537 5271 δτι
553 5218 578 5272 έν
592 5217 634 5289 μὲν
647 5220 700 5281 ταῖς
716 5218 865 5281 δυναστείαις
882 5219 1010 5281 κολακείας
1089 5223 1154 5282 ηδε,
1174 5235 1213 5270 ιο.
1235 5216 1306 5268 Ἔστι
1317 5216 1343 5269 δὲ
1356 5215 1445 5284 τοῦτο]
1459 5213 1509 5265 Οὖκ
1520 5210 1627 5278 ἠδυνήθη
1643 5208 1671 5260 τδ
1684 5202 1783 5274 ἰσχυρὸν
1802 5199 1842 5252 εὖ·
