3967 5967
258 442 317 497 θέο
793 428 933 490 ΣΑΟΑΙΑ
958 429 1024 491 ΕΙΣ
1044 429 1319 492 ΔΗΜΟΣΘΕΝΗΝ.

257 580 308 632 αμα
316 559 383 631 αἰετῷ
394 560 538 631 κατάφωρον
550 560 650 629 γίνηται
659 559 700 613 καί
708 563 773 631 φανῇ
786 559 900 622 δεδοικὼς
912 559 967 622 τοίς
980 561 1036 631 περὶ
1081 583 1092 612 ε
1108 560 1250 626 θάλλοντα,
1265 562 1296 614 ἀν
1309 560 1341 613 δι’
1364 557 1474 627 εθήθειαν
1487 558 1503 624 ἰ]
1516 558 1548 611 δι’
1568 557 1648 626 ἀλλην
1662 556 1764 628 ἀγνοιαν
1782 556 1860 614 klu-

257 645 300 708 τῆς
314 640 410 711 εἰρήνης
423 640 525 711 λόγους,
544 638 677 710 ἀνέδραμεν
697 637 736 691 ἐπί
756 637 798 691 τδν
811 638 931 708 πόλεμον,
946 637 974 692 τδ
990 640 1035 704 ζη-
1081 662 1092 691 ε
1114 641 1235 712 μασμένος
1246 644 1320 712 φανῇ.
1338 662 1349 689 κ
1365 639 1442 693 ch,

257 719 572 791 τούμενοντῷζητουμένιρ
589 718 734 778 συσκιάζον.
776 716 818 770 Ἐν
833 715 881 788 γάρ
899 722 934 788 τῷ
947 716 1036 783 πλήθει
1114 721 1176 789 372,
1191 724 1235 784 υή.
1254 719 1323 792 Ἐγὼ
1335 719 1377 782 δέ,
1396 714 1533 790 ῶάνδρες]
1549 716 1638 773 ’ἰστέον
1659 719 1698 772 δτι
1717 717 1858 786 ἐκλείπειὴ

258 803 308 853 τῶν
322 799 473 869 πραγμάτων
487 796 530 849 οὒκ
542 796 571 849 ἀν
582 815 616 857 τις
629 795 717 865 ῥᾳδίως
727 795 870 865 φωράσειεν,
882 794 940 864 ύπίρ
952 790 981 847 ού
994 795 1036 847 καί
1079 795 1167 863 πιθανή
1182 796 1313 867 ἀπολογία,
1330 798 1426 853 ΑἰίΤΡ.

257 878 372 932 δέδοικεν.
406 875 499 948 Ἀμῖλει
509 879 570 947 γοῦν
579 874 661 930 πολλίι
674 874 800 945 προτείνας
813 872 954 935 είςαύτδτδ
969 872 1037 943 ἰσχυ·
1116 877 1177 946 37α,
1190 894 1233 946 υ7.
1245 876 1321 930 Ὥστε
1331 876 1352 930 εἰ
1362 877 1429 931 ταῦθ’
1439 876 1486 930 ύπδ
1498 875 1648 945 ἀδελτερίας]
1659 873 1718 929 Ἐπί
1728 875 1757 929 τδ
1768 881 1859 948 χρῶμα

259 957 357 1027 ρθτερον
364 955 504 1022 κατέληξεν,
514 955 597 1021 είπίυν,
612 952 723 1024 εείργετε
729 948 783 1017 σύν,
792 951 894 1022 εἴργετε,
907 951 980 1004 αἰιτδν
987 958 1036 1005 τῶν
1080 956 1109 1009 τδ
1123 957 1267 1027 κυριώτερον
1282 954 1483 1027 ἰρχεταιλοιπδν,
1501 957 1515 1009 δ
1531 954 1582 1007 ἐστι
1596 953 1654 1024 πρὸς
1666 953 1697 1007 τίι
1711 958 1802 1025 σημεῖα
1813 960 1860 1009 τοῦ

260 1057 272 1084 ι
286 1034 344 1106 θπίρ
355 1038 398 1102 τῆς
406 1033 503 1105 εἰρήνης
516 1034 610 1105 λόγων.
631 1056 642 1083 ν
660 1030 759 1098 Ἐπειδὴ
774 1031 800 1085 δέ
812 1033 884 1084 δοκεῖ
891 1032 1038 1102 γεγραφέναι
1080 1033 1217 1104 Αἰσχίνου,
1233 1035 1249 1087 ά
1263 1034 1327 1088 ἐστιν
1341 1035 1366 1089 ἐν
1384 1030 1421 1097 οίς
1439 1033 1592 1105 ἀπήγγειλε,
1607 1033 1653 1104 πρὸ
1666 1032 1691 1085 δέ
1709 1037 1753 1100 τῆς
1771 1036 1861 1098 δέσεως

256 1113 475 1183 ψήφισμαπερίτῆς
483 1111 591 1183 εἰρήνης,
598 1110 798 1182 ἀπολογούμενος
805 1109 862 1181 ύπίρ
868 1109 964 1173 τούτου,
979 1108 1038 1163 ποτέ
1080 1113 1222 1178 διαθάλλει,
1236 1114 1269 1175 ῶς
1287 1113 1357 1178 ἐθος,
1371 1115 1506 1185 σαθράτερα
1517 1113 1582 1167 σύτω
1593 1118 1678 1167 ποιῶν.
1691 1114 1768 1171 TCV.

259 1190 487 1262 μένμεταστατικιῖνς
497 1190 536 1245 ἰπί
545 1188 839 1260 τοίιςπιρίΝεοπτόλεμον
848 1188 889 1242 καὶ
903 1187 1039 1260 Ἆριστύδη·
1116 1193 1179 1262 373,
1194 1212 1222 1262 9.
1240 1191 1301 1246 ’Βάν
1313 1193 1335 1245 δ’
1348 1191 1524 1265 ἀποτυγχάνῃ]
1537 1192 1685 1264 Σημείωσαι·
1701 1193 1809 1263 περὶτοῦ
1824 1191 1860 1265 μή

260 1289 306 1342 μον
322 1269 367 1337 τὴν
376 1270 455 1323 αἰτίαν
465 1272 547 1341 φέρει,
566 1268 624 1323 ποτί
632 1268 659 1322 δί
667 1268 890 1339 συμπεριλαμθάνει
898 1266 943 1333 τὴν
952 1267 1035 1333 πάλιν,
1081 1272 1149 1343 ἐχειν
1163 1274 1245 1327 ἀδειαν
1257 1274 1301 1327 τδν
1311 1270 1395 1345 κριτὴν
1406 1273 1487 1344 λέγειν
1497 1272 1571 1326 ἐλαθέ
1585 1292 1615 1344 με
1627 1271 1653 1325 έν
1667 1266 1704 1335 οίς
1719 1272 1858 1343 ψηφίζεται.

258 1349 317 1403 ποτί
334 1349 361 1404 δί
375 1348 419 1415 τήν
436 1349 517 1416 ἰκτῆς
535 1348 642 1420 ἀνάγκης
659 1348 744 1418 χρείαν
765 1347 931 1418 προδάλλεται
950 1344 1036 1412 εἰπὼν,
1080 1351 1136 1406 ΥΡ,

262 1449 273 1478 ε
291 1427 388 1498 ήγαγον
398 1428 469 1497 δεῦρο
483 1426 539 1488 τοὶις
552 1426 743 1496 ποιησομένους,
762 1446 773 1474 ι
788 1424 862 1478 πάλιν
879 1424 918 1478 ἐπί
928 1423 972 1490 τήν
982 1444 1038 1494 πρε·
1116 1430 1181 1497 373,
1200 1446 1241 1483 10.
1257 1429 1292 1482 (λδ
1308 1429 1356 1500 γὰρ
1370 1431 1399 1481 δν
1413 1427 1575 1499 ἐξαρκέσειεν]
1595 1422 1657 1482 Οἰον
1668 1428 1726 1499 λέγε
1744 1429 1860 1481 Φωκεῦσι

260 1505 355 1557 σθείαν.
373 1503 504 1557 Κάνταῦθα
518 1501 646 1575 μεθιστὰς,
659 1501 786 1572 ἐπειδήπερ
796 1501 867 1564 αἰντδς
879 1503 988 1572 φαίνεται
997 1501 1039 1555 καί
1080 1506 1125 1574 τήν
1143 1509 1260 1580 ἄγνοιαν,
1280 1508 1322 1562 καί
1339 1511 1430 1575 στῆσον
1448 1509 1489 1570 τίις
1512 1505 1649 1579 συμφοράς,
1673 1507 1793 1579 ὁμολόγει
1812 1506 1858 1573 τήν

214 1592 216 1607 “
258 1583 313 1644 τσίις
326 1582 390 1653 παρὰ
399 1582 524 1635 Φιλίππου
536 1582 644 1652 πρέσθεις
655 1581 799 1651 ήκυνταςτῇ
811 1581 887 1652 βουλῇ
896 1582 1036 1652 προσάγων,
1080 1587 1232 1659 &waplam
1248 1588 1326 1642 ch,

258 1660 300 1713 καί
312 1660 376 1722 θλως
385 1665 457 1714 τοῦτο
468 1660 497 1714 τδ
507 1662 578 1731 μέρος
587 1660 782 1729 διοικησάμενος,
794 1658 873 1730 [ύπέρ]
884 1655 913 1711 ού
922 1658 1038 1730 λαμπρῶς
1116 1667 1178 1737 373,
1194 1684 1234 1735 ¹7·
1251 1664 1290 1719 Ἂς
1303 1668 1385 1737 μέντοι
1394 1664 1434 1719 διὰ
1445 1666 1579 1737 ποςηρῐας]
1591 1664 1660 1727 Ἕως
1671 1663 1720 1718 ὧδε
1732 1664 1860 1737 ἐκληρως

258 1735 284 1789 ἐν
298 1743 333 1809 τῷ
346 1738 400 1809 πῑρί
415 1741 457 1792 τοῦ
473 1738 591 1809 στεφάνου
608 1736 808 1806 ἀπολελόγηταί,
821 1737 982 1808 μεταύέθηκεθ
999 1737 1038 1793 {nl
1081 1746 1124 1799 τὸν
1138 1751 1233 1817 πρῶτον
1247 1747 1409 1818 στοχασμὸν,
1422 1745 1463 1799 κα]
1476 1746 1578 1817 ἄρχεται
1592 1744 1701 1799 ἐντεῦθεν
1719 1752 1763 1799 τοῦ
1777 1748 1859 1800 δςητέ.

258 1817 392 1888 τδχρῶμα,
428 1815 473 1869 Διά
485 1817 509 1870 τί
519 1816 546 1869 δέ
555 1815 678 1869 κάνταῦθα
687 1814 735 1886 οθχ
749 1813 911 1887 ἀπολογεῖται
926 1815 984 1887 θπέρ
996 1822 1038 1883 τῆς
1080 1844 1138 1895 ρου·
1156 1824 1232 1887 δείξας
1248 1823 1335 1896 γίιρίν
1348 1826 1485 1896 τῷπράιτῳ
1500 1825 1539 1878 ὅτι
1556 1823 1668 1878 ἀπώλεσε
1685 1825 1860 1891 Φωκέας,καί

259 1893 371 1964 εἰρήνης,
384 1897 464 1967 ῶσπερ
481 1894 506 1949 ἐν
518 1901 553 1967 τῷ
564 1895 617 1965 περί
629 1898 672 1947 τοῦ
684 1895 816 1964 στεφάνους
828 1896 866 1947 δτι
875 1893 979 1947 ἐνταῦθα
993 1896 1036 1967 μὲν
1080 1902 1158 1957 ἐλθὼν
1172 1904 1217 1964 ἕως
1236 1906 1279 1956 τοῦ
1292 1904 1439 1973 χρώματος,
1453 1902 1599 1974 ἐμπεσόντος
1610 1902 1689 1956 άλλου
1702 1905 1858 1976 ζητήματος,

259 1971 408 2045 αθτδςέχων
428 1973 609 2045 πρωτολογίαν,
624 1972 808 2044 καὶδυνάμεως
821 1972 981 2035 ῶςίάσύλετο
1003 1974 1034 2027 τίι
1080 1983 1118 2035 ὅτι
1139 1980 1185 2033 Διά
1208 1982 1274 2051 δῶρα
1297 1985 1373 2034 ταῦτα
1396 1980 1531 2049 ἐποίησας,
1557 1985 1631 2035 τοῦτο
1653 1985 1857 2054 μεταχειρίζεται.

259 2053 410 2122 συμφέροντα
430 2051 618 2118 διοικήσασθαι,
633 2049 691 2121 πρδς
704 2047 749 2115 τὴν
767 2051 852 2122 χρείαν
872 2052 1035 2122 μεθώδευσεν,
1080 2060 1255 2115 ACDGRTV,

259 2126 284 2180 ἐν
300 2129 326 2181 δί
345 2136 380 2200 τῷ
397 2131 451 2201 περί
468 2130 586 2202 στεφάνου
608 2129 816 2201 κατηγορούμενος
834 2130 875 2182 καί
894 2133 938 2197 τῆς
960 2130 1038 2193 αἰτίας
1114 2139 1184 2209 373,
1200 2142 1241 2193 18.
1258 2137 1379 2208 Ἀργύριον
1393 2137 1478 2191 xasa„
1492 2137 1535 2191 nal
1548 2138 1634 2210 δῶρα]
1648 2135 1720 2209 Ὁρᾷς
1730 2140 1795 2202 ὅπως
1809 2139 1860 2195 ὰπὸ

259 2203 376 2275 λαμπρῶς
387 2204 424 2259 ἐπ’
438 2206 510 2258 αὖτέ]
521 2206 653 2276 ῖέθθίίέίίίῦ
666 2203 876 2277 ἧίάῖῑαῦῐαῑίῑίῑ
887 2211 930 2274 τῆς
940 2206 1038 2279 ῑίρθνης
1079 2222 1123 2271 τοῦ
1134 2221 1264 2289 χρώματος
1276 2217 1389 2289 δεύτερον
1407 2196 1564 2288 ἀναφαίνετάι
1581 2217 1680 2288 ζήτημα
1695 2217 1726 2271 τδ
1743 2219 1798 2288 περὶ
1813 2222 1860 2287 τῆς

259 2283 390 2353 διαρρήδην
400 2285 547 2351 ποιήσασθαι
561 2283 605 2351 τήν
624 2283 771 2356 ἀπολογίαν.
782 2286 858 2339 TCV.
1079 2298 1243 2369 θωῳὼςςαςρ
1258 2297 1272 2349 ὁ
1286 2296 1329 2368 μὲ,
1350 2297 1399 2368 γὰρ
1415 2295 1470 2368 ξμς
1480 2296 1514 2358 ὡς
1529 2294 1665 2363 ἠρώτηται,
1678 2294 1750 2368 mnf<
1759 2296 1785 2350 ὃ]
1798 2296 1860 2351 &m-

261 2362 356 2499 153730’
373 2362 412 2492 ῐὲ·
428 2362 469 2493 Ἶὲ
484 2362 543 2434 ὓμῖν
557 2363 679 2436 πόλεμος]
696 2363 796 2426 Κῦῑλῠέ·
815 2365 870 2420 ΒΥ·
884 2366 1037 2437 mmm·
1079 2376 1204 2505 φρίκνυμεν
1214 2376 1247 2437 ῶς
1259 2373 1321 2428 ίκὼν
1333 2372 1439 2445 εἰρηκεν,
1454 2374 1577 2442 ἀπατήσει
1591 2374 1632 2428 διά
1645 2373 1689 2442 τήν
1710 2377 1855 2448 μισθαρνίαν

331 2458 390 2493 νταυ
407 2460 431 2493 α.
473 2481 478 2493 .
1109 2453 1123 2505 6
1155 2453 1295 2516 mm,

294 2518 357 2588 37¹,
369 2522 395 2571 6·
409 2518 467 2580 Τοῖς
475 2518 504 2572 t&
517 2519 598 2571 δίῖαῑα
607 2520 738 2591 ῖῖίθῡωῑί
748 2523 758 2590 ί
767 2519 811 2583 Εἰς
827 2519 912 2575 &W
933 2520 1036 2575 “Mm-
1115 2472 1181 2599 3⁹73,
1194 2547 1239 2586 αι.
1250 2530 1367 2583 Σκοπεῖτε
1377 2526 1425 2599 δή]
1441 2525 1569 2582 Ἐντεῦθεν
1587 2526 1759 2592 ἀποδεικτικῶς
1768 2529 1800 2583 τίι
1812 2529 1857 2585 ἀπ’

261 2614 311 2651 ται.
329 2596 406 2651 ΑίίΤ.
1079 2607 1156 2680 ἀρχῆς
1168 2609 1227 2681 ἀχρι
1240 2608 1323 2670 τέλους
1331 2607 1442 2678 ἀρχεται,
1456 2607 1486 2661 Ρ.

294 2673 356 2743 371,
369 2693 395 2745 7·
409 2676 450 2747 Τῷ
462 2675 776 2747 μισθυΰ1τίξιΦιλσκράτει.
788 2679 843 2731 ΑΡ.
1114 2688 1183 2758 373,
1198 2704 1243 2743 υυ.
1258 2685 1301 2750 Ὧς
1311 2686 1402 2749 δίκαιος
1414 2684 1482 2739 ἔσται
1492 2685 1545 2757 μεθ’
1554 2684 1637 2757 ύμῶν]
1654 2684 1683 2739 ‘0
1694 2688 1749 2748 νοῦς
1762 2685 1857 2753 σύτως,

297 2751 358 2821 371,
377 2770 417 2808 ιο.
439 2753 500 2815 Τοίνς
517 2752 540 2804 δ’
551 2752 589 2807 ἐπί
603 2758 645 2807 τοῦ
664 2754 791 2825 πολέμου]
807 2755 888 2826 τρίτον
905 2756 1036 2828 κεφάλαιον
1079 2767 1191 2820 amru
1205 2765 1258 2837 μθ
1269 2763 1339 2835 ήμῶν
1352 2763 1385 2825 ῶς
1396 2764 1487 2828 δίκαιος
1497 2763 1566 2817 ἐσται
1578 2763 1716 2835 δέλεγχος.
1757 2762 1818 2817 'Eam
1829 2764 1857 2819 δέ

258 2833 301 2895 ³5⁵
314 2833 605 2901 ²²?0WW20515013Y1’·
1079 2840 1094 2916 ᾖ
1115 2845 1167 2915 μεθ’
1179 2844 1258 2915 ύμδιν,
1277 2846 1342 2915 μένει
1356 2843 1389 2905 ὡς
1405 2842 1459 2914 έχει
1475 2843 1504 2897 τδ
1522 2841 1604 2915 ῥητὸν,
1619 2843 1662 2895 ἵνα
1678 2837 1858 2915 ],θέλεγχος

297 2910 358 2980 371·
379 2914 420 2967 13·
434 2911 535 2984 Τῡῦῖψ]
550 2911 664 2983 Αἰσχίνῃ·
680 2911 709 2966 Ρ·
1078 2924 1169 2985 δικαισς
1182 2922 1249 2977 ἐσται
1261 2923 1314 2993 μεθ’
1327 2923 1394 2996 θμῶν
1405 2942 1410 2953 ·
1423 2922 1465 2976 καί
1477 2921 1545 2993 ὑμεῖς
1555 2922 1603 2993 γὰρ
1613 2923 1711 2976 δίκαιοι.
1752 2919 1855 2977 Ἐντεῦ·

295 2988 443 3062 Δεξάμενοι]
460 2991 536 3044 οἷονεί
548 2992 715 3062 διαδεξάμενοι
728 2992 783 3055 τοῦς
793 2992 849 3064 περί
864 2990 1035 3067 Ἀριστύδημον
1079 3003 1119 3055 θεν
1136 3001 1163 3055 δὲ
1173 3001 1319 3073 mama
1329 3002 1371 3055 καί
1380 3000 1422 3055 τδν
1436 3000 1546 3070 δεύτερον
1561 3002 1718 3072 στοχασμθν·
1736 3000 1777 3055 ἐάν
1789 3003 1857 3075 δῶρα

261 3066 294 3130 ῑίς
306 3068 333 3121 1⁸0
345 3070 469 3139 φίνακίῦυῑ
481 3069 552 3140 ἐμᾶς·
568 3070 666 3125 ΑΒΤΡ·
1079 3079 1123 3151 μέν
1135 3081 1220 3133 λαδίον
1237 3084 1316 3151 φανῇ,
1327 3081 1459 3152 φανήσεται
1473 3078 1584 3150 σδδαμιῦς
1595 3078 1785 3150 ἐξηπατημένος·
1800 3102 1811 3131 α
1825 3082 1856 3134 ἀν

297 3148 359 3217 371,
374 3165 418 3217 ²9·
434 3148 481 3201 Ἥ]
496 3150 609 3220 δέδθῑθῦῑ]
624 3147 732 3210 Κῦκίῡς·
747 3150 777 3205 Β·
1081 3160 1189 3230 «μέντοι
1205 3158 1246 3212 διά
1263 3160 1380 3229 πονηρίαν
1406 3157 1519 3230 ἀργύριον
1542 3158 1626 3211 λαθὼν
1647 3158 1689 3210 καί
1712 3159 1791 3229 δῶρα,
1813 3159 1858 3212 καί

296 3225 357 3293 37²2
372 3241 396 3280 1.
411 3225 520 3298 Πθίἰῷ]
530 3232 597 3297 ῖαῖῑῖ)
607 3225 732 3293 ἰῦλῡίθῑῑ·
747 3227 776 3280 Τ·
791 3225 875 3280 Am
885 3232 961 3300 θοιδῷ·
975 3231 1033 3285 ΑΒ·
1081 3258 1092 3287 ε
1107 3239 1172 3292 τοῦτ’
1186 3238 1320 3310 ἐξελεγχθῇ
1332 3244 1412 3309 σαφῶς
1425 3237 1464 3292 ίνπ’
1476 3236 1555 3291 αἰετῶν
1570 3243 1617 3291 τῶν
1635 3238 1822 3308 πεπραγμένων.
1837 3261 1850 3289 ι

260 3310 328 3375 κακῷ
340 3305 355 3371 ίί
369 3306 443 3377 τόκῳ·
460 3307 489 3360 Ρ·
1081 3313 1183 3383 Ἐπειδή
1197 3314 1244 3387 γάρ
1265 3314 1310 3368 οῦκ
1328 3314 1382 3385 ἐχει
1403 3317 1525 3387 μάρτυρας
1537 3314 1588 3368 οὐδ’
1606 3313 1678 3376 αἰετδς
1688 3315 1857 3384 παρασχέσθαι

294 3384 356 3451 37²2
374 3388 415 3447 ¹4·
430 3383 465 3436 05
481 3382 529 3454 ΥΑΡ
543 3380 674 3455 Αἰσχίνης]
688 3382 788 3444 Κύκλος·
804 3383 857 3438 BY·
1078 3399 1120 3461 τῆς
1138 3395 1297 3465 δωροδοκίας,
1316 3393 1383 3455 ἀξιοῖ
1400 3392 1440 3445 διδ
1459 3398 1508 3446 τῶν
1521 3394 1698 3465 πεπραγμένων
1717 3391 1856 3462 ἐξελέγχειν

292 3474 360 3541 37υ,
389 3476 431 3528 18.
459 3471 524 3535 Ἐξω
553 3475 596 3525 τοῦ
622 3470 712 3532 ἀδθξως
733 3470 899 3541 γεγενῆσθαι]
929 3470 968 3523 δτι
991 3470 1035 3525 οθκ
1077 3471 1249 3540 δτιήπατήθη.
1289 3471 1417 3526 Ἐντεῦθεν
1427 3471 1453 3525 δί
1462 3470 1501 3526 ἐπί
1513 3472 1556 3534 τάς
1567 3471 1697 3534 ἀποδείξεις
1709 3470 1855 3542 χωρεῖλοι·

256 3553 386 3626 ἐχωρίζετο
407 3558 438 3629 τῇ
459 3554 557 3627 ἀδοξίᾳ,
581 3553 639 3606 ἀλλ’
659 3553 796 3624 ἰνυπῆρχον
812 3558 864 3615 τοῖς
882 3553 1034 3626 πράγμασιν.
1077 3552 1123 3606 πδν
1139 3552 1181 3605 καί
1196 3551 1238 3614 τάς
1255 3551 1336 3613 λύσεις
1352 3554 1395 3604 τοῦ
1412 3538 1530 3622 μηδαμῶς
1543 3549 1666 3620 Αἰσχίνην
1681 3548 1853 3616 ἐξηπατῆσθαι.

255 3635 332 3691 TCV.
457 3649 465 3669 ν
1076 3632 1184 3702 Αέγομεν
1198 3629 1352 3691 δὲπολλάκις
1366 3627 1652 3700 θτιπᾶνχρῶμαίκτῆς
1664 3630 1707 3680 τοῦ
1719 3625 1856 3679 ἀκολούθου

295 3711 452 3785 Ἆνήκεστον]
466 3713 536 3774 Αύσις
547 3716 590 3766 τοῦ
603 3712 734 3782 χρώματος
746 3714 790 3764 τοῦ
804 3711 863 3783 πρδς
874 3711 916 3774 εἰς
928 3710 1034 3783 ἐπαγγε-
1077 3708 1229 3777 ἀπαιτήσεως
1246 3709 1339 3764 λύεται.
1355 3706 1385 3760 Εί
1408 3705 1558 3774 ἐξηπατήθη,
1581 3704 1716 3776 ἀναγκαῖον
1734 3700 1763 3771 ήν
1779 3705 1854 3758 αδτδν

255 3788 319 3851 λίας.
337 3791 411 3843 Am).
1077 3795 1157 3860 μισεῖν
1171 3790 1213 3842 τδν
1226 3788 1406 3855 ἐξηπατηκότα·
1428 3785 1495 3839 ἀλλὰ
1514 3783 1562 3856 μὴν
1577 3783 1605 3837 οὗ
1621 3786 1691 3855 μισεῖ
1705 3784 1747 3836 τδν
1760 3783 1854 3837 Φίλιπ-

293 3871 355 3938 372,
368 3887 412 3925 αα,
427 3868 486 3923 Ὅτι
498 3869 540 3939 μὲν
554 3868 634 3921 τοίνυν
649 3866 770 3938 αἰσχρῶς]
785 3866 890 3920 Πολλῶν
900 3867 989 3933 ὄντων,
1001 3869 1034 3931 ὡς
1076 3888 1132 3933 πον,
1146 3868 1189 3922 οἰκ
1203 3868 1251 3939 ἀρα
1265 3867 1413 3935 ἐξηπατήθη.
1450 3865 1546 3935 Διαιρεῖ
1560 3863 1586 3917 δὲ
1602 3863 1633 3917 τίι
1645 3861 1687 3916 ἀπ’
1704 3861 1781 3932 ἀρχῆς
1794 3862 1855 3933 ἀχρι

258 3945 360 4019 ἔφαμεν,
381 3949 516 4019 τεκμηρίων
541 3946 603 3999 κατὰ
626 3943 671 4012 τήν
692 3945 815 4011 θπήθεσιν,
839 3945 919 3999 σιἰδενί
940 3948 1033 4002 τούτων
1075 3948 1160 4010 τέλους
1182 3946 1215 4009 εἰς
1231 3946 1309 4008 αἰτίας
1325 3946 1415 4007 διττάς.
1452 3942 1574 4014 Εἴρηκας,
1604 3941 1724 4012 Αἰσχίνη,
1745 3942 1761 4007 ή
1782 3940 1855 4004 αδτδς

255 4026 477 4089 σύτωςίίδστεταῖς
488 4023 644 4096 ἐπαγγελίαις
657 4023 698 4076 καί
710 4029 764 4086 ταῖς
780 4023 925 4096 ἀποσχέσεσι
937 4027 1032 4096 διῖσχυ-
1075 4028 1202 4088 πιστεύσας
1221 4032 1257 4097 τῷ
1274 4026 1398 4078 Φιλίππου
1423 4024 1522 4094 τρόπῳ,
1548 4023 1586 4076 θτι
1612 4022 1713 4082 Φωκέας
1729 4022 1815 4085 σώσει,
1837 4022 1854 4087 ἡ

255 4106 372 4174 ρίζεσθαι.
412 4103 557 4175 Ἀναγκαίως
575 4097 618 4156 σύν
643 4102 745 4156 ἐνταῦθα
766 4103 852 4158 λοιπδν
877 4103 936 4157 ωλτθ
959 4124 985 4157 τε
1004 4107 1032 4160 τί)
1075 4105 1205 4177 διαρρήδην
1224 4104 1326 4166 ἀκούσας
1340 4107 1384 4156 τοῦ
1401 4103 1527 4156 Φιλίππου
1541 4101 1666 4173 λέγοντος.
1703 4098 1734 4153 Εἰ
1749 4099 1793 4170 μέν
1807 4095 1854 4153 οδν

255 4183 387 4253 τεκμήριον
402 4183 520 4253 προτείνει
538 4181 579 4235 καί
590 4180 634 4247 τήν
647 4181 767 4235 ἀντίθεσιν
778 4181 822 4249 τήν
835 4182 893 4253 πρδς
907 4182 965 4236 αθεδ
984 4185 1032 4246 θείς
1075 4184 1166 4245 ἐκεῖνος
1184 4183 1333 4251 ἐξηπάτησε,
1348 4181 1439 4242 δίκαιος
1456 4180 1503 4234 ύπδ
1520 4184 1564 4234 σοῦ
1582 4181 1716 4252 μισεῖσθαι·
1733 4177 1755 4231 εἰ
1769 4178 1795 4231 δέ
1808 4178 1854 4231 ισδ·

255 4258 322 4313 λθειν
342 4264 461 4332 πειρᾶται.
498 4259 533 4313 θθ
554 4258 602 4331 μὴν
620 4261 724 4315 τέθεικεν
745 4260 821 4322 ούτως
838 4259 865 4314 ἐκ
882 4265 925 4315 τοῦ
939 4280 1032 4331 προφα·
1074 4262 1114 4325 τδς
1129 4261 1277 4329 ἐξηπατήθης
1289 4258 1416 4321 πιστεύσας
1434 4258 1715 4332 τῷΦιλίππουτρόιαμ,
1731 4255 1772 4310 καί
1790 4256 1854 4310 κατίι

256 4343 325 4405 νοῦς,
344 4340 377 4402 ὡς
392 4338 417 4393 ἐν
432 4340 574 4402 ἀντιθέσεως
583 4338 656 4406 εἰδει,
674 4338 794 4406 ἀλλάτήν
805 4339 874 4392 λύσιν
887 4338 992 4411 εἰσάγων
1002 4339 1031 4393 τδ
1074 4346 1146 4394 τοῦτο
1165 4339 1190 4393 εἰ
1205 4339 1322 4409 πολεμεῖν
1339 4338 1449 4399 δίκαιος·
1472 4336 1500 4390 οὗ
1513 4337 1561 4409 γάρ
1584 4336 1657 4407 ἐφάνη
1677 4339 1784 4398 τοιοῦτος
1797 4330 1853 4390 οίον

253 4419 491 4569 νεικείων
506 4419 567 4565 ,ἓν
581 4418 1032 4571 ιίιλνιῑιξνκκένι
1073 4407 1854 4569 ’ίθείειὲκνγγῑῑκῑκείν

251 4593 298 4628 που
310 4579 389 4629 ταῦτα
402 4575 507 4647 εἰρηκει,
523 4576 587 4629 οθτω
604 4577 646 4630 καί
658 4577 729 4640 αδτδς
742 4577 880 4648 συντρέχων
891 4576 973 4646 φησίν,
987 4575 1028 4630 ἐὰν
1072 4596 1132 4642 πον,
1146 4575 1201 4630 οθδί
1215 4573 1263 4647 μὴν
1276 4574 1317 4627 διά
1329 4581 1377 4629 τῶν
1386 4575 1465 4648 ἔργων
1480 4579 1552 4629 τοῦτο
1564 4573 1695 4636 ἐπέδειξας·
1709 4571 1852 4625 τοδναντίον

252 4653 322 4708 ταῦθ’
342 4652 411 4719 ούτσς
428 4656 468 4710 ὕπ’
492 4654 631 4727 ἀθελτερίας
652 4661 716 4728 φανῇ
738 4656 903 4726 πεπραγμένα.
928 4654 963 4707 Οθ
981 4654 1029 4726 γάρ
1073 4654 1099 4707 δέ
1113 4655 1155 4708 καί
1168 4654 1226 4725 ύπέρ
1244 4652 1336 4707 ἐκείνου
1354 4654 1442 4725 λέγεις.
1480 4654 1535 4716 ίίῶς
1555 4647 1598 4705 οὖν
1612 4651 1775 4718 ἐξηπατήθης,
1793 4649 1853 4721 ούχί

254 4733 337 4798 άπλῶς
353 4736 515 4807 παραδέχεται
532 4735 574 4788 τὀν
593 4737 648 4807 παρ’
661 4735 779 4805 Αἰσχίνου
794 4734 882 4803 λόγον,
906 4732 971 4784 ἀλλά
984 4732 1029 4799 τήν
1071 4732 1098 4785 δέ
1109 4733 1226 4804 χρήματα
1238 4732 1322 4785 λαθὼν
1339 4733 1437 4795 τούτους
1450 4732 1550 4803 προήκω
1561 4729 1616 4792 τους
1627 4729 1735 4802 λδγουςς
1748 4728 1852 4791 άξιονδέ

253 4813 294 4866 διὰ
313 4821 361 4868 τῶν
377 4816 527 4885 πραγμάτων
554 4815 631 4885 μάνην
656 4812 765 4875 ἐπίδειξιν
786 4812 909 4879 ἐπιζητεῖ·
929 4811 954 4864 τί
966 4812 1027 4881 γάρς
1071 4815 1175 4879 ζητήσαι
1196 4811 1250 4882 περί
1265 4808 1301 4865 ὧν
1317 4808 1467 4881 Ἑρμογένης
1481 4809 1662 4880 ἐτεχνολθγησε
1680 4808 1735 4880 περί
1749 4813 1797 4861 τῶν
1807 4805 1864 4862 ἀπ’·

251 4893 334 4961 φησίν,
357 4915 369 4942 ε
386 4892 407 4945 εἰ
419 4894 488 4947 ταῦθ’
506 4892 553 4948 ἰεπδ
568 4891 733 4962 ἀύελτερίαςή
750 4893 781 4944 δι’
792 4891 900 4957 εδήθειαν
914 4890 972 4957 ἢδι’
983 4890 1029 4942 ἀλ·
1072 4888 1151 4960 ἀρχῆς
1170 4890 1228 4961 ἀχρι
1251 4889 1348 4950 τέλους·
1369 4887 1429 4941 Ἐὰν
1447 4889 1489 4959 μέν
1504 4888 1529 4943 ἐν
1552 4887 1637 4957 λύγοις
1650 4882 1683 4960 ᾖ,
1701 4883 1763 4938 κατίι
1775 4883 1849 4955 ρητδν

252 4992 264 5022 ε
280 4971 327 5039 λην
341 4972 443 5043 άγνοιαν
452 4970 564 5039 ἡντινοῦν
578 4971 657 5043 τούτῳ
666 4972 813 5041 πέπρακται,
831 4992 842 5019 ν
859 4968 913 5022 ἀντί
925 4975 974 5023 τῶν
985 4968 1027 5021 λδ·
1071 4966 1113 5019 καί
1123 4967 1232 5020 διάνοιαν
1254 4965 1354 5030 λύεται,
1370 4964 1411 5018 ἐίιν
1432 4964 1459 5018 δὲ
1473 4964 1497 5018 ἐν
1511 4964 1613 5029 πάθεσι,
1627 4966 1848 5032 συγγνωμονικῶς,

249 5066 301 5120 γων
313 5049 356 5112 τίς
367 5050 461 5121 πράξεις
473 5048 603 5117 ἐπιζητῶν,
615 5048 639 5110 ἐξ
654 5045 689 5102 ῶν
704 5049 729 5102 αί
739 5047 869 5110 ἀποδείξεις
882 5047 942 5101 εἰσίν
959 5047 1028 5118 ίσχυ-
1071 5043 1113 5098 ἐὰν
1127 5045 1154 5099 δέ
1175 5043 1200 5098 ἐν
1216 5044 1313 5117 ἔργοις,
1339 5045 1447 5108 θετικῶς,
1485 5044 1627 5115 Εύρήσομεν
1650 5043 1675 5095 δὲ
1694 5040 1741 5095 ἀπδ
1759 5046 1806 5093 τῶν
1822 5038 1848 5093 ἐν

251 5127 300 5195 ραί.
338 5128 385 5181 Καί
406 5127 479 5181 πάλιν
501 5127 587 5203 ὀλίγον
601 5127 726 5198 προελθὼν
748 5125 838 5193 είςῇν
856 5125 931 5193 αἰιτίγν
957 5126 1027 5180 λύσιν
1070 5126 1155 5197 λόγοις
1168 5125 1304 5195 δντωνοδχ
1317 5124 1422 5196 θγιὲςδν
1435 5124 1464 5178 τδ
1479 5126 1603 5195 θεώρημα.
1644 5120 1733 5189 Ῥητδν
1745 5118 1787 5191 μίν
1799 5121 1849 5191 γάρ

249 5203 332 5275 ἐπάγει
347 5229 357 5261 ι
371 5205 427 5258 ἀλλ’
436 5206 505 5279 θμεῖς
513 5207 583 5278 άρετε
593 5205 700 5280 Αἰσχίνη
709 5205 739 5260 τά
750 5206 817 5261 δεινὰ
828 5209 904 5260 ταῦτα
912 5206 953 5259 καί
960 5205 1029 5278 ὓπερ·
1071 5205 1121 5259 ἐστι
1133 5210 1176 5259 τοῦ
1191 5204 1328 5277 Αἰσχίνου,
1350 5206 1388 5257 ὅτι
1405 5203 1557 5271 σωθήσονται
1576 5201 1599 5255 οἱ
1620 5201 1724 5261 Φωκεῖς.
1762 5199 1846 5252 Τοῦτο
