3967 5967
253 418 311 469 572
794 411 936 472 ΣΧΟόίλ
959 412 1024 472 ΕΙΣ
1044 413 1307 474 ΔΗΜΟΣΘΕΝΗΝ

241 543 315 592 νατοῦ
330 542 565 606 κατασκευάζοντος,
585 541 619 603 ῶς
638 539 687 611 χρὴ
710 541 827 611 μηδαμῶς
847 541 964 612 ὀρρωδεῖν
978 542 1022 596 τὀν
1075 566 1085 593 ι
1103 545 1186 614 ἀνδρες
1202 543 1333 611 Ἀθηναῖοι,
1347 543 1389 597 τδν
1406 542 1531 597 Φίλιππον
1542 541 1605 612 δρῶν
1623 542 1770 613 εύτυχυῦντα
1781 543 1860 613 φοῦε·

242 620 361 689 πόλεμον.
401 619 518 673 Εἰσέθαλε
537 620 564 674 δέ
581 620 683 691 μετάτδ
699 621 827 691 προοίμιον
841 620 873 682 εἰς
891 619 935 686 τὴν
950 621 1022 692 ἔργα·
1073 623 1141 693 ιρδν
1164 622 1229 676 εἶναι
1249 626 1291 676 καί
1303 623 1487 694 δυσπολέμητον
1508 624 1604 693 νομίζει
1621 624 1665 693 (p.
1688 625 1748 687 156,
1773 625 1856 695 7).-

241 700 296 751 σίαν
307 704 349 752 τοῦ
364 701 469 770 νομίμου
480 700 620 770 κεφαλαίου·
632 702 647 751 δ
665 696 694 765 δή
707 699 748 750 καί
759 700 880 769 λαμύάνει
894 700 952 769 πρὸς
962 698 1024 753 ἀπό·
1073 702 1135 771 ίίρδς
1148 702 1174 755 δέ
1190 707 1262 755 τοῦτο
1276 703 1317 754 καί
1331 701 1371 753 διά
1394 704 1466 754 τοῦτο
1487 700 1608 771 έγύμνασε
1622 701 1663 752 καί
1678 700 1706 753 ού
1719 700 1859 765 καθεῖλεν,

241 777 312 839 δειξιν
331 783 374 830 τοῦ
391 780 494 830 δυνατοῦ
505 777 552 833 ἀπδ
570 779 659 845 ταύτης
681 782 724 843 τῆς
741 777 827 838 λέξεως
839 783 1020 847 στοχαστικῶς·
1072 777 1152 844 ἐπειδὴ
1176 780 1281 833 πλεῖστα
1302 779 1368 850 αύτῷ
1383 777 1565 848 συμῦάλλεται·
1590 774 1788 846 προκατασκευὴν
1809 777 1862 847 γὰρ

247 863 369 927 ιπρῶτον
385 856 428 928 μέν
448 857 586 929 γάρείκδς,
601 853 623 911 ὦ
638 858 722 927 ἀνδρες
737 855 874 923 Ἀθηναῖοι,
888 856 944 918 τοδς
957 857 1026 918 θεούς
1072 862 1116 911 τοῦ
1128 860 1232 910 δυνατοῦ
1244 864 1292 911 τῶν
1307 857 1439 926 Ἀθηναίων
1452 856 1515 926 ἔχει.
1554 853 1862 922 ίίαἰήκατασκευὴδέτῆς

249 961 259 981 ι
278 936 406 1007 μεγίστους
437 936 498 1007 ἡμῖν
530 937 648 1008 ύπάρχειν
671 937 814 1007 συμμάχους
843 935 885 987 καί
924 937 1025 1005 βοηθούς
1074 936 1215 999 ἀντιθέσεως
1229 937 1271 989 ούκ
1287 929 1479 1004 έστινάύξητικὴ
1494 938 1537 988 τοῦ
1548 936 1707 987 δυνατοῦτεῦ
1719 934 1859 999 Φιλίππου,

243 1020 287 1084 (p.
310 1016 370 1081 153,
391 1021 430 1082 1)·
446 1021 542 1071 »τοῦτο
561 1017 588 1069 δέ
601 1016 704 1087 ύπάρχει
717 1012 850 1080 κατασκευή
865 1019 908 1067 τοῦ
921 1016 1025 1067 δυνατοῦ
1074 1016 1131 1068 ἀλλ’
1152 1017 1225 1082 αὐτῆς
1247 1020 1290 1082 τῆς
1302 1018 1430 1087 δυνάμεως
1447 1018 1490 1081 τῆς
1512 1015 1588 1084 τύχης
1604 1012 1669 1066 ἐστίν
1689 1012 1803 1078 αύξητικὴ
1817 1014 1863 1065 καὶ

242 1091 291 1146 ἀπδ
305 1099 348 1146 τοῦ
365 1096 471 1166 νομίμου
484 1095 645 1167 λαμῦάνουσα
660 1093 704 1161 τήν
720 1095 848 1157 σύστασιν,
861 1096 925 1148 ὥστε
938 1094 966 1147 τδ
982 1094 1024 1164 μὲν
1073 1100 1116 1161 τῆς
1129 1096 1193 1167 παρά
1208 1100 1251 1148 τοῦ
1263 1096 1390 1166 δαιμονίου
1406 1094 1491 1165 ῥοπῆς.
1528 1093 1573 1145 Διά
1587 1096 1659 1146 τοῦτο
1676 1091 1703 1144 δὲ
1721 1091 1765 1158 τὴν
1778 1093 1860 1162 τύχην

243 1174 346 1229 δυνατδν
359 1175 425 1228 εἶναι
442 1178 470 1230 τδ
492 1179 748 1247 κατασκευαζόμενον,
768 1174 809 1227 διά
824 1175 850 1229 δέ
860 1178 904 1227 τοῦ
921 1176 1026 1245 νομίμου
1073 1176 1160 1243 ηὔξησε
1176 1177 1217 1229 καί
1235 1175 1280 1243 τήν
1295 1177 1351 1246 παρ’
1371 1174 1463 1241 ἐκείνης
1476 1172 1570 1244 ῥοπήν,
1588 1174 1632 1225 ἵνα
1651 1171 1746 1242 μᾶλλον
1761 1172 1790 1225 τὸ
1808 1177 1860 1224 τῶν

244 1252 287 1315 τάς
307 1254 437 1317 ἀποδείξεις
454 1256 527 1310 αύτοῦ
543 1257 754 1325 συμπεραίνεσθαι.
793 1255 906 1325 Νόμιμον
929 1255 955 1307 δέ
975 1254 1027 1307 ἰστι
1047 1289 1051 1322 ,
1077 1253 1208 1322 Ἀθηναίων
1223 1255 1325 1309 δυνατδν
1341 1254 1440 1320 αὔξησιν
1451 1252 1532 1324 λάόη·
1549 1253 1601 1323 ύσιμ
1615 1251 1664 1321 γάρ
1677 1252 1706 1303 ἀν
1719 1250 1811 1321 αύξηθῇ
1827 1250 1860 1303 τά

244 1333 274 1385 τδ
289 1332 412 1404 ἔγγραφον
423 1334 527 1389 δίκαιον.
565 1334 752 1405 Παρατηρητέον
771 1333 798 1385 δέ
816 1332 985 1397 κάκεῖνο,ύτι
1001 1331 1026 1382 αἰ
1072 1337 1115 1399 τῆς
1128 1335 1204 1404 τύχης
1215 1334 1256 1386 καί
1270 1335 1322 1406 θσῳ
1342 1336 1371 1386 ἀν
1386 1331 1522 1403 ἀποδειχθῇ
1541 1331 1603 1401 μετά
1617 1337 1664 1384 τῶν
1688 1329 1820 1397 Ἀθηναίων
1842 1332 1859 1398 ἡ

154 1404 170 1447 ἶ
245 1410 316 1463 αύταί
329 1412 460 1475 ἀποδείξεις
473 1412 520 1466 εἰσί
535 1412 667 1483 πολλαχοῦ
680 1417 723 1466 τοῦ
736 1431 762 1465 τε
778 1413 881 1465 δυνατοῦ
901 1412 1026 1466 Φιλίππου
1073 1414 1152 1482 τύχη,
1174 1414 1284 1484 τοσούτῳ
1306 1413 1402 1484 μᾶλλον
1421 1411 1463 1464 καί
1479 1411 1509 1465 τδ
1532 1416 1580 1463 τῶν
1607 1409 1737 1476 Ἀθηναίων
1753 1411 1859 1463 δυνατδν

247 1491 301 1562 [καὶ
315 1497 357 1545 τοῦ
367 1499 415 1545 τῶν
429 1491 683 1562 λθηναίων],πῆμέν
694 1491 932 1563 μεμιγμέναι,πῆδέ
946 1511 1025 1561 κεχω-
1074 1490 1229 1563 ἰσχυρότερον
1252 1495 1374 1563 φανεῖται.
1412 1491 1476 1561 Πρός
1494 1494 1581 1543 τοῦτον
1608 1486 1651 1542 σύν
1673 1490 1715 1542 τδν
1741 1491 1860 1560 περὶτῆς

245 1574 364 1643 ρισμέναι.
406 1570 441 1624 Ἡ
453 1574 537 1642 πρώτη
552 1576 612 1641 γοῦν
624 1571 706 1625 ἔννοια
719 1571 793 1638 διπλῆ
805 1572 847 1623 καί
858 1568 902 1635 τήν
914 1571 1025 1640 καθαίρτ·
1072 1572 1148 1641 τύχης
1164 1570 1259 1643 λόγον,
1279 1569 1343 1643 ένῷ
1364 1570 1533 1625 ἀποδείκνυται
1553 1566 1621 1633 θτιή
1641 1567 1772 1634 Ἀθηναίων
1787 1569 1860 1631 πόλις

245 1670 283 1703 σιν
296 1656 436 1721 παριστῶσα
452 1654 495 1703 τοῦ
505 1650 631 1704 Φιλίππου
644 1651 746 1704 δυνατοῦ
760 1650 802 1702 καὶ
814 1647 859 1714 τήν
876 1648 973 1716 αύξησιν
983 1654 1027 1703 τοῦ
1073 1650 1249 1723 εύτυχεστέρα,
1263 1651 1390 1705 ἀντέπεσεν
1408 1649 1577 1718 ἀνθυποφορά·
1597 1670 1608 1697 ι
1624 1647 1649 1700 τί
1666 1648 1721 1700 ποτ’
1736 1643 1779 1701 οθν
1792 1648 1859 1702 ἐκεῖ·

245 1736 293 1783 τῶν
309 1729 437 1798 Ἀθηναίων
451 1731 563 1784 δυνατοῦ.
606 1728 637 1781 Ἥ
655 1729 681 1783 δέ
693 1731 790 1800 δευτέρα
804 1728 900 1791 έννοια,
914 1723 943 1795 ής
959 1729 1028 1799 ήάρ-
1076 1750 1145 1793 ινος
1161 1729 1186 1783 ἰν
1200 1732 1356 1803 τῷπροτέριρ
1368 1729 1470 1799 πολέμῳ
1489 1726 1567 1780 πλείω
1584 1728 1744 1798 κατώρθωσεν
1767 1725 1856 1797 mu

245 1809 281 1879 χή
289 1830 293 1839 ·
314 1832 325 1857 ιι
341 1807 415 1862 ἔπειθ’
429 1805 467 1870 οίς
480 1810 596 1878 πρότερον
609 1806 700 1874 ηύξήθη
717 1809 850 1878 φενακίζων
860 1805 898 1860 ἀεί
910 1807 976 1870 τινάς
986 1809 1027 1860 καί
1076 1832 1087 1858 ι
1104 1812 1148 1880 (p.
1168 1810 1227 1875 156,
1242 1813 1308 1878 22);
1324 1832 1335 1859 ιι
1348 1809 1438 1875 ταύτην
1454 1807 1525 1859 έλυσε
1538 1812 1574 1877 τῷ
1587 1807 1746 1877 συμφέροντι,
1760 1810 1803 1871 τῆς
1815 1806 1860 1876 ῥᾳ-

249 1912 259 1937 ι
278 1887 375 1959 μεγάλα
387 1885 785 1957 ἐπαγγειλάμενοςεὐεργετήσεινν
799 1886 939 1955 μίχριτοῦι
952 1886 1028 1939 ἀπαν-
1074 1890 1159 1960 θυμίας
1169 1895 1312 1959 κατηγορῶν
1322 1887 1363 1941 καί
1376 1891 1418 1954 τῆς
1430 1888 1511 1952 δεινῆς
1527 1884 1612 1955 ἀργίας
1624 1885 1666 1937 καί
1681 1883 1814 1948 έκλύσεως,
1827 1888 1861 1952 ἢν

250 1987 319 2027 ιτας
327 1965 460 2036 ύφορᾶσθαι
475 1964 516 2017 καί
532 1965 704 2031 διαύεόλῆσθαι
718 1965 777 2035 πρδς
791 1963 881 2029 αύτόν,
899 1986 909 2013 ιι
930 1965 1027 2035 μᾶλλον
1074 1967 1248 2021 ἐπιδείκνυνται
1270 1967 1294 2020 έν
1313 1968 1365 2028 τοῖς
1382 1967 1509 2035 πράγμασι
1537 1962 1668 2033 μέλλοντες
1690 1963 1732 2015 καὶ
1750 1964 1861 2034 καθήμε-

249 2048 291 2118 μέν
304 2046 358 2117 ἔχει
369 2045 413 2111 τήν
429 2045 548 2107 ἀπόδειξιν
564 2050 606 2112 τῆς
620 2046 782 2116 καθαιρέσεως
798 2048 841 2098 τοῦ
860 2047 964 2099 δυνατοῦ
984 2050 1028 2099 τοῦ
1074 2066 1112 2099 νοι
1126 2047 1168 2099 καί
1186 2048 1345 2118 ψηφιζόμενοι
1366 2045 1408 2098 καί
1431 2044 1618 2109 πυνθανόμενοι.
1657 2040 1721 2095 Hm
1742 2042 1859 2113 ἐτρέψατο

248 2126 405 2188 Μακεδόνος,
428 2126 600 2194 συνθεωρεῖται
619 2125 646 2177 δέ
659 2124 700 2177 καὶ
717 2125 745 2177 τδ
762 2125 865 2177 δυνατδν
883 2130 931 2178 τῶν
959 2124 1028 2191 Ἀθη·
1074 2124 1113 2179 ἐπὶ
1135 2126 1163 2179 τδ
1186 2125 1289 2197 αίσχρδν
1307 2125 1348 2179 καί
1363 2125 1392 2177 τδ
1416 2122 1502 2185 ἀδοξυν
1525 2123 1595 2193 μέρος
1613 2125 1657 2175 τοῦ
1678 2123 1857 2192 συμφέροντος,

248 2205 332 2257 ναίων.
374 2203 405 2256 Ἦ
427 2202 453 2256 δί
469 2205 537 2273 τρίτη
554 2203 651 2268 ἔννοια,
674 2227 684 2252 ι
707 2202 744 2256 έτι
756 2204 852 2267 τοίνυν,
873 2203 901 2255 ού
914 2202 962 2274 γίιρ
974 2223 1029 2274 σμι·
1074 2204 1096 2257 εἰ
1107 2204 1133 2258 δέ
1154 2205 1237 2274 βούλει
1250 2210 1292 2258 τοῦ
1313 2203 1465 2275 ἀσυμφόρου·
1481 2201 1586 2253 «καίτοι
1602 2200 1626 2253 τί
1646 2200 1736 2271 γένοιτ’
1753 2201 1782 2251 ἀν
1797 2203 1859 2252 νεώ-

252 2284 354 2353 ικρδν,
369 2281 469 2335 οίκατά
485 2280 529 2348 τήν
553 2280 638 2335 Ἀσίαν
661 2284 780 2352 σατράπαι
794 2284 839 2354 (p.
861 2284 920 2348 153,
936 2287 998 2352 20),
1013 2308 1024 2329 ·
1078 2285 1210 2356 ιτερονή
1238 2285 1359 2338 Μακεδὼν
1390 2282 1452 2353 ἀνήρ
1480 2286 1637 2352 καταφρονῶν
1665 2279 1795 2347 Ἀθηναίων
1816 2280 1860 2333 καί

247 2366 301 2416 τοῖν
315 2364 382 2415 δυοῖν
398 2360 461 2414 ἰστιν
475 2360 646 2427 ἀποδεικτική,
662 2362 736 2416 πλέον
753 2363 796 2434 μὲν
811 2364 944 2433 έχουσατδ
963 2363 1024 2417 ἀπο-
1078 2365 1206 2436 ιτολμῶν
1240 2364 1370 2426 έπιστολάς
1399 2364 1501 2433 πέμπειν
1528 2361 1640 2421 τοιαύτας
1661 2360 1713 2421 οἵας
1738 2357 1861 2423 ἠκούσατε

248 2441 367 2495 δεικτικδν
379 2445 423 2494 τοῦ
436 2442 539 2493 δυνατοῦ
553 2446 600 2494 τῶν
621 2434 765 2508 Ἀθηναίων,
779 2442 991 2512 συνθεωρουμένην
1004 2442 1030 2495 δέ
1079 2468 1089 2494 ι
1107 2450 1185 2517 μικρῷ
1196 2446 1371 2515 πρότερονίρ.
1390 2444 1449 2513 157,
1467 2445 1509 2510 1).
1527 2463 1538 2491 ιι
1558 2438 1621 2494 Εἶτα
1633 2439 1752 2493 ἐπάνεισιν
1774 2438 1813 2492 ἀπὶ
1830 2440 1860 2492 τδ

248 2520 343 2587 καλιήν
357 2525 400 2575 τοῦ
419 2520 565 2588 Ἀθηναίων,
585 2524 796 2593 συνθεωρουμένην
817 2522 843 2574 δέ
861 2522 903 2575 καί
918 2521 963 2588 τήν
984 2527 1028 2576 τοῦ
1076 2523 1196 2585 δυνατδν,
1213 2522 1286 2575 πάλιν
1307 2521 1380 2582 τιθείς
1393 2518 1439 2585 τήν
1457 2521 1555 2588 πρώτην
1573 2518 1643 2569 λύσιν
1661 2521 1705 2583 τῆς
1720 2516 1860 2589 ἀνθυποφο-

247 2603 373 2655 Φιλίππου
384 2602 531 2671 καθαίρεσιν.
547 2599 579 2653 ‘ss
591 2602 616 2655 δέ
627 2604 727 2672 τετάρτη
740 2602 839 2661 ἔννοια,
854 2626 865 2647 ι
879 2603 937 2672 πρός
949 2603 1030 2655 τοίνυν
1077 2604 1131 2671 ροῖς,
1144 2602 1185 2653 καί
1196 2599 1240 2667 τὴν
1254 2600 1333 2653 αἰτίαν
1343 2600 1477 2654 ἀποδίδωσι
1488 2599 1519 2650 δι’
1529 2598 1559 2665 ήν
1574 2595 1666 2657 ἐκεῖνος
1676 2595 1718 2666 μίν
1730 2597 1858 2666 κατορθοῖ,

248 2682 341 2742 τούτοις
358 2679 509 2745 τηλικούτοις
522 2673 590 2731 ούσιν
609 2679 652 2732 ούκ
670 2679 740 2749 «ἐρῶ
752 2681 795 2749 μέν
810 2682 855 2749 (p.
873 2680 932 2742 154,
949 2681 996 2748 3),
1015 2703 1026 2731 ι
1076 2680 1173 2746 ἡπόλις
1184 2681 1210 2734 δέ
1228 2681 1354 2751 ούδαμῶς·
1372 2680 1413 2732 καί
1426 2682 1501 2733 τόπον
1518 2680 1624 2731 ποιεῖται
1637 2675 1700 2729 κατά
1721 2682 1769 2729 τῶν
1785 2676 1860 2747 ῥητό-

249 2757 364 2826 εῖληπται
377 2757 418 2809 καί
433 2756 493 2823 αύτή
508 2757 555 2812 ἀπδ
569 2763 612 2811 τοῦ
625 2758 708 2812 ἀδίκου
726 2760 784 2830 πρδς
797 2757 841 2824 τήν
862 2757 936 2824 αύτίην
958 2780 1031 2813 κατα·
1076 2780 1140 2831 ρων,
1154 2760 1335 2832 ἐνδεικνύμενος
1354 2761 1393 2813 ότι
1412 2759 1453 2811 διά
1466 2758 1564 2819 τούτους
1582 2755 1675 2818 ἐκεῖνος
1695 2758 1821 2827 κατορθοῖ·
1842 2757 1859 2823 ἡ

249 2837 336 2903 σκευήν
353 2841 395 2903 τῆς
406 2838 566 2909 καθαιρέσεως
582 2838 707 2891 Φιλίππου
723 2838 765 2890 καί
778 2838 914 2899 συστάσεως
926 2841 968 2904 τῆς
981 2845 1030 2892 τῶν
1076 2838 1146 2900 πόλις
1166 2839 1192 2892 δὲ
1207 2839 1274 2892 οῦδὲν
1292 2844 1340 2892 τῶν
1356 2836 1448 2892 ἐκείνου
1467 2837 1617 2908 πραγμάτων
1633 2836 1770 2896 στασιάζειν
1783 2854 1861 2905 παρα·

253 2916 385 2984 Ἀθηναίων
396 2916 488 2988 ῥώμης,
530 2915 560 2970 ‘H
573 2918 599 2970 δέ
610 2919 705 2989 πέμπτη
719 2917 816 2981 ἔννοια,
834 2938 845 2965 ι
860 2916 901 2968 καί
912 2918 1031 2980 πολλάκις
1077 2918 1196 2979 σκευάζει.
1233 2916 1297 2970 Εἶτα
1316 2917 1446 2987 πληρώσας
1460 2916 1503 2977 τὰς
1515 2915 1596 2976 λύσεις
1615 2918 1659 2980 τῆς
1676 2913 1857 2985 ἀνθυποφορᾶς,

250 2994 352 3067 εύρίσκω
365 2995 526 3066 λογιζόμενος
537 2999 585 3067 (p.
601 2997 660 3059 154,
680 2997 743 3062 13),
763 3016 774 3043 ιι
792 3001 933 3065 μονομερῶς
945 2997 1030 3048 καθαι-
1078 2997 1106 3058 ἀς
1122 2995 1221 3067 εἴληφεν
1236 2995 1263 3050 ἐκ
1275 2999 1319 3049 τοῦ
1332 2998 1492 3067 συμφέροντος
1506 2994 1547 3047 καί
1566 2998 1609 3048 τοῦ
1626 2995 1745 3058 δυνατοῦ,
1763 2995 1804 3046 καὶ
1819 2994 1859 3046 εύ-

249 3073 330 3147 ρετικὴ
343 3079 386 3128 τοῦ
401 3076 505 3129 δυνατοῦ
519 3075 661 3140 Φιλίππου,
681 3074 696 3140 ἣ
715 3075 769 3145 περὶ
789 3078 832 3140 της
846 3073 935 3136 οἰκείας
953 3073 1032 3145 ἀρχῆς
1077 3075 1192 3143 λαῦηθείς
1206 3074 1239 3146 μή
1256 3076 1329 3129 πάλιν
1354 3075 1394 3129 ἐπὶ
1410 3074 1454 3142 τήν
1468 3073 1564 3145 εἰρήνην
1578 3074 1702 3144 δράμωσιν
1722 3070 1858 3138 Ἀθηναῖοι,

250 3154 341 3219 αίιτοῦ,
355 3153 412 3223 ύπέρ
429 3147 457 3219 ής
471 3154 499 3207 τδ
514 3155 629 3223 θεώρημα
642 3152 702 3224 ήμῖν
715 3150 809 3222 είρηται
827 3151 852 3204 ἐν
866 3157 901 3223 τῷ
912 3153 1028 3224 δευτέρῳ·
1079 3155 1121 3206 καί
1133 3155 1268 3225 πρεσῦείαις
1279 3156 1441 3225 πειράσωνται
1456 3153 1569 3206 διαλῦσαι
1586 3152 1618 3206 τδι
1631 3152 1858 3222 παρακεκινημένα,

249 3234 281 3286 δι’
295 3236 325 3301 ἣν
339 3232 418 3287 αἰτίαν
432 3230 526 3303 είρηκεν
541 3229 615 3297 αύτήν
628 3231 653 3285 ἐν
671 3231 713 3302 μέν
726 3231 864 3301 προσθήκης
878 3231 943 3301 μέρει
955 3229 1031 3301 ῥοπὴν
1077 3233 1209 3305 ύπετέμετο
1220 3235 1261 3287 καί
1276 3234 1366 3301 ταύτην
1379 3232 1423 3300 τήν
1436 3234 1532 3287 ἔννοιαν
1545 3231 1618 3285 εἰπιύν
1631 3250 1636 3262 ·
1656 3228 1731 3295 τῶν,
1742 3226 1765 3283 ὦ
1776 3231 1861 3301 ἀνδρες

252 3313 335 3383 ἔχειν,
346 3310 421 3377 αἰνιήν
436 3312 463 3365 δὲ
476 3312 530 3364 καθ’
546 3308 620 3376 αύτὴν
635 3309 738 3376 ἀσθενῆ·
754 3312 827 3362 τοῦτο
840 3308 887 3379 γδρ
900 3310 1031 3381 τεκμήριον
1081 3333 1091 3362 ι
1116 3312 1254 3381 Ἀθηναῖοι,
1270 3311 1318 3384 χρὴ
1328 3313 1449 3375 λαῦόντας
1461 3312 1556 3366 ἔννοιαν
1566 3350 1574 3374 ,
1584 3309 1627 3363 καλ
1638 3308 1813 3379 λογισαμένους
1822 3309 1861 3360 ότι

250 3395 293 3457 τῆς
307 3390 430 3451 ἀσθενείας
443 3387 516 3454 αύτῆς
526 3386 608 3456 ἰστιν,
622 3388 681 3441 αύτδ
691 3388 719 3441 τδ
732 3385 793 3458 μετὰ
803 3386 904 3441 πολλῶν
918 3385 961 3458 μέν
972 3387 1031 3440 τολ·
1081 3414 1091 3441 ι
1112 3392 1166 3445 ούδέ
1180 3393 1215 3463 ἐφ’
1229 3392 1290 3464 ἡμῖν
1305 3392 1356 3446 έστι
1367 3391 1397 3446 τδ
1414 3393 1514 3463 φάσκειν
1536 3390 1606 3461 ἀγειν
1623 3388 1735 3459 εἰρήνην·
1750 3385 1796 3453 ήδη
1810 3387 1859 3458 γάρ

251 3472 310 3539 μᾶθι
325 3467 387 3520 κατὰ
399 3467 471 3537 μόνας
480 3465 507 3519 δέ
516 3463 549 3536 μθ
561 3466 656 3536 ῑθλμᾶθ
671 3466 851 3536 στρατεύεσθαί·
889 3465 952 3535 Πρὸς
960 3469 1033 3520 τοῦτο
1082 3493 1092 3520 ιι
1114 3469 1207 3533 ἐκεῖνος
1219 3473 1260 3525 καὶ
1273 3472 1450 3543 προηγόρευκεν
1467 3471 1481 3524 ό
1496 3469 1621 3530 Φίλιππος
1637 3468 1680 3521 τδν
1698 3467 1861 3537 πόλεμονκαὶ

249 3546 377 3600 ἀντέπεσεν
392 3544 439 3599 ἀπδ
453 3548 496 3610 τῆς
508 3541 619 3614 ἐργασίας
638 3543 721 3615 αύτῷ,
739 3543 804 3597 Ιλλλ’
825 3543 888 3606 εἰκδς
902 3544 1034 3615 χαίροντας
1082 3571 1092 3600 ι
1113 3553 1166 3614 τοῖς
1176 3550 1257 3623 ἰργοις
1267 3551 1395 3622 ἐξενήνοχε
1410 3556 1455 3624 (p.
1471 3551 1530 3620 157,
1542 3568 1573 3619 17
1584 3550 1604 3623 ).
1622 3573 1632 3598 ι
1647 3549 1728 3601 Ταῦτα
1738 3549 1784 3619 γάρ
1794 3547 1860 3601 ἔστιν
1895 3536 1901 3545 ’

250 3624 1029 3697 ΜακεὸθθαςῑῦῗςΥῑθθμάθῡῑςπρῦθῦμωςσδμπράῖῑῑῑνψῑλίππῳ·
1082 3627 1274 3700 ἀπομαχομένου
1297 3633 1356 3702 πρδς
1375 3629 1469 3698 έκείνην
1493 3628 1538 3694 τήν
1554 3628 1666 3691 ἔννοιαν,
1686 3628 1725 3680 δτι
1742 3626 1800 3688 ἴσως
1822 3627 1861 3680 οὗ·

250 3708 323 3757 τοῦτο
335 3702 420 3756 ἔλυσεν
431 3701 513 3756 εἰπών·
529 3725 540 3751 ιι
555 3700 588 3774 μὴ
599 3702 646 3774 γάρ
657 3700 878 3773 οἴεσθε,ὦάνδρες
894 3702 1031 3770 Ἀθηναῖοι,
1079 3710 1143 3763 δέπω
1160 3709 1292 3776 λέλυταιή
1319 3709 1420 3780 εἰρήνη,
1441 3710 1482 3762 καὶ
1497 3710 1599 3761 δυνατόν
1619 3706 1669 3760 ἐστι
1689 3705 1802 3758 διαλῦσαι
1818 3706 1860 3767 τάς

253 3806 264 3833 ι
281 3786 333 3845 τοῖς
347 3782 428 3843 αὗτυῖε
441 3782 534 3853 χαίρειν
546 3783 764 3853 τούετεάρχυντάε
774 3802 801 3836 τε
814 3780 1033 3853 καὶτοδεάρχομε·
1079 3786 1181 3858 όποψίας
1201 3789 1297 3850 ταύτας.
1338 3787 1468 3859 Ἐπήγαγε
1485 3788 1512 3841 δὲ
1529 3787 1602 3855 πάλιν
1617 3786 1645 3838 τό
1665 3784 1766 3838 δυνατόν
1786 3784 1859 3839 εῖπθν

251 3882 306 3924 νους
320 3863 367 3935 (p.
383 3861 450 3925 154,
466 3863 528 3930 13).
547 3883 558 3911 ν
577 3860 698 3928 Ἕκτη,ή
712 3863 823 3933 περὶτῶν
842 3861 973 3934 ἡγεμόνων
984 3868 1033 3915 τῶν
1083 3888 1093 3915 ι
1115 3868 1217 3937 μηδενός
1243 3868 1284 3938 μέν
1303 3869 1426 3937 φείδεσθαι
1446 3867 1508 3937 μήτε
1522 3872 1571 3919 τῶν
1585 3865 1710 3934 δημοσίων
1731 3865 1792 3934 μήτε
1809 3871 1859 3917 τῶν

250 3944 334 4007 ξένων,
344 3939 453 4007 καλαύτή
464 3940 619 4011 καθαιρετικὴ
629 3946 671 3995 τοῦ
683 3943 786 3995 δυνατοῦ
797 3941 932 3995 Φιλίππου.
969 3941 1034 3995 Εἶτα
1082 3967 1093 3995 ι
1116 3945 1192 4002 ἰδίων.
1209 3968 1220 3994 ιι
1237 3944 1302 4000 Εἶτα
1316 3946 1397 4016 ἑτέραν
1406 3945 1479 3999 πάλιν
1495 3944 1534 3999 ἐπί
1547 3945 1639 4006 τούτοις
1653 3941 1795 4013 έπελογικὴν
1804 3942 1861 3996 ἰιπύκ

251 4021 378 4090 ἰπειδήπερ
389 4018 524 4090 παράδοξον
542 4018 638 4071 ἔννοιαν
653 4018 723 4083 εἶπε,
739 4020 780 4072 καὶ
795 4018 835 4071 διὰ
849 4022 922 4072 τοῦτο
944 4020 1033 4089 σχεδδν
1080 4044 1146 4078 νοιαν
1160 4024 1293 4096 ἀνῄρηκεν·
1319 4025 1393 4078 ‘Am
1410 4026 1563 4095 δυνησόμεθα
1577 4023 1618 4075 διὰ
1632 4029 1680 4076 τῶν
1694 4022 1765 4083 ξένων
1787 4022 1859 4075 αδτδν
1915 4032 1917 4035 ’

251 4100 368 4154 ἀπίθανον
376 4099 401 4154 έν
413 4104 450 4170 τῷ
463 4098 517 4169 περὶ
530 4103 578 4151 τῶν
593 4097 665 4159 ξένων
675 4098 754 4169 λόγῳ,
766 4099 804 4150 ότι
818 4097 848 4150 τά
861 4097 1032 4169 μάλιστασκο-
1080 4102 1226 4174 ἀμύνασθαι.
1263 4104 1359 4170 Ταύτην
1379 4102 1412 4174 μή
1434 4104 1481 4165 θείς
1503 4103 1588 4155 ἔλυσεν
1616 4100 1703 4155 εἰπών·
1728 4099 1789 4171 «μή
1812 4100 1860 4172 γάρ

251 4182 405 4251 ρακίζονται,
424 4179 494 4241 αύτδς
504 4179 590 4232 ἑαυτοῦ
600 4179 702 4232 έλάύετο
721 4178 762 4232 καί
778 4179 866 4250 ᾔσθετο
875 4181 918 4244 τῆς
926 4178 1033 4247 παραδό-
1083 4204 1093 4231 ι
1113 4183 1224 4255 θπολάόη
1245 4203 1280 4246 τις
1301 4183 1369 4253 δρῶν
1389 4183 1420 4234 δι’
1434 4181 1469 4236 ὧν
1483 4181 1579 4254 ἐγένετο
1596 4181 1627 4234 τὰ
1641 4183 1772 4252 πράγματα
1784 4182 1860 4250 χείρω

252 4259 401 4322 ξουέννοίας.
422 4259 513 4312 ’Έλοσε
526 4262 587 4327 γοῦν
602 4258 687 4320 εύθέως
697 4257 866 4313 εἰπών·ικαί
876 4257 968 4317 τούτοις
981 4254 1033 4308 ούδ’
1082 4284 1093 4309 ι
1114 4265 1157 4327 τῆς
1178 4261 1287 4325 πόλεως,
1317 4261 1357 4313 διὰ
1384 4261 1476 4314 τούτων
1502 4260 1563 4313 αὐτὰ
1590 4259 1663 4313 πάλιν
1696 4257 1860 4328 ἀναλήψεσθαι

255 4362 266 4390 ι
288 4341 317 4391 ἀν
327 4337 361 4401 είς
372 4334 503 4409 εδφρονῶν
518 4338 680 4405 ἀπιστήσειε(
689 4356 715 4408 p.
732 4338 790 4399 155,
805 4337 872 4403 15)·
893 4334 1034 4388 ιικαίέπά-
1083 4362 1093 4390 ι
1115 4343 1161 4412 (μ,
1185 4341 1244 4408 157,
1271 4342 1302 4402 54
1313 4343 1331 4403 ).
1351 4362 1361 4387 ιι
1385 4339 1526 4410 Ιίαίέτερον
1542 4338 1566 4391 ἐν
1587 4334 1665 4409 ᾦκαλ
1681 4335 1725 4403 τήν
1740 4336 1859 4389 ἀντίθεσιν

252 4438 291 4490 γει
300 4419 340 4472 διὰ
350 4425 398 4473 τῶν
407 4417 511 4487 έξήςτὴν
522 4418 611 4472 αἰτίαν.
650 4418 714 4488 Πρός
723 4421 800 4469 ταῦτα
809 4416 889 4469 τοίνυν
899 4415 995 4467 ἀπαντα
1004 4415 1034 4469 τά
1080 4418 1260 4490 ἐπεσημήνατο·
1276 4442 1287 4466 ι
1300 4416 1361 4489 μηδὲ
1371 4417 1500 4489 νομίσητε,
1515 4415 1685 4488 ῥᾳθυμούντων
1699 4416 1767 4487 ύμῶν
1780 4419 1860 4486 ὥσπερ

253 4501 415 4571 προειρημένα
428 4499 483 4569 περὶ
502 4504 545 4552 τοῦ
564 4501 667 4552 δυνατοῦ
687 4497 842 4567 ἀνθυποφορά
856 4515 890 4556 τις
903 4493 1031 4549 ἀντέπεσε·
1083 4519 1095 4547 ιι
1116 4501 1245 4569 πρότερον,
1262 4498 1353 4568 ἐτέρους
1363 4498 1422 4568 ύπέρ
1434 4504 1482 4550 τῶν
1493 4497 1615 4567 ύμετέρων
1630 4494 1789 4567 ἀγωνιεῖσθαι
1800 4515 1858 4566 ²²?0·

256 4584 332 4640 «πῶς
356 4573 417 4643 οῦν,
441 4577 507 4650 είπερ
533 4579 584 4631 ἔστι
604 4578 635 4632 τά
655 4581 769 4642 τοιαῦτα,
784 4582 873 4638 πιστῶς
892 4573 938 4640 ήδη
956 4574 1034 4629 πολύν
1083 4598 1094 4626 ι
1116 4579 1205 4649 θύμως.
1222 4600 1232 4627 ι
1249 4578 1328 4630 Τοῦτο
1344 4578 1392 4648 γάρ
1410 4576 1474 4630 ἐστιν
1491 4575 1636 4629 ένδεικτικδν
1659 4579 1703 4640 τῆς
1720 4573 1860 4636 ἀντιθέσεως

256 4659 373 4729 «χρόνον
399 4656 465 4729 αύτῷ
478 4659 672 4727 παραμένουσιν,
695 4661 742 4727 (p.
765 4656 824 4720 155,
843 4659 896 4723 κο)
914 4675 924 4703 ι
942 4653 968 4707 ἐκ
986 4655 1035 4726 γάρ
1080 4656 1118 4708 ὅτι
1128 4655 1192 4708 ἀλλά
1204 4658 1357 4727 δυνησόμεθα
1366 4655 1406 4707 διὰ
1416 4662 1464 4709 τῶν
1475 4656 1547 4718 ξένων
1560 4653 1690 4707 ἀδικοῦντα
1700 4653 1772 4707 αύτδν
1782 4652 1860 4704 κωλῦ-

254 4743 301 4790 τῶν
315 4735 447 4807 εἰρημένων
457 4735 569 4791 ἀπάντων
581 4738 639 4806 πρὸς
651 4733 911 4803 καθαίρεσινήθροίσθη
925 4753 960 4796 τις
970 4733 1037 4805 αύτῷ
1081 4754 1133 4786 σαι·
1150 4738 1180 4802 ἣν
1195 4736 1222 4789 ἐκ
1238 4736 1380 4807 προλήψεως
1396 4735 1484 4802 ἔλυσε,
1501 4735 1543 4786 καί
1554 4734 1772 4804 έπισημαινόμενος
1786 4731 1859 4785 πάλιν

254 4815 313 4877 δόξα
328 4814 521 4881 ἀπιθανότητος,
539 4816 577 4868 ὅτι
597 4814 618 4867 εἰ
633 4818 709 4867 ταῦτα
722 4808 752 4880 ήν
772 4811 869 4879 ἀληθῆ,
891 4814 986 4875 πάντως
1006 4816 1035 4866 ἀν
1080 4814 1148 4868 οῦδὲν
1158 4810 1230 4881 ήττον
1245 4817 1311 4880 λύει,
1325 4817 1366 4868 καί
1379 4817 1491 4870 συνάπτει
1504 4816 1559 4876 τούς
1572 4812 1702 4883 ἐπιλόγους
1715 4811 1762 4866 ἀπδ
1774 4816 1817 4864 τοῦ
1826 4812 1861 4863 αί-

255 4893 403 4961 ἀπέστησαν.
440 4893 515 4955 λύτδς
531 4893 557 4947 δί
573 4893 615 4946 καὶ
631 4892 721 4958 ταύτην
734 4890 819 4945 έλυσεν
836 4890 910 4946 εἰπὼν
925 4893 962 4945 ότι
979 4914 989 4940 ι
1007 4895 1035 4946 τὸ
1081 4899 1156 4965 σχροῦ
1168 4895 1306 4966 ἐπιχειρῶν,
1323 4895 1370 4950 ἀπδ
1380 4898 1422 4961 τῆς
1435 4900 1483 4948 τῶν
1496 4895 1624 4965 προγόνων
1639 4893 1747 4963 κρίσεως,
1761 4890 1809 4945 ἀπδ
1818 4896 1859 4956 τῆς

256 4975 389 5044 κατορθοῦν
406 4975 479 5028 αθτδν
494 4973 621 5027 ἐπισκοτεῖ
632 4975 692 5027 πᾶσι
711 4973 765 5033 τοῖς
778 4971 903 5034 τοιούτοις.
921 4994 932 5021 ν
956 4972 1033 5039 Ἄλλη
1080 4977 1123 5025 τοῦ
1135 4975 1253 5046 πολεμίου
1265 4975 1380 5045 κρίσεως,
1393 4973 1441 5027 ἀπδ
1450 4978 1492 5040 τῆς
1502 4974 1631 5040 ποιότητος
1640 4970 1797 5038 τῆςπόλειος,
1813 4970 1860 5022 ἀπδ

256 5050 374 5114 ἀντίθεσις
382 5053 440 5123 πρδς
450 5054 479 5106 τδ
490 5053 591 5105 δυνατδν
602 5050 739 5105 ἀντέπεσεν.
782 5046 881 5116 Ἐπειδὴ
895 5050 943 5121 γάρ
957 5050 1036 5103 πάντα
1081 5056 1123 5105 τοῦ
1134 5056 1249 5124 μεγέθους
1263 5059 1311 5105 τῶν
1325 5051 1403 5122 έργων
1415 5054 1516 5106 καὶτῶν
1531 5051 1727 5121 κατορθωμάτων
1738 5054 1786 5101 τῶν
1800 5067 1858 5118 προ-

258 5131 287 5184 τά
302 5132 361 5202 μέρη
375 5136 418 5199 τῆς
433 5133 556 5203 δυνάμεως
574 5130 706 5196 καθεῖλεν,
718 5130 827 5185 ἐλείπετο
840 5131 866 5184 δὲ
884 5133 911 5185 τδ
932 5129 980 5184 ἀπδ
994 5134 1037 5198 τῆς
1081 5141 1195 5204 γονικῶν,
1210 5137 1269 5206 ἅπερ
1283 5138 1311 5188 ἀν
1320 5133 1357 5201 εἴη
1370 5138 1414 5187 τοῦ
1422 5133 1527 5195 ἐνδόξου.
1550 5132 1596 5184 Καί
1610 5136 1686 5185 ταῦτα
1702 5130 1744 5201 μὲν
1760 5129 1807 5183 ἀπδ
1818 5134 1859 5182 τοῦ

258 5209 347 5281 τύχης,
361 5209 384 5272 ἐξ
399 5209 540 5273 &meeum
553 5211 619 5264 τοῦτ’
638 5210 741 5264 Μεθ’
762 5232 773 5258 a
789 5208 810 5261 Ξῖ
823 5210 848 5262 δέ
867 5228 901 5270 τίς
916 5203 983 5279 θμῶν
1014 5206 1035 5262 ὦ
1081 5216 1241 5284 συμφέροντος
1255 5213 1287 5276 είς
1299 5215 1340 5267 τδν
1356 5213 1485 5283 ἐπίλογον·
1502 5212 1515 5264 ό
1527 5230 1575 5282 γαρ
1592 5216 1634 5264 τοῦ
1647 5211 1750 5281 αἰσχροῦ
1763 5210 1804 5264 καὶ
1817 5213 1860 5261 τοῦ
