3967 5967
239 439 298 490 ουτ
778 437 920 499 ΣΧΟΔΙΑ
942 437 1006 497 ΕΙΣ
1025 436 1296 499 ΔΗΠΟΣΘΕΝΗΝ.

236 561 423 630 μενον·καίδὴ
446 563 487 616 καλ
505 563 519 617 ό
536 563 652 636 Αἰσχίνης
668 566 737 621 ούδίν
753 567 816 622 ἴδιον
838 567 907 640 ἰχει,
922 572 976 631 τοῖς
986 569 1014 623 δί
1057 570 1174 632 τοιούτοις
1189 569 1216 623 δέ
1227 569 1386 640 καταρᾶταιό
1405 569 1482 639 δῆμος
1494 567 1535 620 διά
1551 571 1595 622 τού
1608 569 1718 638 κήρυκος.
1735 569 1839 622 ΛΠΤΡ.

235 647 284 694 τῶν
303 640 388 694 άλλων
409 643 493 714 λόγοις
515 645 712 715 προσειιέχρητο,
728 645 800 709 αύτδς
812 647 955 710 ἰπαίδτυτος
965 648 1013 702 ὤν.
1097 648 1155 720 Ὀψί
1166 649 1213 720 γάρ
1226 650 1302 720 ποτε]
1321 648 1368 702 Δεῖ
1377 647 1464 701 λαόεῖν
1480 647 1508 700 τδ
1523 647 1566 719 μὲν
1589 652 1683 718 πρῶτον
1697 646 1739 718 όψέ
1755 649 1840 717 ὥσπερ

236 718 272 774 Ἢ
287 721 472 793 σπερμολόγος,
486 721 589 789 άσεόῆς,
603 723 651 778 άπδ
667 730 716 779 τῶν
731 726 821 797 βωμῶν
835 726 962 799 συλλέγων
983 726 1015 780 τὰ
1058 727 1237 797 διηγουμένου,
1258 726 1287 781 τδ
1309 725 1336 780 δί
1348 725 1459 796 δεύτερον
1482 726 1516 787 ὡς
1533 726 1587 779 κατ’
1605 724 1722 795 ἰρεθτησιν
1742 724 1784 777 καί
1804 725 1841 785 ὣς

235 797 387 871 ἐπιτιθέμενα
399 800 446 856 ύπδ
466 808 514 856 τῶν
528 803 624 858 ἄλλων.
662 805 734 875 Τάχα
750 805 777 860 δέ
790 807 832 859 καί
847 808 935 874 πένης,
954 806 1015 861 ότδ
1059 804 1307 877 ἰκπληττομένουδτι
1319 804 1487 876 ἰλησμόνησεν
1503 802 1589 860 εἰπεῖν,
1626 803 1662 856 ’ίδ
1682 801 1777 872 «ἰχθίς
1795 802 1840 873 μέν

234 875 401 932 άποπίπτοντα
424 878 472 933 άπδ
497 886 545 934 τῶν
569 883 741 952 βασταζόντων
760 884 959 957 άναλαμόάνων,
983 885 1014 939 τά
1059 878 1101 936 ούν
1116 884 1157 937 καί
1178 886 1262 956 πρῴην
1283 882 1366 956 »θάντί
1387 888 1431 937 τού
1443 882 1500 954 ἰψέ
1522 881 1585 937 κατά
1598 885 1681 936 κοινοῦ
1699 881 1726 936 δί
1745 882 1774 934 τδ
1796 876 1838 949 ῆν.

234 955 297 1009 κατά
313 957 392 1027 βραχύ
403 956 452 1011 όπδ
463 961 506 1026 τῆς
518 964 565 1032 γῆς
583 961 710 1033 συλλέγων
724 964 766 1016 καὶ
781 962 847 1016 ούτω
859 964 1013 1034 τρεφόμενος.
1059 965 1184 1019 λΗίἰΤΡ.

233 1034 315 1089 TCV.
328 1035 434 1102 Εύτελὴς
446 1037 487 1091 καλ
496 1040 588 1110 φαῦλος
596 1041 732 1111 ἅνθρωπος.
745 1045 776 1097 P.
1094 1056 1156 1111 270,
1172 1057 1217 1096 22.
1234 1040 1282 1094 ίίαί
1301 1040 1345 1095 δύο
1362 1039 1506 1111 συλλαβάς]
1528 1041 1586 1111 μίαν
1602 1040 1646 1111 μέν
1662 1038 1695 1102 εἰς
1710 1040 1739 1093 τδ
1759 1041 1842 1112 ὄνομα

270 1118 332 1184 269,
347 1130 387 1184 19.
400 1114 539 1189 Ὄλεθρος]
554 1117 681 1189 ἢόλέθρου
692 1119 797 1188 άξιος,ῆ
813 1119 828 1173 ό
842 1119 947 1181 πολλοῖς
955 1138 1014 1190 προ·
1057 1124 1101 1174 τού
1111 1121 1201 1192 πατρδς
1213 1120 1302 1186 αύτού,
1316 1121 1373 1193 μίαν
1382 1119 1409 1173 δί
1419 1117 1452 1181 εἰς
1463 1119 1492 1173 τδ
1505 1123 1548 1186 τῆς
1558 1120 1659 1191 μητρός.
1674 1121 1750 1175 ΑΤΡ.

234 1188 334 1257 ξενῆσας
345 1192 447 1264 όλεθρον
458 1199 494 1266 τῷ
508 1196 670 1266 μεταόάλλειν
683 1198 713 1251 τά
724 1200 858 1271 γράμματα
866 1196 892 1252 ἰν
906 1204 941 1274 τῳ
954 1198 1013 1251 άνα-
1093 1215 1155 1268 270,
1168 1201 1212 1256 25.
1228 1199 1372 1271 Ἔμπουσαν
1381 1199 1392 1270 ]
1402 1198 1430 1253 ἰκ
1446 1202 1490 1251 τοῦ
1508 1199 1588 1253 πάντα
1600 1197 1707 1269 αἰσχρῶς
1724 1198 1766 1252 καί
1782 1197 1841 1251 άνο·

234 1271 373 1340 γινώσκειν.
387 1272 467 1326 TCV.
1058 1278 1115 1340 σίως
1125 1281 1218 1333 ποιεῖν·
1233 1278 1333 1345 τοιαύτη
1345 1274 1658 1349 γίερῆπόλαιἘμπουοα.
1674 1278 1750 1332 FYP.

270 1346 441 1422 Γραμματεδς]
455 1350 470 1404 ό
485 1357 534 1406 τῶν
548 1354 700 1425 γραμμάτων
714 1373 741 1408 τε
754 1358 833 1426 κύριος
852 1356 953 1409 καὶτῶν
967 1356 1014 1426 ψη·
1093 1372 1155 1426 270,
1167 1361 1211 1410 26.
1227 1356 1312 1409 Πάντα
1327 1357 1423 1425 ποιεῖν]
1437 1355 1516 1409 πάντα
1532 1355 1564 1410 τά
1577 1355 1669 1427 αἰσχρά
1685 1358 1726 1409 καὶ
1737 1356 1837 1411 άνόσια·

233 1430 359 1499 ρισμάτων
370 1429 456 1500 φύλαξ.
470 1433 500 1484 P.
1058 1436 1157 1503 τοιαύτη
1170 1435 1244 1508 γᾶρῆ
1258 1435 1334 1490 πάλαι
1347 1436 1490 1506 Ἔμπουσα.
1502 1437 1529 1490 S.

269 1514 331 1578 269,
347 1526 391 1562 21.
407 1507 556 1583 Ἐπαχθιῖς]
567 1514 701 1583 φορτιαούς.
718 1516 748 1568 P.
1093 1529 1155 1581 271,
1172 1531 1196 1567 1.
1211 1514 1345 1584 Τουτουοὶ]
1356 1514 1411 1576 τοδς
1420 1513 1531 1576 πολίτας.
1542 1515 1590 1568 SP.

269 1588 436 1661 Πορίσαοθαι]
448 1594 611 1663 συναγαγεῖν,
624 1593 722 1647 λαόεῒν.
735 1595 766 1651 Ρ.
1093 1592 1147 1664 Ούχ
1156 1592 1322 1664 όπως]ν]γουν
1331 1592 1360 1646 οἰι
1373 1594 1448 1664 μόνον
1462 1592 1500 1645 ού.
1519 1596 1549 1648 P.

268 1672 330 1737 269,
344 1685 388 1722 21.
401 1667 496 1740 Ὥσπερ
508 1669 532 1724 ἰν
540 1672 665 1742 τραγῳδία
677 1672 787 1743 βοῶντα,
797 1669 819 1725 ὦ
831 1671 865 1738 Γῆ
875 1672 917 1724 ιιαί
926 1669 1012 1744 Ἥλιε]
1093 1687 1155 1741 271,
1170 1689 1197 1726 2.
1212 1670 1281 1725 ίίατδ
1291 1671 1395 1725 τουτωνί
1405 1670 1539 1744 πολιτεύῃ]
1552 1669 1628 1741 ἤγουν
1639 1671 1750 1741 πράττοις
1760 1674 1844 1725 πᾶσαν

235 1747 321 1801 Ἐοικι
330 1747 378 1819 γάρ
391 1748 495 1820 τραγικά
509 1747 574 1803 εἶναι
592 1755 678 1804 ταῦτα.
693 1751 740 1805 ίίαί
752 1752 805 1823 ἅμα
818 1751 851 1813 εἰς
863 1749 908 1817 τὴν
922 1753 1012 1822 τέχνην
1057 1749 1141 1820 πρᾶξιν
1155 1751 1197 1804 καί
1205 1753 1280 1813 κινεῖς
1288 1751 1342 1803 κατ’
1351 1749 1441 1806 αἰτῶν.
1455 1753 1487 1805 Ρ.

232 1825 387 1881 ἀποσκώπτει
399 1827 495 1882 σύνεσιν
509 1829 551 1881 καί
566 1830 674 1883 παιδείαν
684 1828 885 1901 ἰπιιιαλοόμενον.
928 1828 1014 1901 Ὁγδρ
1093 1845 1155 1897 271,
1169 1831 1196 1885 3.
1209 1830 1256 1883 ίίσί
1273 1829 1328 1901 περί
1343 1826 1378 1884 ὧν
1394 1831 1437 1900 μέν
1450 1828 1503 1883 ἰστί
1518 1846 1553 1890 τις
1567 1827 1760 1900 ἰμφισόῆτηοις]
1771 1828 1841 1882 ’Em-

232 1906 350 1977 Αἰσχίνης
361 1907 526 1977 δυσχεραίνων
549 1906 570 1961 ιί
583 1909 739 1979 Δημοσθένης
750 1909 835 1979 ὀφθείη
849 1910 1013 1981 στιφανούμε-
1058 1907 1176 1961 δείκνυσιν
1194 1906 1221 1961 ἰν
1234 1909 1328 1971 τούτοις
1345 1911 1384 1962 ότι
1406 1908 1455 1978 ούχ
1467 1908 1501 1970 ίυς
1521 1906 1608 1978 έχθρδς
1625 1906 1840 1979 άκριόολογεῖται,

233 2005 287 2051 νος,
297 1986 339 2038 καί
349 1990 426 2039 ταῦτα
436 1986 578 2057 ἰφθίγγετο.
588 1989 667 2044 TCV.
1058 1988 1137 2041 πάντα
1148 1986 1265 2050 ἰξιτάζων
1278 1988 1426 2059 θῆμαρτεν,
1439 1986 1505 2040 ἀλλὰ
1516 1986 1621 2041 πλεῖστα
1634 1986 1675 2039 καί
1687 1990 1843 2060 παραπέμπε.

267 2070 329 2134 269,
345 2065 390 2118 23.
409 2063 635 2136 Ἐπικαλούμενον]
650 2065 824 2136 ἰπιόοούμινον.
840 2069 871 2123 Ρ,
1058 2084 1107 2119 ται.
1145 2070 1272 2139 Διηγεῖται
1284 2067 1311 2120 δί
1327 2066 1357 2120 τίι
1371 2069 1505 2138 σαφέστερα
1516 2065 1557 2119 καί
1566 2064 1714 2137 εύδηλότερα
1725 2086 1730 2097 ·
1742 2067 1781 2120 διδ
1799 2068 1842 2120 καί

267 2148 330 2213 269,
345 2159 388 2211 27.
402 2143 556 2215 Διάγνωσις]
571 2144 683 2215 ἱστορία,
695 2150 784 2216 γνῶσις
799 2151 847 2199 τῶν
866 2145 943 2199 πάλαι
956 2146 1014 2202 ποτί
1058 2142 1198 2207 άιιολούθως
1209 2145 1328 2217 ἐπήγαγε.
1340 2147 1421 2199 w.

231 2223 372 2292 γεγονότων
385 2223 589 2294 πραγμάτων.Ρ.
1094 2239 1156 2291 271,
1176 2229 1203 2278 6.
1220 2225 1269 2277 Τον
1291 2224 1504 2295 ἀποψηφισθέντα]
1520 2218 1599 2285 θύτος
1619 2221 1668 2294 γάρ
1688 2223 1702 2275 ό
1727 2221 1842 2294 ’λντιφῶν

266 2318 328 2371 270,
339 2319 366 2355 2.
385 2300 578 2373 λπολτιφθεῖσι]
590 2305 634 2368 τῆς
645 2304 754 2366 παιδείας
766 2302 940 2376 ἰστερημίνοις.
955 2307 987 2359 Ρ.
1065 2301 1191 2370 Ἀθηναῖος
1207 2303 1285 2358 ἰδόκει
1300 2303 1365 2358 εἶναι
1376 2303 1406 2358 τἰι
1416 2304 1544 2374 πρότερον.
1581 2302 1735 2373 Γιγνομένων
1755 2302 1781 2356 δί
1791 2309 1842 2357 τῶν

267 2379 502 2452 Προσποιουμένοις]
519 2379 772 2453 ἰδιοποιουμέυοις.Ῥ.
1058 2381 1217 2453 καλουμένων
1237 2383 1415 2454 διαψηφίσεων,
1428 2383 1443 2435 δ
1458 2383 1522 2437 ἰστιν
1543 2380 1672 2443 ἰξετάσεων
1693 2379 1718 2434 ἰν
1735 2384 1787 2445 τοῖς
1800 2383 1844 2449 δῆ-

267 2476 329 2529 270,
345 2462 371 2515 5.
383 2459 618 2532 Ούκάπορῶνδίότι
628 2460 676 2534 χρὴ
690 2463 816 2535 περίσού]
831 2461 1013 2536 ’Πγκωμιαστι-
1060 2479 1113 2531 μοις
1125 2462 1158 2523 ὣς
1182 2461 1251 2526 ἔθος,
1267 2461 1289 2515 εἰ
1308 2461 1356 2532 άρα
1375 2461 1443 2532 φύσει
1461 2460 1584 2528 Ἀθηναῖος
1596 2459 1641 2513 ούκ
1658 2463 1693 2513 ῶν
1712 2458 1842 2533 ἰνίγραψεν

232 2541 277 2591 κοῦ
290 2539 413 2609 νοῆματος
423 2537 569 2593 έπελάόετο·
582 2538 634 2594 ἰπεί
641 2540 706 2594 καλό
716 2541 791 2613 ψόγος
796 2548 845 2594 τῶν
855 2540 1015 2613 ἰγκωμιαστι-
1059 2538 1144 2593 ἰαυτδν
1163 2538 1190 2593 ἰκ
1209 2542 1316 2606 σπουδῆς
1328 2545 1401 2593 τινῶν
1422 2539 1456 2602 εἰς
1465 2540 1522 2602 τούς
1534 2538 1632 2601 άστούς·
1650 2538 1799 2610 άπεψηφίσθη
1814 2541 1843 2595 δέ

232 2622 292 2671 κῶν.
313 2619 394 2672 TCV.
412 2618 444 2671 Ὃ
463 2618 531 2690 λέγει
550 2621 661 2672 τοιούτόν
682 2618 756 2676 ἰστιν.
793 2620 845 2672 Ούιι
857 2618 954 2690 ἀπορῶν
971 2624 1015 2673 τοῦ
1058 2617 1292 2690 καίάπεδοκιμάπίη
1304 2620 1337 2682 ὡς
1350 2619 1394 2674 οἰικ
1413 2622 1449 2673 ὢν
1463 2618 1589 2681 όστδςτιαί
1603 2618 1756 2687 ἰκόέόληται.
1793 2623 1841 2673 Au-

233 2693 309 2749 εἰπεῖν
332 2696 415 2751 πολλά
433 2696 496 2750 κατίι
509 2700 568 2764 σού,
593 2696 651 2749 ἀλλ’
667 2697 793 2770 τύποφῶν,
813 2699 839 2754 ἰν
851 2700 931 2772 τούτῳ
949 2702 1015 2754 δοκῶ
1059 2698 1143 2764 πηθείς
1158 2698 1182 2750 δ’
1198 2699 1281 2770 ᾤχετο
1296 2699 1355 2770 πρδς
1366 2699 1408 2753 τδν
1422 2698 1563 2764 Φίλιππον,
1575 2698 1617 2752 καὶ
1638 2698 1757 2769 ύπόσχετο
1775 2698 1843 2773 αύτῷ

232 2773 350 2846 άπορεῖν,
361 2775 387 2830 ἰν
398 2781 433 2849 τῷ
447 2773 481 2847 μ]
493 2774 582 2830 εἰδέναι
598 2796 628 2847 με
638 2780 699 2831 ποῖα
707 2784 804 2849 πρῶτον
814 2778 924 2850 προτάξαι
935 2778 1014 2833 αἰτῶν
1058 2774 1137 2847 λάθρα
1153 2779 1197 2843 τῆς
1214 2775 1320 2845 Ἀττικῆς
1333 2777 1417 2839 ἰπιόδς
1428 2775 1559 2849 ἐμπρήσειν
1569 2779 1612 2843 τῆς
1627 2774 1730 2843 Ἀττικῆς
1741 2777 1772 2830 τά
1782 2781 1842 2830 νεώ-

232 2861 282 2910 τῶν
299 2855 409 2909 πολλῶν.
425 2856 573 2911 AfluTcP.
1058 2872 1107 2925 ρια.
1122 2858 1202 2910 TCV.
1266 2913 1273 2927 ,

269 2951 331 3006 279
348 2954 377 3006 7.
391 2935 453 3006 Παρ’
471 2934 576 3007 Ἐλπίᾳ]
588 2931 665 2998 θύτος
676 2935 692 2989 ό
710 2935 811 2999 Ἐλπίας
822 2939 1016 3010 χαμαιδιδάσκα·
1094 2950 1156 3005 271,
1169 2938 1196 2992 θ.
1206 2936 1246 2989 Τὰ
1255 2938 1360 3008 νεώρια]
1371 2938 1442 2991 τόποι
1452 2935 1484 2998 εἰς
1492 2936 1565 2999 οδςαί
1580 2940 1635 3003 νῆες
1643 2934 1796 2990 άνίλκονται.
1807 2940 1839 2992 Ρ.

233 3016 275 3077 λος
288 3011 318 3083 ῆν
329 3014 395 3086 παρά
403 3017 456 3077 τοῖς
473 3014 620 3082 Ἀθηναίοις,
634 3015 776 3086 ύπόσχολον
787 3015 854 3087 έχων
867 3018 910 3072 τδν
925 3019 1015 3089 πατέρα
1093 3030 1155 3083 271,
1171 3035 1198 3085 9.
1213 3008 1538 3086 Δαόόντος1ἷιατασχόντος,
1554 3018 1588 3070 Ρ.-

233 3100 276 3148 τού
285 3094 411 3165 Αἰσχίνου.
424 3096 500 3149 AFP.
1094 3092 1262 3165 ίίειιρυμμένον
1275 3093 1301 3148 ἰν
1311 3094 1441 3164 Πειραιεῖ]
1451 3094 1488 3147 Τά
1503 3093 1584 3147 εἰκότα
1599 3092 1694 3164 εἴρηκεν
1710 3091 1743 3155 ὡς
1757 3099 1841 3146 πεῖσαι

267 3175 382 3247 θησαύρ]
393 3174 452 3245 πρδς
463 3179 499 3247 τῷ
511 3180 564 3248 ναῶ
571 3179 616 3228 τού
626 3174 733 3241 θησέως.
745 3176 861 3231 BFSYP.
1058 3171 1189 3241 δυνάμενα.
1226 3171 1261 3224 ⁰0
1271 3191 1297 3225 τε
1315 3172 1364 3243 γάρ
1375 3173 1448 3234 τόπος
1464 3176 1507 3226 τοῦ
1519 3172 1636 3242 Πειραιῶς
1654 3171 1759 3235 ύποπτος
1773 3173 1815 3224 καὶ
1826 3173 1842 3224 ό

267 3271 330 3324 270,
348 3257 375 3308 ίί.
390 3253 502 3315 ίίοίνιιιας
522 3254 640 3324 παχείας]
656 3252 739 3307 Εἰπὼν
757 3255 879 3308 δουλεύειν
896 3255 970 3309 αύτδν
984 3254 1015 3309 τά
1058 3254 1160 3321 τρόπος·
1174 3253 1339 3322 κεκρυμμένον
1360 3251 1409 3324 γάρ
1422 3251 1497 3305 εἰπὼν
1512 3250 1546 3313 εἰς
1558 3252 1638 3305 πίστιν
1652 3252 1708 3320 ἄγει
1726 3250 1770 3317 τἠν
1785 3253 1843 3305 τόλ·

232 3333 340 3405 ἑπόμενα
360 3333 412 3394 τοῖς
431 3332 532 3403 φαύλοις
555 3338 604 3387 τῶν
624 3333 720 3387 δούλων
744 3333 868 3405 ἰπήγαγι,
887 3334 930 3398 τὰς
943 3338 1016 3398 πέδας
1059 3349 1116 3400 μᾶν-
1132 3331 1213 3385 TCV-

232 3413 324 3483 λέγων·
340 3415 414 3465 τούτο
426 3411 475 3483 γδρ
488 3411 564 3464 καλεῖ
574 3412 697 3482 χοίνικας,
711 3412 740 3466 τδ
753 3414 906 3485 στρογγύλον
920 3415 1003 3482 δηλῶν
1093 3424 1161 3478 271,
1179 3426 1220 3464 10.
1236 3408 1454 3479 ίίαταοτῆσαντος]
1468 3409 1545 3475 δῆλον
1558 3408 1704 3474 ποιησαντος
1717 3407 1743 3462 ἰν
1752 3411 1784 3480 τῇ
1798 3406 1840 3460 ἔκ·

231 3492 312 3544 TCV.
327 3489 439 3552 Χοίνικας
454 3488 531 3543 καλεῖ
539 3490 581 3551 τὰς
595 3490 682 3554 πέδας,
696 3490 724 3542 τδ
736 3489 762 3543 δί
775 3488 863 3555 ξύλον,
878 3491 893 3557 ἢ
907 3492 966 3563 πρὸς
985 3493 1015 3547 τδ
1058 3485 1148 3557 κλησίφ
1160 3491 1204 3540 τού
1217 3487 1306 3558 δῆμον.
1321 3489 1351 3543 Ρ.

232 3568 396 3641 έπερείδτσθαι
414 3568 457 3620 τδν
471 3568 571 3639 Τρόμην
589 3568 614 3623 ἰν
628 3572 664 3640 τῷ
685 3568 791 3638 βαδίζειν
804 3568 846 3621 καὶ
864 3567 1014 3624 ἰπαναπαύε·
1094 3585 1161 3636 271,
1180 3584 1221 3623 11.
1238 3565 1281 3629 Ὧς
1291 3566 1315 3619 ἰν
1330 3566 1482 3637 δημοκρατίᾳ
1495 3565 1564 3618 δεινὰ
1575 3567 1654 3637 ποιῶ]
1664 3566 1783 3637 ίίίιμεῖται
1797 3571 1842 3618 τοῦ

232 3647 412 3718 σθα1,ἰ]2ρδς
436 3647 466 3701 τδ
487 3648 601 3701 δύνασθαι
622 3649 752 3702 συνάπτειν
766 3649 822 3710 τούς
840 3650 916 3712 πόδας
928 3649 1011 3704 αύτοδ.
1058 3646 1179 3718 Αἰσχίνου
1197 3647 1253 3708 τούς
1267 3646 1373 3717 λόγους,
1388 3644 1418 3697 τδ
1430 3643 1532 3697 πιθανδν
1551 3643 1634 3706 αύτοῖς
1648 3643 1680 3706 εἰς
1696 3642 1790 3711 ἀπάτην
1803 3645 1842 3696 δι·

234 3728 330 3781 ΒΡὙΡ.
1058 3727 1122 3789 δούς.
1159 3725 1283 3797 Ὅραγίερ
1300 3727 1365 3786 όπως
1378 3723 1494 3794 όνομάζεε
1513 3722 1558 3790 τὴν
1575 3722 1700 3777 πολιτείαν
1713 3723 1740 3777 έκ
1755 3723 1842 3793 φιλαν-

268 3822 330 3873 270,
356 3822 399 3857 10.
421 3803 539 3876 Κλισίιρ]
561 3809 596 3876 τῷ
618 3806 747 3876 προστῶερ
787 3802 858 3860 Ἔστι
885 3806 912 3859 δί
934 3808 1014 3879 όνομα
1059 3805 1164 3875 θρωπίας
1183 3804 1366 3875 γνωριζομένην
1387 3801 1429 3854 καί
1446 3801 1501 3863 τούς
1521 3799 1675 3871 ἠτυχηκότας
1698 3800 1777 3869 λέγων
1791 3805 1841 3852 τῶν

233 3885 319 3939 τόπου.
333 3886 364 3938 Ρ.
1058 3884 1165 3938 πολιτῶν
1186 3885 1328 3954 μηχανᾶται
1348 3879 1402 3946 τὴν·
1421 3881 1515 3950 άφεσιν.
1554 3878 1628 3932 Ποιεῖ
1646 3879 1673 3932 δί
1696 3878 1839 3944 λεληθότως

268 3979 331 4032 270,
353 3978 394 4016 ιι.
406 3960 455 4012 Τδν
466 3959 543 4013 καλδν
553 3958 700 4031 ἀνδριάντα]
711 3960 794 4033 μιιφδς
806 3961 854 4033 γάρ
868 3958 898 4030 ῆν
908 3961 922 4015 ό
933 3962 1017 4035 Αἰσχί·
1058 3963 1132 4018 πάλιν
1146 3963 1264 4033 πολέμιον
1286 3966 1321 4034 τῷ
1334 3961 1407 4031 δῆμῳ
1424 3959 1467 4012 τδν
1484 3957 1615 4029 Αἰσχίνην,
1631 3956 1656 4012 εἴ
1671 3978 1701 4029 γε
1717 3954 1731 4010 ό
1749 3956 1793 4027 μέν
1809 3956 1843 4018 ὡς

233 4062 276 4110 νης
288 4042 317 4094 τδ
326 4046 409 4112 σῶμα.
420 4040 501 4095 TCV.
1059 4043 1103 4097 ούκ
1118 4044 1178 4096 όντα
1191 4041 1296 4107 πολίτην
1310 4038 1402 4093 ἐκάλει.
1417 4039 1499 4093 TCV.

269 4117 467 4191 Τριταγωνιοτὴν
487 4118 580 4190 ἰίκρον]
597 4118 643 4170 ίίαί
656 4122 729 4172 τοῦτο
741 4118 803 4172 κατά
823 4119 852 4173 th
870 4112 940 4187 ῆθος·
964 4121 1015 4176 ἔστι
1094 4138 1155 4190 271,
1174 4121 1216 4174 13.
1232 4119 1278 4171 1ίαί
1289 4116 1325 4171 ἰπ’
1339 4115 1415 4177 οἰκίας
1428 4116 1549 4187 βαδίζων]
1564 4112 1634 4185 Ἐγὼ
1646 4112 1761 4180 δηλονότι
1772 4114 1842 4183 βαδί·

232 4200 281 4272 γάρ
295 4199 472 4271 ἀμαθέστατον.
490 4199 572 4253 TCV.
1058 4201 1131 4262 δίζων
1150 4199 1189 4253 ἐπί
1211 4196 1287 4258 οἰκίας
1303 4194 1347 4257 τὰς
1358 4200 1406 4248 τῶν
1425 4193 1570 4265 ἀνθρώπων.
1589 4192 1617 4248 Ρ.
1635 4191 1718 4245 Πολδν
1740 4190 1841 4245 ἔπαινον

268 4296 330 4350 270,
351 4295 392 4333 12.
410 4277 546 4350 ’Πξέθρεψή
557 4278 649 4333 τέλειον
657 4278 762 4349 ἰξέθρεψέ
773 4298 801 4332 σε
814 4280 856 4331 καὶ
864 4278 962 4348 ἰποίησε
983 4283 1014 4335 P.
1058 4280 1122 4349 φέρει
1142 4283 1177 4348 τῷ
1199 4274 1294 4347 ῥήτορι.
1329 4272 1412 4334 Ούτως
1426 4273 1484 4343 ύπέρ
1508 4276 1552 4325 τοῦ
1575 4275 1658 4324 κοινοῦ
1681 4272 1843 4342 συμφέροντος

268 4376 330 4428 270,
346 4359 388 4411 13.
406 4356 472 4410 Ἀλλ’
485 4357 546 4420 ιὐςό
563 4359 726 4430 τριηραύλης]
740 4357 787 4427 οδχ
807 4357 890 4420 ἁπλῶς
909 4358 1016 4427 αύλητὴς
1059 4357 1192 4428 άγρυπνεῖ,
1211 4355 1244 4416 ὡς
1256 4353 1298 4407 καί
1311 4353 1414 4424 μηδενός
1424 4352 1517 4415 εἰδότος
1529 4353 1570 4405 καί
1583 4351 1749 4423 ἐπιτρέψαντος
1767 4351 1842 4404 αύτδν

232 4433 329 4505 -ἥσαν
342 4436 443 4508 γάρκαὶ
456 4435 617 4509 ἰπίσημοι-,
630 4437 688 4490 ἀλλ’
700 4436 725 4490 ἰν
739 4437 921 4509 τριῆρειαύλῶν
939 4439 1016 4510 άμου·
1060 4434 1182 4500 ἰπιζητεῖν
1205 4434 1262 4496 τούς
1282 4432 1398 4504 βλάπτειν
1427 4433 1562 4496 ἐθέλοντας.
1600 4432 1669 4494 Τινίς
1689 4432 1715 4486 δί
1735 4438 1770 4504 τῷ
1789 4431 1843 4499 έξῆς

232 4537 275 4572 σον
287 4517 389 4589 ῥυθμόν.
402 4517 484 4572 TCV.
610 4538 611 4541 ¹
1063 4516 1171 4585 συνῆψαν
1184 4514 1212 4567 τὸ
1225 4536 1235 4562 α
1248 4513 1306 4566 όνευ
1318 4513 1470 4585 ψηφίσματος
1485 4510 1602 4584 άφεθῆναι
1611 4510 1738 4579 ἐποίησεν·
1753 4535 1764 4561 ι
1778 4510 1841 4565 άπα-

267 4598 389 4669 27015.
410 4596 460 4663 Τῆς
476 4595 553 4662 καλῆς
568 4596 698 4669 ἰργασίας]
714 4599 768 4652 κατ’
788 4597 926 4668 εἰρωνείαν·
948 4597 1017 4668 λέγει
1059 4594 1134 4660 τῆσας
1156 4593 1204 4665 γὰρ
1223 4592 1266 4646 τδν
1286 4593 1367 4662 δῆμον
1390 4598 1483 4647 ἔπεισεν
1505 4590 1623 4662 ἀφεθῆναι
1647 4591 1690 4645 τδν
1712 4591 1841 4660 άνθρωπον

231 4679 280 4752 γὰρ
291 4682 334 4747 τῆς
347 4676 467 4748 πορνείας,
478 4676 575 4731 ATCP,
1059 4670 1148 4736 ὀξέως,
1162 4671 1195 4732 ὡς
1208 4670 1269 4741 μηδὲ
1279 4670 1362 4741 καιρόν
1375 4668 1516 4743 ἐγγενέσθαι
1532 4675 1576 4723 τοῦ
1586 4670 1744 4741 ψηφίσασθαι.
1760 4668 1841 4724 ’ολον

269 4776 332 4828 270,
355 4763 396 4811 16.
416 4756 498 4810 Ὀκνῶ
512 4754 546 4827 μὴ
560 4758 616 4829 περὶ
632 4757 756 4829 σού]Δύο
773 4755 856 4822 άνύει,
871 4756 914 4810 καλ
926 4757 955 4811 τδ
972 4758 1016 4810 δε·
1059 4750 1140 4803 τῡίνυθ
1155 4749 1179 4812 ἔξ
1192 4748 1295 4821 ἀμφοῖν·
1308 4751 1389 4805 TCV·

233 4840 285 4890 κεῖν
298 4835 363 4891 εἰναι
372 4838 475 4907 σώφρων
490 4834 532 4889 ιιαί
542 4836 571 4889 τδ
583 4837 680 4909 φεύγειν
692 4836 735 4899 τὰς
748 4835 883 4907 λοιδορίας,
898 4836 943 4890 κάν
956 4832 1016 4890 ὦσιν
1095 4846 1157 4898 ²7¹,
1173 4833 1214 4892 ῐίι·
1236 4830 1282 4882 Καὶ
1302 4829 1323 4883 Εἰ
1339 4828 1372 4902 μὴ
1386 4828 1402 4898 ἣ
1418 4828 1494 4902 βουλδ
1506 4828 1522 4896 ἢ
1536 4827 1560 4891 ἔξ
1574 4826 1664 4899 ’όρῑίῡύ
1677 4830 1773 4900 πάγου]
1794 4829 1842 4881 Σύ·

232 4915 434 4984 άληθςῖς.Τ(Ν,
1060 4911 1144 4964 νάπτει
1166 4908 1251 4963 ἑαυτὸν
1273 4910 1423 4982 εύτραπίλως
1443 4910 1586 4981 σεμνοτάτῳ
1610 4908 1774 4981 βουλευτηρίῳ
1800 4909 1842 4961 καί

268 5014 331 5068 270,
350 5014 392 5068 19.
411 4996 473 5050 θύδί
493 4996 541 5068 γὰρ
551 4992 588 5050 ὧν
610 4995 698 5066 ἰτυχεν
719 4991 765 5064 ἦν]
777 4996 807 5048 εδ
824 4995 881 5065 παρ’
901 4994 1016 5049 ύπόνοιαν
1060 4992 1210 5061 καρποῦσθαι
1223 4990 1276 5062 μετ’
1291 4990 1383 5058 ἰκείνης
1394 4993 1504 5061 πειρᾶται
1520 4986 1564 5054 τὴν
1579 4986 1667 5049 δόξαν·
1681 4989 1711 5039 δν
1725 4985 1772 5059 γάρ
1788 4982 1840 5058 εύρε

233 5076 396 5147 καλούμενον.
438 5073 539 5141 Ἐπειδὴ
550 5075 800 5147 παρ’δπροσεδόιιων
815 5075 840 5128 οί
858 5065 975 5145 άπροαταί
988 5075 1017 5128 τδ
1061 5069 1105 5140 μέν
1129 5070 1299 5141 Δημοσθένης,
1325 5068 1429 5124 άπέλυοε
1457 5068 1483 5122 δέ
1504 5067 1637 5139 Αἰσχίνης,
1659 5064 1840 5134 έπεζῆτηοενῆ

233 5153 307 5227 βητδν
321 5152 439 5226 ἔπόγαγε.
453 5154 536 5210 TCV.
1061 5150 1138 5223 βουλὴ
1153 5153 1196 5207 καί
1209 5152 1323 5207 άνέοωσε.
1334 5154 1414 5209 TCV.

271 5251 334 5304 270,
349 5250 394 5288 20.
417 5234 573 5305 Παταρᾶται]
587 5234 632 5288 ίνα
645 5232 706 5306 λέγη
729 5235 781 5295 τοῖς
800 5233 942 5304 προδόταις·
965 5234 1018 5296 τοῖς
1094 5233 1129 5287 Tb
1140 5236 1241 5305 πρῖιγμα
1253 5231 1402 5304 αἰσθομένη]
1415 5228 1459 5295 τὴν
1471 5230 1584 5284 ύπόθεσιν
1598 5228 1715 5295 νοήσασα.
1730 5228 1759 5278 Ρ.
