3967 5967
234 465 292 517 έοέ
813 457 956 520 ΣΧΟΔΙΑ
979 459 1044 520 ΕΙΣ
1065 460 1262 569 mmmm.

230 584 347 652 δηλονότι
368 586 409 639 καὶ
423 591 466 640 τοῦ
475 589 651 659 Δημοσθένους.
668 591 750 643 BLM.
763 588 850 653 Αύτοΐς
870 593 897 660 (ς
912 596 956 658 61.)
971 592 1012 655 δέ,
1059 590 1085 643 δέ
1095 592 1141 663 πρδ
1153 598 1202 646 τῶν
1216 593 1299 647 πυλῶν
1311 600 1353 662 τῆς
1366 595 1522 667 ἀκροπόλεως
1538 599 1684 673 άνακεὶμενα
1699 602 1843 676 άγάλματα.

225 668 283 729 ,τοῖς
296 667 422 729 δικασταῖς
431 667 558 734 δηλονότι.
573 670 603 723 B.
1062 673 1121 726 LM.

268 748 313 801 65.
332 747 412 816 Λόγον
432 746 458 800 δέ
477 744 511 819 μή
529 748 681 819 προτιθέναι]
697 749 815 821 Γεγράφει
837 751 885 822 γάρ
904 751 918 804 ό
934 752 1016 821 Δημο-
1096 754 1139 821 75.
1153 752 1297 825 Τολμίδου]
1312 753 1389 818 Οὗτος
1400 758 1560 829 περιπλεύσας
1580 759 1771 830 Πελοπόννησον
1786 766 1842 836 μετ’

231 825 316 892 σθένης
326 824 352 879 έν
361 831 399 897 τῷ
408 827 554 898 ψηφίσματι,
564 831 595 899 τῇ
606 828 705 899 δευτέρα
719 827 798 901 ήμέρᾳ
814 831 891 902 μόνον
905 830 1016 902 ἐπιβηφί·
1065 828 1196 899 Ἀθηναίων
1205 832 1356 906 ηὐδοκίμησε
1368 836 1485 908 λαμπρῶς
1494 838 1535 891 καὶ
1542 838 1742 905 Βοιάς(Εύόοιαν
1749 843 1845 912 codd.)

232 906 293 970 ζειν,
309 903 389 969 ὅέστι,
398 910 496 977 κυροῦν,
511 907 684 979 συμόουλιύειν
703 908 729 962 δέ
748 911 850 980 μηδένα.
889 909 944 973 Πῶς
959 906 1015 976 σύν,
1062 912 1104 963 καλ
1119 912 1217 984 ίίύθηρα
1232 911 1297 967 είλεν
1312 915 1433 986 ἄρχοντος
1446 915 1559 986 Ἀθήνησι
1572 916 1689 973 Καλλίου.
1707 918 1842 994 Ἦνέπρησε

231 984 317 1055 φησίν,
330 982 439 1057 ἐμελλον
456 985 606 1057 Φιλοκράτει
621 990 779 1059 συνηγορεῖν,
793 987 827 1061 μή
845 988 919 1057 ούσης
936 989 1018 1053 ἀδείας
1060 992 1086 1046 δέ
1102 992 1252 1065 όΤολμίδης
1262 995 1343 1048 καὶτὰ
1357 1000 1445 1070 νεώρια
1460 1000 1658 1071 Λακεδαιμονίων
1689 1003 1750 1058 LM.

232 1060 274 1113 ⁸¹3¹
288 1062 318 1116 ῐθ
330 1063 441 1136 θίθωμα
452 1083 459 1131 3
471 1066 552 1119 Bffl·
1098 1079 1142 1142 76.
1157 1074 1299 1146 Δεκελείας]
1311 1075 1426 1131 Δεκέλεια
1435 1079 1514 1150 δῆμος
1528 1082 1571 1145 τῆς
1583 1078 1690 1147 Ἀττικῆς
1700 1085 1744 1147 τῆς
1759 1080 1844 1137 Ἱππο-

268 1148 312 1197 66.
336 1144 400 1214 Πρδς
417 1146 474 1206 τούς
491 1145 528 1217 ἐφ’
555 1144 648 1218 ἡμέραν
671 1147 786 1220 καιρούς]
804 1168 845 1220 γρ.
873 1148 1013 1220 ἐφημέρους.
1060 1154 1191 1217 θοωντίδος
1216 1155 1302 1225 φυλῆς.
1346 1157 1446 1226 Ταύτην
1478 1158 1631 1230 ἐπετείχισαν
1657 1162 1845 1234 Λακεδαιμόνιοι

230 1223 315 1277 BLM.
331 1223 434 1294 ίέαιρυύς
448 1225 516 1297 λέγει
533 1224 638 1279 ἐνταῦθα
648 1225 692 1289 τδς
703 1228 795 1298 χρείας.
833 1228 898 1300 ίίρδς
908 1228 957 1300 γάρ
974 1227 1016 1292 τὰς
1064 1231 1194 1301 Ἀθηναίοις
1204 1234 1258 1287 κατ’
1273 1233 1423 1289 ’λλκιόιάδου
1434 1240 1548 1310 γνώμην,
1559 1240 1601 1292 καί
1613 1239 1716 1307 έξαύτής
1724 1241 1843 1312 όρμηθέν·

230 1301 314 1373 χρείας
327 1305 515 1374 περιπιπτούσας
531 1306 596 1360 ούτω
609 1306 651 1360 καὶ
668 1306 724 1369 τούς
741 1306 832 1380 λόγους
846 1308 1016 1380 μεταόάλλου·
1060 1330 1099 1373 τες
1109 1313 1231 1383 κατέσχον
1245 1316 1288 1380 τῆς
1303 1315 1408 1379 πόλεως.
1421 1317 1481 1372 LM.

231 1402 279 1436 σιν.
295 1385 399 1439 BFLM.
1096 1392 1170 1464 Νομῇ
1180 1395 1331 1466 χρημάτων]
1348 1394 1512 1467 Προήχθησαν
1526 1396 1551 1449 οί
1563 1396 1663 1469 ῥήτορες
1679 1397 1726 1452 ύπδ
1737 1406 1786 1453 τῶν
1800 1402 1843 1467 δή-

267 1462 454 1536 ίίροτεθέντων]
471 1464 669 1534 προόληθίντων.
682 1469 719 1534 Q,
1061 1492 1114 1542 μων
1123 1471 1381 1528 διδτδιιῖννπλουσίων
1389 1475 1748 1548 κατηγοροῦνταςάφαιρεΐσθαι
1758 1478 1843 1541 αύτούς

265 1543 330 1605 Τούς
347 1542 433 1605 αύτούς
448 1542 586 1616 άκροατδς]
601 1546 657 1607 τούς
672 1546 807 1617 μέλλοντας
823 1547 865 1601 καλ
878 1547 946 1620 ἐντή
963 1547 1017 1615 έξῆς
1058 1543 1089 1595 τά
1102 1543 1221 1615 χρήματα
1231 1544 1273 1598 καί
1286 1546 1449 1613 δημοσιεύειν,
1464 1548 1480 1598 ἃ
1494 1548 1618 1617 διενέμετο
1632 1552 1668 1619 τῷ
1683 1548 1765 1620 όχλιρ.
1781 1552 1841 1604 LM.

230 1619 308 1693 ἐθέέθθ
320 1621 424 1676 dmm(
437 1643 485 1695 μου
496 1623 623 1680 ῒθνᾱθτίῦ.
638 1628 720 1681 FLM·
1096 1640 1140 1692 77.
1159 1621 1312 1696 Ἆρμυστήν]
1333 1626 1522 1697 Λακεδαιμόνιοι
1536 1625 1732 1694 ,ἐπολιτεύσαντο
1747 1628 1773 1681 έν
1793 1634 1845 1692 τοῖς

265 1707 308 1771 67.
329 1701 443 1773 Ἐρχιέα]
457 1702 506 1758 άπδ
520 1702 612 1775 δήμου,
629 1708 659 1760 θ’.
1060 1700 1184 1770 Ἕλλησιν
1197 1703 1230 1765 ῶς
1239 1705 1374 1774 προστάται
1385 1705 1427 1757 καί
1442 1707 1575 1776 κηδεμόνες
1586 1711 1636 1759 τῶν
1650 1706 1758 1761 πόλεων.
1776 1706 1844 1774 Ἀθή-

269 1779 434 1855 Ἔπυβήφιζε]
451 1782 507 1836 ἀντὶ
520 1788 564 1839 τοῦ
575 1783 729 1839 ύπεόάλλετο
741 1791 777 1857 τῷ
790 1786 863 1859 δήμιρ
876 1785 1016 1858 καλήκύρου
1060 1782 1132 1848 νηθεν
1154 1781 1203 1854 γάρ
1219 1782 1332 1845 ἐξέόαλον
1353 1783 1409 1846 τούς
1432 1783 1646 1855 Πεισιστρατίδας,
1667 1784 1695 1838 ἐκ
1717 1784 1744 1837 δέ
1764 1786 1845 1848 Νάξου

229 1860 260 1914 τά
274 1861 422 1933 ψηφισθέντα
433 1863 458 1917 έν
473 1866 600 1937 τχπφῶτη
614 1863 742 1936 ἐκκλησίᾳ,
754 1868 835 1919 ΠΜ,
1002 1872 1009 1889 ²
1059 1861 1185 1932 Λύγδαμιν
1197 1862 1325 1933 τύραννον,
1340 1862 1396 1925 τούς
1407 1862 1433 1916 δέ
1443 1861 1492 1916 άπδ
1506 1863 1663 1925 Κλεισθένους
1673 1862 1699 1918 ἐκ
1713 1864 1843 1928 Σοιυῶνος,

267 1944 312 1997 68.
331 1940 526 2014 Ἐπιδείξασθαι]
549 1944 608 2015 πρδς
625 1945 654 1997 εδ
678 1968 689 1994 ι
713 1951 831 2017 μαρτυρεῖ
856 1944 977 2017 Ἀμύντωρ
1001 1969 1012 1995 ν
1064 1939 1153 1994 Ὁπότε
1174 1936 1218 1994 σύν
1242 1943 1420 2004 στασιάζουσαν
1439 1942 1511 1996 πόλιν
1533 1942 1677 2013 άρμόοειαν,
1700 1943 1844 1997 κατέλειπον

231 2023 377 2076 συντακτέον
389 2022 547 2092 Δημοσθένην
562 2023 722 2086 ἐπιδείξασθαι
736 2026 766 2079 F.
1059 2020 1144 2075 αύτόθι
1158 2026 1223 2092 σφῶν
1238 2021 1362 2091 ἄρχοντα,
1373 2022 1403 2074 δν
1415 2020 1518 2075 ἐκάλουν
1535 2019 1671 2092 ἁρμοστὴν,
1686 2022 1746 2092 πρός
1756 2023 1784 2077 το
1802 2024 1844 2094 άρ·

269 2100 435 2173 Ἐκκλήτευε]
457 2100 513 2156 άντλ
525 2106 570 2156 τού
584 2104 689 2159 έκκαλυῦ
703 2104 744 2158 έπλ
760 2104 846 2174 ὅρκον,
866 2105 881 2158 ό
895 2102 965 2167 ἐστι,
983 2105 1016 2176 τῇ
1060 2103 1144 2173 μύζειν
1157 2099 1202 2168 τήν
1215 2101 1287 2155 πόλιν
1299 2102 1341 2154 καὶ
1355 2100 1389 2173 μὴ
1403 2102 1445 2156 ἐᾶν
1456 2103 1605 2163 στασιάζειν.
1625 2104 1686 2158 Lm.

229 2183 262 2253 τῇ
274 2184 345 2253 φωνῇ
356 2182 462 2235 κάλεσον
479 2181 564 2249 αύτδν,
579 2179 601 2238 ὅ
617 2183 699 2254 κῆρυξ.
720 2183 872 2238 Ἐκινδύνευε
883 2183 957 2256 γθρό
971 2203 1016 2236 κα·
1095 2186 1139 2250 78.
1155 2181 1213 2235 θέτ’
1226 2182 1296 2244 εἰδὼς
1306 2181 1357 2236 οὔτ’
1369 2181 1474 2253 ἐπιδὼν]
1491 2181 1559 2243 είδιός
1567 2181 1635 2252 λέγει
1646 2177 1701 2235 οίον
1715 2184 1789 2254 γνούς
1802 2184 1843 2236 αύ-

230 2260 349 2331 λούμενος
366 2261 408 2315 καί
422 2259 457 2333 μή
471 2262 610 2329 ύκακούων,
631 2264 665 2325 ὡς
678 2269 837 2335 καταφρονῶν
854 2269 902 2317 τῶν
919 2265 1013 2335 νόμων.
1058 2265 1103 2315 τοῦ
1124 2260 1167 2315 τδν
1187 2262 1290 2331 τρόπον·
1312 2260 1341 2313 το
1363 2260 1390 2314 δέ
1406 2259 1476 2333 ἰδών,
1490 2261 1519 2313 οθ
1540 2259 1664 2331 θεωρήσας
1683 2260 1758 2315 αύτδν
1771 2262 1797 2315 ἐν
1813 2268 1845 2335 τῇ

232 2340 336 2393 BFLM.
1059 2342 1157 2409 νεότητι
1170 2339 1245 2395 αύτοῦ
1259 2342 1301 2393 ὅτε
1313 2339 1468 2394 ἐπολιτεύετο
1478 2340 1521 2394 καὶ
1532 2340 1699 2412 ἐδημοσίευεν.
1715 2343 1797 2398 FLM.

265 2436 309 2487 7ο.
324 2419 488 2490 Στρατηγόν]
502 2420 545 2473 τδν
559 2420 668 2493 Χάρητα.
685 2424 736 2477 BF.
1095 2421 1218 2492 Νομάδων
1230 2421 1346 2491 Σκυθῶν]
1364 2418 1433 2482 ίθνος
1443 2421 1494 2473 ἐστὶ
1511 2420 1640 2485 Σκυθικδν,
1656 2421 1680 2473 οἱ
1693 2422 1844 2494 καλούμενοι

265 2496 307 2560 Είς
323 2498 352 2552 τδ
364 2499 506 2570 συνέδριον]
522 2499 599 2554 οίονελ
611 2499 644 2564 είς
657 2498 702 2566 τὴν
716 2502 788 2555 πόλιν
803 2507 852 2555 τῶν
871 2501 1014 2570 Ἀθηναίων.
1059 2498 1199 2571 άμάξοικοι.
1221 2502 1281 2555 LM.
1302 2497 1402 2553 Ὧσανελ
1416 2499 1503 2569 ἐλεγε,
1522 2499 1563 2552 καλ
1576 2501 1653 2553 ταῦτα
1666 2498 1722 2553 ούδὲ
1741 2499 1789 2553 άπδ
1804 2501 1843 2553 εὗ·

229 2575 358 2649 Συνέδρων
370 2576 396 2630 δέ
410 2574 486 2642 αύτήν
496 2577 582 2644 καλεῖ,
596 2579 657 2632 καθδ
667 2579 691 2631 υί
704 2580 834 2651 σύμμαχοι
842 2579 875 2643 είς
885 2578 929 2647 τήν
938 2580 1015 2653 ίγγου-
1063 2586 1142 2651 γενῶν
1152 2578 1338 2644 τινῶνΣκυθῶν,
1348 2577 1414 2632 ἀλλὰ
1421 2580 1534 2651 νομάδων
1546 2578 1588 2633 καλ
1599 2578 1746 2648 βιοπλανῶν,
1759 2581 1839 2636 ί·“ί,θί.

231 2644 305 2726 μένην
319 2655 393 2710 πόλιν
409 2657 529 2728 συνήισαν
545 2658 743 2729 συνεδρεύσοντες
754 2659 796 2712 καλ
812 2658 1014 2731 βουλευσόμενοι.
1094 2661 1144 2713 Τοῦ
1158 2659 1299 2731 Βουζύγου]
1314 2663 1357 2712 τοῦ
1367 2659 1437 2721 όντος
1449 2659 1475 2712 ἐκ
1484 2665 1528 2712 τοῦ
1542 2661 1628 2732 γένους
1638 2664 1686 2713 τῶν
1702 2658 1840 2728 Βουζυγῶν,

229 2736 333 2791 BFLM.
1061 2738 1107 2792 Ἐν
1114 2738 1168 2839 γάρ
1179 2729 1210 2800 ήν
1225 2740 1267 2791 καλ
1280 2744 1354 2792 τοῦτο
1373 2740 1444 2810 γένος
1460 2740 1541 2810 τίμιον
1551 2740 1617 2811 παρά
1626 2742 1679 2802 τοῖς
1693 2736 1841 2806 Ἀθηναίοις,

264 2813 476 2887 Ιέαταχρήσασθε]
498 2814 554 2870 άντὶ
569 2820 614 2871 τοῦ
633 2819 771 2888 φονεόσατί
791 2838 831 2890 με.
853 2820 958 2873 BFLM.
980 2818 1014 2872 'ss
1059 2818 1084 2880 ἐξ
1099 2838 1129 2871 συ
1147 2818 1242 2887 ἐγένετο
1262 2816 1365 2887 ήίέφεια
1378 2821 1421 2884 τῆς
1443 2816 1552 2885 Ἆθηνᾶς.
1568 2818 1694 2889 Βουζύγης
1706 2816 1733 2870 δέ
1752 2815 1843 2886 ἐκλήθη

230 2894 418 2948 κατεδικάσατε.
432 2895 515 2948 BLM.
1063 2896 1220 2969 Ἐπιμενίδης
1234 2895 1366 2963 Ἀθηναίων
1384 2902 1433 2950 τῶν
1455 2897 1548 2962 πάλαι,
1564 2898 1631 2960 όστις
1643 2902 1737 2967 πρῶτος
1758 2898 1845 2967 ζεῦγος

266 2990 310 3043 71.
334 2972 381 3028 Ἔν
395 2975 448 3037 τοῖς
460 2973 575 3047 άγῶσιν]
594 2969 648 3029 οίον
662 2976 722 3029 όταν
739 2973 859 3038 πολλάκις
867 2975 929 3039 τινές
941 2976 1016 3031 αἰτοῦ
1060 2978 1125 3047 βοῶν
1138 2974 1241 3038 ἔζευξεν.
1280 2976 1356 3030 Ὅθεν
1370 2977 1413 3029 καὶ
1431 2976 1460 3030 τδ
1480 2976 1582 3048 άροτρον
1601 2976 1676 3031 αὐτοῦ
1697 2975 1805 3029 ἀνέκειτο
1817 2974 1843 3028 ἐν

229 3053 442 3126 κατηγορήσωσιν.
456 3056 561 3123 BFLM,
1058 3061 1091 3129 τῇ
1104 3055 1237 3127 ἀκροπόλει
1250 3056 1309 3127 πρὸς
1319 3055 1429 3127 μνήμην.
1444 3057 1526 3108 FLM.

269 3131 436 3205 Ἀλαζονείας]
451 3132 612 3206 ψευδολογίας
628 3132 669 3187 καλ
685 3133 883 3205 προσποιήματα.
897 3137 978 3189 Bm.
1094 3156 1139 3207 79.
1159 3134 1203 3188 Ἐν
1221 3139 1274 3199 τοῖς
1295 3135 1401 3208 μυρίοις]
1424 3135 1512 3205 Μύριοι
1535 3133 1656 3206 Ἀρκάδων
1672 3134 1796 3205 συνέδριον
1816 3134 1842 3187 έν

267 3213 591 3285 Δηιάρην-Πολυφόντην]
617 3210 694 3265 Οὗτοι
709 3212 807 3274 ξενικῶν
829 3217 1017 3287 στρατευμάτων
1060 3215 1245 3287 Μεγαλοπόλει.
1265 3216 1294 3268 Β.

229 3293 271 3346 καί
286 3293 464 3364 μισθοφορικῶν
487 3292 617 3365 ήγεμόνις.
633 3294 716 3348 BLM.
730 3292 840 3355 Τούτους
859 3293 926 3365 λέγει
940 3294 1016 3368 ήγου-
1098 3292 1257 3365 ’ίέστιγμένος
1272 3293 1427 3365 αύτόμολος]
1438 3291 1519 3358 ἐπειδὴ
1529 3292 1553 3346 οί
1567 3294 1671 3364 φυγάδες
1686 3298 1734 3346 τῶν
1746 3292 1844 3346 δούλων

230 3374 315 3443 μένους
324 3378 374 3426 τῶν
388 3371 487 3434 ξενικῶν
501 3373 700 3443 στρατευμάτων,
715 3371 758 3433 οθς
772 3373 905 3444 παρέφερον
919 3376 944 3428 οἱ
962 3378 1016 3449 περὶ
1059 3372 1185 3435 ἐστίζοντο
1195 3373 1225 3426 τὸ
1237 3376 1360 3442 μέτωπον,
1379 3373 1468 3427 δέστιν
1483 3372 1649 3443 ἐπεγράφοντο
1665 3394 1675 3421 ι
1692 3373 1782 3441 κάτεχέ
1794 3391 1840 3442 με·

228 3455 271 3507 τόν
283 3453 382 3524 Χάρητα
402 3450 435 3514 είς
454 3452 597 3523 μαρτυρίαν,
610 3451 726 3522 λέγοντες
737 3452 776 3505 ότι
792 3448 827 3514 τίς
844 3453 943 3517 τούτους
955 3454 1016 3524 άνη.
1057 3453 1148 3525 φεύγω.
1166 3475 1176 3503 ι
1192 3452 1229 3505 Ἢ
1238 3454 1277 3506 ότι
1292 3452 1416 3514 ἐστίζοντο
1429 3452 1453 3505 οἱ
1465 3451 1615 3523 αύτόμολυι,
1626 3451 1670 3504 ίνα
1683 3451 1844 3522 γνωρίζυιντο

228 3534 354 3605 λῶσαμεν.
392 3531 514 3602 Δραπέτας
529 3530 642 3584 δέοίυνελ
655 3530 831 3601 πλανωμένους
842 3531 909 3595 τινάς
926 3535 967 3587 καθ
981 3534 1016 3608 μὴ
1059 3533 1100 3584 καί
1114 3529 1147 3603 μή
1163 3530 1288 3585 άδικοῖντο
1306 3530 1431 3603 καρδιῶν
1446 3531 1583 3603 πολεμίων.
1608 3530 1646 3585 'fl
1661 3529 1744 3597 ἐπειδὴ
1756 3529 1845 3601 Ξέρξης

231 3613 335 3685 έχοντας
349 3612 473 3682 πατρίδας.
489 3611 532 3665 BF
533 3611 594 3665 m.
1059 3611 1181 3679 θηόαίους
1191 3610 1411 3683 αύτομολήσαντας
1422 3612 1526 3674 έστιζεν.
1538 3613 1599 3665 LM.

266 3694 380 3763 ίέατῆγου
388 3691 398 3762 ]
407 3690 482 3743 οίονελ
492 3689 656 3760 έπειράτευον,
666 3688 809 3760 ἐλήστευον,
822 3690 864 3743 καὶ
876 3692 909 3753 ὡς
918 3690 1018 3757 έαυτοὶις
1094 3690 1283 3762 Περιοριύντων]
1302 3686 1357 3744 οίον
1371 3690 1594 3762 περισκοπούντων.
1605 3691 1636 3742 F.

229 3774 365 3846 λῃστρικῶς
384 3772 494 3840 κατῆγον
508 3769 564 3830 τούς
576 3767 771 3837 πλωίζομένους.
789 3771 818 3824 B.
1093 3771 1231 3841 Συνίστην]
1249 3770 1305 3823 άντλ
1320 3775 1364 3824 τοῦ
1378 3771 1430 3842 ἅμα
1449 3768 1546 3823 ἐποίουν
1567 3769 1705 3841 όμονοῆσαι
1719 3766 1781 3820 κατὰ
1799 3767 1845 3818 11³2-

265 3868 309 3921 72.
332 3849 499 3920 Μυοννήσου]
513 3846 587 3919 μικρά
605 3851 693 3915 νῆσος,
713 3848 743 3914 ἢν
758 3848 849 3920 λῃσταί
865 3849 1018 3905 καταλαόόν-
1058 3851 1159 3906 λίππου,
1173 3851 1256 3904 FLM.
1271 3849 1390 3917 Συνίστην
1401 3848 1428 3902 δέ
1445 3850 1501 3903 τότε
1514 3848 1590 3903 ταύτὰ
1607 3849 1705 3919 φρονεῖν
1724 3847 1765 3898 καί
1784 3848 1843 3916 βοη-

230 3950 269 3993 τες
282 3929 325 3984 καὶ
344 3928 385 3982 ἀπ’
404 3927 479 3993 αύτῆς
499 3926 641 4000 ὁρμώμενοι
657 3926 713 3989 τούς
733 3926 852 3991 πλέοντας
872 3927 1014 4002 ἐλήστευον.
1059 3931 1112 3983 θεῖν
1123 3927 1254 3994 ἀλλήλοις.
1265 3929 1325 3981 ffl.

229 4000 315 4067 Bm.
667 4059 673 4066 .
898 4034 901 4039 ’
1094 4006 1382 4077 Συνεπιστρατευόντων]
1394 4007 1449 4059 καθ’
1459 4005 1530 4078 ήμῶν
1546 4005 1663 4073 δηλονότι
1678 4003 1740 4077 μετὰ
1751 4002 1843 4056 Φιλίπ-

265 4088 512 4162 Λήμνου-Σκύρου]
525 4083 596 4140 αύται
611 4090 681 4154 νῆσοι
697 4085 829 4154 Ἀθηναίων
846 4086 959 4154 ύπήιοοι.
983 4094 1014 4146 B.
1058 4108 1105 4142 που
1120 4087 1313 4158 προτεινόντων.
1329 4088 1389 4140 LM.

265 4170 435 4242 Συγκλήτους]
452 4167 580 4239 Ἐξαίφνης
590 4167 629 4222 έπλ
641 4166 737 4239 έκάοτιρ
747 4174 796 4221 τῶν
812 4171 1014 4239 προσπιπτόντων
1094 4169 1138 4222 80.
1153 4164 1189 4217 ίλύ
1204 4165 1437 4235 τοῖς-νικήσασιν]
1451 4164 1481 4217 ού
1494 4167 1547 4227 τοῖς
1559 4163 1696 4234 πρέσόεσιν,
1710 4160 1776 4213 άλλά
1793 4165 1845 4222 τοῖς

232 4248 359 4316 ἐκκλησίαι
371 4247 553 4319 συλλεγόμεναι
563 4245 699 4299 ἐκαλοῦντο
711 4247 849 4315 ούγκλητυι
860 4269 865 4278 ·
877 4248 902 4300 αί
913 4248 939 4303 δέ
953 4252 1015 4304 κατά
1059 4248 1217 4317 στρατηγοῖς.
1235 4247 1256 4298 F
1257 4238 1316 4301 m.

232 4330 298 4398 μῆνα
311 4326 444 4398 ὡρισμέναι
464 4324 629 4396 ὀνομάζονται
641 4324 731 4396 κύριαι.
744 4327 804 4379 LM.
819 4324 961 4396 Σύγκλητος
975 4327 1015 4383 ἐκ·
1095 4331 1140 4382 8ι.
1159 4324 1202 4377 Ἔν
1218 4328 1249 4395 τῇ
1263 4323 1367 4396 ύστέρφ]
1383 4322 1439 4377 άντί
1454 4328 1497 4376 τοῦ
1509 4322 1534 4376 έν
1548 4326 1579 4394 τῇ
1591 4323 1704 4392 δευτέρα·
1723 4320 1777 4390 περὶ
1791 4321 1846 4372 ταύ-

231 4409 322 4477 κλησία
338 4405 452 4462 ἐκαλεῖτο
469 4403 486 4472 ἢ
498 4402 609 4475 μὴκατὰ
622 4403 664 4457 τδν
677 4404 754 4472 νόμον
769 4403 905 4474 μηδέκατδ
920 4406 1017 4472 τὀἐθος
1059 4426 1102 4473 της
1122 4405 1169 4476 γάρ
1195 4403 1348 4475 ἐγκαλεῖται.
1391 4401 1560 4474 Ὅμηρεύοντα
1578 4401 1605 4454 δέ
1630 4401 1698 4471 λέγει
1720 4398 1775 4451 άντί
1802 4404 1845 4452 τεῦ

226 4476 366 4562 γινομένη,
384 4484 450 4538 άλλίι
463 4484 490 4538 ἐκ
502 4488 545 4537 τοῦ
557 4486 711 4555 παραχρῆμα
721 4483 763 4537 καὶ
776 4483 838 4536 κατὰ
850 4487 935 4556 χρείαν
950 4490 1015 4554 τινά,
1060 4487 1154 4556 ύμηρον
1163 4486 1224 4537 ὄντα
1232 4484 1273 4536 καὶ
1286 4482 1398 4554 ἐνέχυρον
1408 4484 1576 4554 κατεχόμενον
1586 4481 1644 4551 ύπέρ
1660 4479 1845 4550 Κερσοόλέπτου

227 4566 286 4630 ,οἷον
301 4566 358 4621 εἴτε
375 4562 485 4633 ἐξαίφνης
498 4561 667 4624 κατεπείξειεν.
680 4565 710 4616 Β.
1060 4570 1103 4617 τοῦ
1126 4563 1216 4635 πατρὸς
1237 4562 1326 4625 αὑτοῦ,
1348 4564 1426 4627 καθὀ,
1447 4562 1530 4633 φησὶν,
1546 4556 1576 4628 ἦν
1593 4561 1731 4631 χειρωθείς.
1759 4561 1843 4614 FLM.

272 4646 317 4715 73.
328 4644 380 4698 Τδν
392 4642 431 4696 ἐπὶ
445 4647 493 4694 τῶν
507 4640 676 4712 ύπηρετικῶν]
689 4641 725 4693 Τά
734 4642 812 4696 λεπτά
824 4642 901 4695 πλοῖα
913 4645 954 4698 καὶ
964 4649 1018 4708 ταῖς
1061 4647 1187 4707 Βυζάντιοι
1199 4642 1240 4696 καὶ
1249 4643 1371 4713 Περίνθιοι
1381 4643 1422 4696 καί
1433 4641 1585 4712 Ἆμάδοκοςό
1595 4639 1660 4710 Θρᾲξ
1672 4637 1845 4710 Κερσοόλὲπτη

230 4725 351 4799 τριήρεσιν
364 4722 515 4795 ἐφελκόμενα
526 4721 585 4793 πρδς
601 4720 732 4793 ύπηρεσίαν
750 4723 863 4776 καλεῖται
874 4723 1013 4795 ύπηρετικά.
1059 4731 1095 4797 τῷ
1107 4724 1208 4794 βασιλεῖ
1219 4725 1305 4794 μέρους
1316 4724 1412 4794 Θρᾴκης
1422 4722 1481 4793 ύπέρ
1493 4721 1634 4793 ἀμφιλόγου
1648 4722 1731 4790 χώρας
1741 4717 1839 4789 ἐξηνὲγ·

233 4807 270 4860 Μ.
301 4804 382 4859 Λείπει
396 4801 552 4873 τεταγμένοι.
594 4798 667 4871 ’λρχή
681 4801 708 4854 δέ
723 4820 760 4864 τις
772 4797 802 4868 ήν
819 4806 956 4875 τεταγμένη
978 4804 1018 4858 ἐπὶ
1060 4824 1134 4857 καντο
1146 4802 1267 4874 πόλεμον,
1278 4796 1316 4864 οίς
1325 4802 1450 4864 Φίλιππος
1462 4801 1697 4872 συλλαμόανόμενος
1709 4798 1846 4867 ἐπολέμησε

232 4891 270 4958 τῷ
291 4883 460 4957 ἐπιμελεῖσθαι
480 4886 529 4934 τῶν
548 4885 637 4934 κωπῶν
660 4880 763 4935 καὶτῶν
780 4881 892 4953 άρμένων
911 4885 1017 4939 καὶτῶν
1060 4883 1245 4955 ίίεροοθλέπτην
1265 4882 1306 4934 καὶ
1327 4881 1452 4952 ἠνάγκασε
1466 4880 1511 4947 τήν
1532 4899 1558 4933 τε
1578 4878 1724 4951 ἀμφίλογον
1734 4880 1847 4947 παρεῖναι

232 4964 360 5029 τοιούτων,
373 4961 420 5016 ύπδ
430 4958 475 5027 τήν
485 4965 534 5013 τῶν
546 4958 703 5014 άποστολέων
713 4956 775 5013 ούσα
784 4962 825 5014 καὶ
833 4961 1016 5037 ύποτεταγμένη
1060 4966 1113 5025 τοῖς
1127 4963 1259 5033 ἐγκαλοῦσι
1269 4962 1310 5013 καὶ
1321 4962 1406 5032 φιλίαν
1422 4960 1502 5014 αὐτῶν
1515 4959 1669 5025 καταστήσας
1682 4956 1847 5011 ἐόεόαιῶσατο

233 5045 305 5118 αύτῇ.
321 5045 381 5100 FM·
1060 5026 1103 5097 τόν
1124 5041 1241 5113 βασιλέα,
1265 5041 1360 5111 όμηρον
1385 5040 1442 5110 παρ’
1459 5040 1534 5093 αύτοῦ
1554 5040 1639 5092 λαθὼν
1659 5037 1702 5091 τδν
1720 5036 1783 5100 υίδν,
1805 5034 1848 5086 καί
1881 5067 1884 5073 -

269 5133 313 5198 74.
334 5124 366 5179 Οί
392 5122 599 5195 συντεταγμένοι]
622 5120 698 5173 οίονελ
721 5120 745 5173 σί
771 5126 942 5194 ρατριάζοντες
963 5129 1017 5180 καθ’
1060 5123 1188 5195 ἀπήγαγεν
1199 5121 1232 5184 είς
1243 5122 1409 5174 Μακεδονίαν.
1423 5123 1506 5178 HM.

234 5209 305 5279 θγμῶν
324 5205 364 5258 καλ
380 5207 423 5271 τῆς
442 5204 561 5274 σωτηρίας
579 5205 622 5268 τῆς
635 5201 739 5263 πόλεως.
756 5202 813 5257 FM.
1096 5209 1140 5260 82.
1156 5204 1281 5274 Ααγχάνει
1289 5201 1456 5271 προεδρεύειν]
1470 5196 1513 5262 Είς
1520 5203 1555 5253 ὧν
1566 5206 1615 5253 τῶν
1626 5199 1680 5252 τότε
1696 5195 1845 5268 βουλευτῶν,

269 5286 306 5342 T&
317 5285 472 5358 προπύλαια]
487 5285 545 5355 άπερ
561 5282 665 5350 ἐστησαν
678 5282 710 5335 δι’
728 5281 822 5353 ἀρετῆς.
834 5286 855 5337 F
857 5287 915 5339 LM.
934 5287 1016 5341 Ἦσαν
1060 5287 1092 5349 ῶς
1102 5285 1214 5355 άνωτέρω
1230 5282 1339 5353 εἴπομεν,
1356 5281 1431 5352 ἔλαχε
1444 5282 1557 5351 γενέσθαι
1569 5280 1693 5351 πρόεδρος.
1730 5275 1788 5329 ’Aah
1799 5273 1846 5346 γάρ
