3967 5967
821 513 1074 577 insunuans.
1694 509 1746 557 3οῐ

174 639 270 706 Scliol.
286 646 322 703 ad
333 645 359 702 b.
371 647 390 705 l.
406 666 434 724 p.
455 646 518 703 iia
539 649 575 706 30
587 648 633 705 ed.
649 649 734 706 Paris.
751 668 758 703 ι
774 646 920 726 Εὐριπίδης
963 651 1548 726 gatumSyraeusasproiectumesscueque
1559 652 1676 725 qnando
1686 650 1749 709 lieri

136 734 200 812 πρὸς
217 732 276 800 τοὺς
288 732 483 813 Συρακουσίους
495 733 611 813 πρίσόυς
624 734 784 802 ἀποσταλεὶς
798 735 842 792 καὶ
853 735 913 813 περὶ
964 741 1092 814 potnerit
1105 738 1190 795 facile
1201 740 1303 813 aliquis
1314 741 1528 815 excogitaverit.
1538 740 1633 812 Quare
1642 741 1664 795 si
1675 740 1748 815 quid

136 822 240 900 εἰρήνης
260 823 306 879 καλ
324 820 411 902 φιλίας
437 821 573 900 δεόμενος,
607 826 643 891 ὥς
664 824 759 881 ἰκεῐνοι
790 821 918 894 ἀνίνευον,
963 827 1025 882 veri
1035 827 1063 881 in
1074 828 1174 882 scholii
1189 827 1282 907 verbis
1296 829 1367 884 inest
1384 845 1478 902 neque
1491 827 1571 901 quod
1586 829 1751 886 aristoteles

135 900 221 967 εἶπεν·
242 908 311 981 ἔδει,
331 909 422 989 ἄνδρες
451 911 643 990 Συρακούσιοι,
658 912 682 969 εἰ
705 911 751 970 καί
768 909 812 969 διὰ
831 912 917 987 μηδὲν
963 927 1060 976 namot
1071 914 1109 971 ad
1123 934 1167 971 res
1181 917 1306 990 privatas
1322 915 1467 991 Euripidis
1478 918 1616 991 pertinet,
1631 928 1749 991 potuve·

136 996 215 1070 tito,
236 997 306 1056 όλλό
319 1020 349 1074 γε
371 996 414 1056 nt
432 996 462 1055 τὸ
483 1000 543 1078 όρτι
565 1001 638 1075 ὑμῶν
652 997 771 1072 δίεσθαι,
795 998 918 1078 αἰσχίνε·
964 1006 1019 1059 rim
1034 1004 1071 1060 de
1085 1022 1120 1060 eo
1140 1014 1266 1079 tempore
1281 1005 1465 1080 cogitandum
1479 1024 1557 1074 esse,
1577 1004 1657 1079 quod
1674 1005 1749 1068 inter

135 1092 196 1144 σθαι
207 1089 277 1161 ἡμᾶς
288 1090 324 1153 ὡς
333 1084 521 1162 θαυμάζοντας.
543 1084 585 1146 Tt
597 1084 624 1144 dl
639 1086 698 1145 όλον
711 1086 827 1145 τοιοῦτόν
841 1088 896 1144 lon
909 1106 915 1119 ·
963 1094 1091 1166 priorem
1104 1103 1131 1149 et
1142 1093 1331 1167 posteriorem
1341 1093 1551 1169 expeditionem
1565 1094 1683 1149 siculam
1698 1093 1747 1147 in-

134 1174 213 1255 ρησίν
228 1177 242 1231 ὁ
260 1171 405 1252 Εὖριπίδης
415 1172 479 1253 πρὸς
492 1172 552 1242 eolre
564 1172 775 1254 Συρακουσίους,
789 1177 824 1241 όις
837 1177 866 1233 od
877 1175 917 1233 δεῖ
964 1180 1114 1254 terJectum
1129 1181 1192 1238 suit.
1215 1185 1262 1238 An
1277 1181 1437 1256 Euripides,
1456 1176 1654 1255 Xenophontis
1668 1192 1749 1255 petor

134 1265 340 1345 ἀποπεμφθῆναι
349 1263 414 1342 παρ’
425 1266 508 1341 ὑμῶν,
517 1265 583 1324 διότι
595 1263 665 1332 ἅπαξ
677 1267 751 1341 ὑμῶν
761 1263 916 1341 ἰδεήθημεν,
965 1269 1102 1343 (Thucyd.
1113 1287 1143 1343 a,
1156 1288 1204 1341 po,
1218 1269 1279 1343 79),
1290 1268 1489 1345 intelligendus
1501 1270 1562 1326 esti
1572 1298 1583 1317 ·
1593 1270 1746 1328 Sturnos.

132 1355 169 1417 ὡς
181 1356 249 1429 ὑμᾶς
259 1352 463 1431 θαυμάζοντεςι
474 1356 659 1412 Ruhnkenius
668 1357 676 1429 l
685 1357 751 1414 hist.
764 1374 809 1415 or.
826 1375 855 1430 p.
870 1356 916 1430 po)
963 1358 1065 1413 Nescio
1076 1375 1113 1412 an
1126 1375 1181 1432 pro
1198 1357 1337 1432 Euripide
1348 1356 1540 1413 nominandus
1560 1356 1646 1413 fuerit
1659 1357 1749 1428 Eury·

135 1443 290 1518 Hyperidis
309 1462 415 1499 nomen
433 1444 637 1500 restituendum
652 1462 708 1499 esse
720 1445 851 1518 putabat,
870 1444 919 1500 sed
962 1444 1070 1500 medon
1089 1464 1175 1519 quern
1193 1464 1258 1501 curn
1272 1446 1416 1521 Sophocle
1440 1447 1473 1501 in·
1489 1443 1614 1502 Siciliam
1635 1445 1749 1499 missurn

133 1549 226 1604 neque
235 1532 392 1606 quidquam
403 1531 538 1589 traditum
552 1534 670 1608 legimus
686 1532 862 1607 Hyperidem
874 1532 916 1587 le·
962 1551 1021 1588 esse
1035 1542 1158 1592 constat.

723 1865 825 1956 XV.
850 1865 1156 1957 incutitis.

174 2073 186 2098 ε
201 2049 309 2104 Scimus
321 2045 544 2105 Leodamantem
557 2047 680 2121 aliquem
689 2045 748 2117 jam
763 2058 828 2101 ante
839 2047 918 2121 prin·
963 2063 1082 2119 prorsus
1094 2044 1262 2100 incredibile
1273 2055 1317 2101 est
1332 2062 1414 2114 enm,
1428 2045 1552 2119 quiante
1568 2064 1593 2102 a.
1610 2046 1666 2112 tob
1685 2066 1749 2122 pro·

134 2139 258 2211 cipamm
271 2138 385 2210 triginta
395 2138 523 2190 virorum
535 2137 562 2189 in
573 2135 755 2209 proditorum
769 2134 865 2189 indice
879 2135 919 2186 in·
964 2135 1081 2190 ditionis
1095 2134 1260 2208 damnatus,
1272 2133 1330 2189 hoc
1348 2144 1389 2189 est
1401 2176 1410 2204 ‚
1424 2143 1490 2189 ante
1507 2152 1535 2191 a.
1550 2132 1606 2200 405
1624 2134 1682 2191 sere
1701 2136 1751 2191 tri-

135 2227 270 2301 srriptum
285 2224 367 2279 fuisse
384 2223 441 2279 dici
454 2222 587 2300 (Aristot.
603 2224 676 2281 rhet.
694 2242 724 2298 a,
740 2221 776 2277 23
787 2223 813 2296 l,
826 2239 916 2295 porro
963 2224 1042 2297 ginta
1054 2242 1143 2278 annos
1161 2234 1243 2277 natus
1262 2221 1376 2295 luisset,
1398 2239 1424 2278 a.
1442 2219 1500 2288 355
1514 2221 1667 2296 syndicum
1683 2224 1752 2298 legis

135 2312 356 2369 Leodamantem
377 2312 510 2366 Isocratis
533 2309 704 2385 discipulum
730 2310 813 2365 fnisse
835 2309 917 2380 (vite
963 2311 1092 2384 leptineae
1107 2311 1291 2365 constitutum
1302 2327 1376 2379 esse,
1392 2327 1457 2364 cum
1469 2309 1527 2365 lere
1537 2311 1747 2385 nonagenarius

133 2400 233 2454 decem
248 2409 334 2454 oratt.
355 2416 386 2472 p.
412 2397 481 2468 837.
505 2396 558 2470 D),
570 2396 676 2454 deinde
695 2397 917 2454 Leodamantem
963 2407 1043 2457 esset.
1065 2400 1108 2453 Ne
1122 2399 1240 2474 Cephali
1253 2398 1371 2472 quidem
1385 2409 1414 2453 et
1426 2398 1639 2473 Aristophontis
1652 2417 1748 2456 exem·

134 2488 351 2554 Achomensem‚
361 2498 503 2541 oratorem
513 2485 697 2540 clarissimum
710 2485 842 2560 (AEsebin.
861 2485 914 2554 3§.
962 2486 1017 2558 plis
1040 2486 1097 2541 hoc
1120 2496 1214 2560 potest
1234 2485 1316 2541 effici.
1343 2487 1409 2541 Duo
1434 2486 1521 2559 igitur
1545 2485 1749 2543 Leodamantes

138 2576 221 2649 138),
234 2575 335 2632 foederi
349 2587 377 2630 et
393 2576 522 2630 amicitiae
546 2594 611 2629 cum
630 2574 771 2629 'l'nebanis
789 2574 917 2629 ineundae
963 2573 1132 2643 vocales,ut
1146 2593 1212 2629 cum
1221 2575 1360 2631 Cicerone
1369 2574 1484 2647 loquar,
1496 2573 1579 2630 fuisse
1589 2576 1750 2644 intuma!-

132 2683 251 2739 operam
272 2663 401 2732 dedisse,
424 2663 549 2737 denique
565 2662 790 2718 Leodamantem
808 2662 916 2719 Acbar·
962 2670 1056 2714 terum
1081 2659 1160 2731 cujus
1184 2660 1233 2715 bie
1256 2661 1436 2735 enthymema
1463 2660 1598 2733 afferam,
1626 2663 1748 2721 alterum

133 2770 247 2806 nensem
263 2770 288 2808 a.
304 2749 360 2808 355
377 2753 451 2806 inter
460 2751 593 2825 syndicus
605 2750 674 2824 legis
688 2751 817 2824 leptineae
833 2749 917 2806 fuisse
962 2746 1188 2816 bellunensem,
1200 2747 1237 2802 de
1251 2767 1310 2821 quo
1325 2767 1377 2804 sno
1396 2750 1462 2804 loco
1476 2749 1646 2805 videbimus.
1665 2775 1677 2800 ν
1693 2749 1723 2809 S.

135 2840 297 2911 (Demosth.
310 2839 376 2914 sos
392 2837 538 2914 moisen
548 2839 686 2912 quaeritur
694 2857 763 2892 num
770 2839 807 2894 D.
818 2838 916 2892 Ruhn·
1003 2834 1166 2889 Aristoteles
1184 2834 1268 2893 Rhet.
1283 2837 1322 2905 ll,
1340 2835 1388 2904 αἰ,
1410 2836 1447 2891 25
1471 2854 1478 2894 ε
1494 2834 1586 2902 Ἄλλος
1600 2840 1655 2912 (σο.
1671 2837 1749 2904 τόπος

133 2927 232 2982 lenius
265 2929 356 3002 (nist.
378 2946 420 2987 or.
449 2947 479 3002 p.
507 2926 545 2981 63
571 2925 636 3000 sq.)
657 2938 686 2981 et
700 2926 734 2983 G.
752 2927 787 2982 li.
808 2926 917 2981 Sieners
962 2919 1158 2992 όποόεικτικὸς)
1178 2920 1232 2979 ἀπὸ
1255 2926 1299 2981 τοῦ
1317 2921 1416 2994 αἰτίου,
1442 2921 1474 2980 όν
1498 2946 1526 2980 τε
1551 2923 1680 3003 ὑπάρχῃ,
1705 2928 1748 2984 ότι

133 3014 210 3085 (hist.
223 3033 266 3088 gr.
280 3035 311 3090 p.
323 3014 381 3088 298
392 3013 452 3088 sq.)
465 3015 523 3069 haec
534 3014 627 3067 omnia
638 3011 773 3067 adunam
784 3009 917 3066 eundem·
963 3005 1036 3084 ἔστι,
1052 3007 1101 3066 κᾶν
1116 3008 1153 3083 μὴ
1166 3009 1288 3089 ὑπάρχῃ,
1305 3008 1345 3068 ότι
1360 3010 1408 3069 οἰικ
1426 3009 1511 3069 ἔστιν·
1526 3010 1582 3087 ἅμα
1597 3011 1648 3093 γὰρ
1658 3011 1689 3070 τό
1706 3014 1748 3071 ol·

133 3121 189 3175 que
203 3104 348 3159 hominem
368 3105 514 3177 pertinere
535 3111 611 3157 recte
625 3100 825 3173 judicaverint.
846 3099 915 3154 blibi
961 3089 1120 3155 novxoiob
1138 3095 1378 3172 altumuillare
1393 3097 1477 3157 αἰτίαιν
1499 3099 1573 3158 οθθόν
1587 3101 1670 3162 ioris.
1683 3090 1746 3161 Oios

132 3212 211 3248 secus
223 3193 344 3261 videtur,
356 3202 442 3266 atque
451 3209 516 3246 eum
527 3232 535 3257 ,
548 3208 633 3263 quern
644 3188 838 3262 Thrasybulus
846 3197 916 3242 teste
961 3183 1108 3260 λιννδοίμας
1122 3184 1329 3262 ἀπολογούμενος
1339 3185 1423 3263 ἔλεγε,
1437 3186 1667 3266 κατηγορήσαντος
1673 3188 1748 3269 Θρα-

133 3282 283 3337 Aristotele
307 3282 345 3356 (l.
366 3278 415 3357 d.)
442 3282 470 3334 in
491 3279 634 3334 columma
663 3277 846 3352 proditorum
868 3277 915 3330 in-
961 3271 1091 3330 συόοόλου
1114 3272 1153 3330 ὅτε
1177 3262 1208 3341 ἦν
1222 3272 1346 3346 στηλίτης
1366 3272 1480 3350 γεγονὼς
1503 3276 1531 3332 ἰν
1544 3278 1577 3354 τῇ
1592 3276 1747 3354 ἀκροπόλει,

134 3371 269 3444 scriptum
286 3370 368 3425 inisse
379 3368 511 3437 (hxit‚nb
524 3368 714 3436 belismensi,
727 3377 844 3421 oratore
858 3366 912 3421 ela·
961 3362 1020 3421 ἀλλ’
1029 3361 1139 3442 ἐκκόψαι
1154 3361 1198 3419 ἔτί
1208 3364 1261 3419 τῶν
1271 3360 1427 3442 τριόιισντα·
1442 3388 1454 3413 ε
1468 3361 1514 3419 οὐκ
1524 3361 1674 3442 ἒνόίχεοθαι
1687 3365 1747 3444 ίφη,

133 3460 260 3528 sissimo,
282 3457 513 3533 distinguendum
536 3474 594 3511 esse
614 3473 727 3510 censeo.
744 3455 817 3508 Nam
833 3451 914 3526 quod
962 3452 1066 3526 μᾶλλον
1075 3450 1129 3530 γὰρ
1143 3450 1175 3509 de
1194 3447 1325 3508 πιστεύειν
1341 3451 1413 3529 αὑτῷ
1433 3448 1493 3516 τοὺς
1509 3450 1650 3529 τριάκοντα
1673 3453 1746 3529 ἐγγε·
1765 3517 1767 3520 .

132 3545 189 3615 jain
206 3549 234 3601 in
252 3547 336 3622 epist.
352 3546 417 3600 crit.
437 3543 471 3600 ad
492 3546 527 3600 G.
551 3544 647 3600 llerm.
671 3560 702 3618 p.
724 3559 762 3596 αο
775 3560 815 3614 sq.
837 3540 914 3609 dixi,
960 3538 1115 3615 γραμμόνης
1130 3541 1176 3608 τῆς
1190 3538 1285 3617 ἔχθρας
1306 3537 1372 3616 πρός
1386 3535 1432 3596 τὸν
1446 3538 1541 3614 δῆμον.
1560 3564 1572 3589 ι

705 3919 827 4010 xvi.
869 3916 1170 4009 cucullus,

172 4117 272 4173 Snidas
286 4133 292 4169 ε
307 4106 680 4193 Κέραλος’λθηναῒος,ρήτωρ
690 4103 735 4165 καὶ
745 4104 914 4183 δημαγωγός,
960 4103 1165 4163 Gaislordium.
1178 4105 1213 4164 G.
1231 4103 1397 4179 Bernhardy
1410 4102 1593 4160 scribendum
1612 4120 1668 4159 esse
1687 4103 1747 4179 opi·

133 4204 272 4284 όςπρῶτος
280 4199 405 4280 προοίμια
415 4197 461 4258 καί
470 4198 604 4277 ἐπιλόγους
612 4195 768 4275 προσέθηκε.
784 4193 878 4271 Γέγονε
888 4191 915 4253 di
960 4206 1045 4251 natur
1061 4192 1205 4272 προόθηκα,
1225 4193 1274 4249 sed
1291 4192 1347 4248 hoc
1364 4192 1537 4247 vocabulum
1554 4190 1654 4247 Suidas
1666 4191 1745 4264 quod

133 4293 176 4350 inl
189 4296 237 4361 τῆς
248 4287 383 4369 ἀναρχίας
399 4286 540 4368 [Κόραλος
554 4276 628 4353 οὗτος
640 4283 706 4365 ἔσχε
720 4282 851 4362 θυγατέρα
865 4279 914 4352 τὴν
959 4283 1136 4338 meminerim
1153 4301 1212 4338 non
1228 4292 1354 4354 usurpet.
1364 4279 1451 4351 Quod
1464 4279 1564 4335 suidas
1578 4277 1746 4349 dieit,vide·

132 4376 276 4460 cipiet
288 4378 429 4436 Ruhnken
439 4379 475 4435 Η.
484 4395 529 4434 or.
542 4395 574 4451 p.
587 4382 633 4441 ir.
644 4371 790 4451 προσέθηκε
801 4374 914 4446 ABEV3
959 4382 1006 4426 tur
1017 4373 1056 4426 ita
1066 4370 1267 4445 explicandum
1279 4386 1352 4435 esse,
1365 4378 1398 4422 ut
1414 4384 1480 4423 eum
1489 4365 1527 4422 de
1541 4366 1678 4441 singulari
1687 4378 1744 4422 etu-

132 4467 348 4549 προστέθεικεν,
361 4462 507 4524 συντέθεικα
522 4463 537 4493 *
553 4462 593 4535 V3
608 4463 754 4520 συντέθεικα
770 4473 832 4518 erat
847 4473 914 4517 ante
934 4483 937 4500 ·
959 4461 1021 4528 dio,
1038 4458 1118 4535 quod
1130 4456 1271 4532 Cephalus
1283 4458 1313 4510 in
1327 4455 1475 4528 prooemiis
1490 4465 1519 4509 et
1529 4455 1648 4528 epilogis
1657 4452 1745 4509 artili-

164 4632 289 4695 Euripides
308 4631 399 4693 heatus
414 4628 445 4679 ed
463 4631 626 4690 Syracusanos
641 4628 729 4675 missus
744 4628 771 4675 ut
792 4637 874 4687 pacem
892 4629 916 4674 ct
960 4623 1012 4673 sirie
1022 4634 1094 4671 cansa
1108 4621 1166 4670 niiiii
1179 4623 1223 4669 est.
1240 4620 1280 4670 Sic
1290 4617 1454 4692 teodoniasin
1470 4616 1606 4668 delenslms
1616 4617 1744 4668 suetin-

132 4704 261 4753 arnieitisrn
273 4704 372 4764 peteret,
384 4698 539 4749 manentibus
550 4695 664 4745 ilitsdisit
678 4716 704 4745 :a
720 4696 914 4759 oportebetvos‚
958 4695 1044 4758 syboto
1055 4692 1177 4743 incessanti
1193 4690 1258 4753 qnod
1273 4702 1362 4739 nomon
1374 4688 1446 4751 ipsius
1459 4689 1484 4738 tn
1502 4689 1562 4738 arcis
1579 4688 1692 4737 colomna
1710 4691 1746 4737 to·

132 4772 323 4837 syrseuisani‚si
342 4783 390 4820 non
406 4768 478 4818 eiiam
491 4769 524 4817 ob
544 4779 661 4827 musam,
678 4771 775 4828 propter
789 4766 814 4816 id
836 4768 915 4829 ipsum
958 4761 1144 4829 scriptumest
1161 4763 1208 4811 sub
1223 4760 1391 4823 trigintarios
1406 4760 1518 4810 excisum
1530 4761 1611 4819 esset,
1623 4760 1746 4837 τοοροοθίθ

132 4841 272 4907 eeneqbod
284 4844 365 4892 stetim
378 4853 421 4890 ros
427 4839 540 4903 preeibiis
548 4838 686 4898 adimimus,
696 4837 823 4887 verennes
834 4841 916 4900 utpote
959 4835 1010 4886 teri
1022 4835 1069 4886 boe
1083 4845 1132 4884 non
1143 4831 1262 4895 potuisse3
1276 4833 1342 4880 tanto
1355 4828 1419 4878 enim
1438 4830 1492 4891 pius
1518 4826 1572 4876 iidel
1585 4826 1630 4875 sibi
1648 4824 1745 4874 habito„

132 4915 287 4968 umentes.
302 4932 315 4955 ν
332 4914 421 4962 smsus
436 4909 476 4959 iiie
489 4910 526 4958 est
539 4926 545 4958 :
558 4908 617 4957 dicit
633 4907 757 4971 Euripides
771 4906 802 4957 ed
817 4910 917 4970 syram·
960 4920 1000 4956 ros
1013 4904 1088 4955 inisse
1099 4904 1195 4965 triginta
1211 4901 1294 4963 νΙτοι,
1308 4900 1327 4949 si
1342 4899 1480 4949 inimicitias
1498 4898 1575 4961 ipsios
1585 4908 1642 4946 eom
1655 4897 1745 4957 populo

133 4998 203 5034 sanos
216 5003 223 5034 ι
245 4996 294 5032 noo
312 4980 383 5031 decet
394 4993 439 5029 nos
454 4991 469 5028 a
482 4979 552 5028 tobis
563 4980 683 5039 repulsam
705 4980 779 5036 terre.
792 4984 917 5042 propterea
960 4978 1001 5027 iilo
1014 4975 1169 5038 inscriptione
1178 4975 1277 5023 testeus
1290 4969 1416 5020 vidissent.

133 5055 203 5117 ονοο,
215 5053 315 5104 omnino
333 5049 424 5113 anun
438 5063 467 5101 ex
490 5049 559 5099 νοοιι
576 5049 693 5113 palmo,
709 5050 798 5113 quippe
818 5050 861 5116 qui
873 5063 917 5102 νον
1225 5043 1290 5091 xvi.
1307 5038 1480 5089 cernuos.
1545 5022 1550 5032 '
1681 5106 1687 5118 .

132 5126 287 5175 admiremm.
928 5143 932 5150 ·
990 5115 1110 5180 θερίιαΙυο
1125 5112 1283 5171 lileriensis,
1294 5114 1376 5159 orator
1387 5110 1412 5158 et
1423 5107 1570 5170 demrgogns
1580 5141 1588 5167 ‚
1600 5106 1642 5169 qni
1652 5119 1744 5168 primus

165 5194 232 5242 atim
244 5190 455 5242 demonstrationis
469 5189 536 5239 Ιοουε
553 5203 582 5239 ον
598 5201 668 5238 musa
681 5188 779 5251 ponor,
796 5190 856 5239 adeo
872 5193 915 5252 nt,
961 5188 1077 5252 proemia
1085 5190 1111 5238 et
1119 5185 1223 5248 epilogos
1236 5178 1384 5231 orationibus
1394 5178 1492 5228 rddidit.
1514 5177 1584 5227 vixit
1594 5176 1744 5238 temporibus

132 5264 240 5312 neansa
259 5263 303 5321 sit,
321 5274 371 5310 rem
394 5273 463 5322 esse,
481 5261 589 5309 sisausa
607 5271 654 5308 ooo
675 5259 720 5319 sit,
741 5271 791 5307 rem
806 5272 853 5308 non
865 5272 916 5310 esse
960 5258 1088 5312 anereiiloe.
1121 5258 1167 5308 iiic
1179 5253 1299 5318 ceptiatns
1313 5252 1378 5316 (imo
1395 5249 1525 5315 neptuim
1540 5250 1650 5302 aurore
1669 5259 1743 5300 αισι·

133 5334 255 5394 diurnum
270 5344 326 5381 nani
337 5343 409 5380 σαυιι
420 5332 458 5380 est
469 5343 516 5380 una
534 5342 589 5380 cuin
608 5341 638 5380 eo
651 5327 720 5390 cuius
737 5333 773 5379 est
791 5340 878 5390 musa,
891 5334 916 5382 et
961 5328 1034 5391 sius)
1050 5328 1122 5379 titiam
1132 5327 1216 5376 babuit
1227 5326 1308 5375 (Eam.

1596 5406 1632 5444 ιο.
