3967 5967
229 443 286 495 οῖθ
766 432 904 491 ΣΧΟΛΙΑ
933 429 997 493 ΕΙΣ
1023 432 1298 492 ΔΗΜΟΣΘΕΝΗΝ.

227 563 308 637 τράγον
323 564 394 635 μέρος
407 566 450 616 τού
468 564 580 633 σώματος
592 560 739 633 ἠτιμοῖιντο,
753 562 777 614 οἱ
789 562 814 616 δέ
830 562 860 616 τά
874 561 931 625 δύο,
946 562 970 615 σί
983 561 1009 615 δέ
1091 564 1161 627 544,
1179 564 1221 615 13.
1238 563 1312 616 ίίάλει
1327 583 1369 633 μοι
1383 565 1476 616 τούτων
1488 565 1544 626 τούς
1558 565 1695 638 μάρτυρας]
1710 567 1764 619 Τῶν
1778 567 1844 639 είρη-

226 642 376 712 ύλύκληρον,
392 642 451 713 [οἳ]
474 641 568 704 ούδενδς
589 643 705 713 μετεῖχον
725 646 773 693 τῶν
795 645 893 694 κοινῶν.
931 641 1009 694 Τοῦτο
1056 643 1134 710 μένων
1147 641 1271 708 ἀπάντων,
1282 644 1321 696 ότι
1330 641 1434 715 ήδειτὴν
1447 645 1530 714 κυρίαν
1540 646 1582 698 καὶ
1589 646 1627 697 ότι
1638 644 1680 707 τάς
1689 646 1844 713 πεντήκοντα

225 719 269 775 οῖιν
284 722 334 776 ἐστι
348 722 376 776 τό
390 745 403 771 ιι
417 722 526 784 καθάπαξ
538 744 549 770 ν
565 721 619 774 ἀντί
630 725 675 775 τοῖι
688 720 837 792 όλοκλήρως.
1054 721 1167 792 δραχμὰς
1179 719 1258 774 ἐδίδου
1270 725 1322 784 τοῖς
1331 723 1457 793 ἀρχουσεν.

262 801 309 853 Καί
324 799 379 853 ούτε
394 800 483 871 λαχεῖν
503 799 665 871 ἀδικηθέντα]
687 800 786 853 Φθόνον
804 798 870 870 αύτῷ
889 803 955 853 κινεῖ
968 801 1009 853 καί
1091 802 1157 864 544,
1185 806 1227 865 ι4.
1249 801 1295 854 Kal
1315 803 1357 855 τόν
1379 809 1427 855 τῶν
1448 803 1578 869 διαιτητῶν
1602 801 1727 873 ἀνάγνωθι
1741 805 1841 875 νόμον]

224 883 306 952 ὥσπερ
319 880 373 934 τινά
387 881 502 951 τύραννον
517 880 557 933 δεά
568 887 616 934 τῶν
631 880 760 951 ὀνομάτων
773 882 899 933 δείκνυσιν.
1055 879 1112 931 Ὅτι
1127 881 1207 950 μένειν
1222 880 1281 951 ἀχρι
1295 884 1337 948 τῆς
1350 879 1448 951 ἐσπίρας
1463 879 1555 950 όφεθιει
1569 880 1583 933 ό
1597 880 1734 948 διαιτητής,
1748 880 1781 953 μή
1795 902 1843 955 φα·

262 961 327 1026 54κ,
343 965 387 1015 26.
409 959 467 1012 050’
483 961 547 1022 όλως
567 957 611 1025 τήν
626 959 700 1026 αύτήν
715 960 794 1031 όδδν]
814 959 854 1011 Ἂν
877 958 929 1032 ίδης
947 960 1009 1013 κατά
1054 961 1135 1020 νίντος
1146 957 1171 1011 δέ
1182 963 1225 1012 τοῦ
1236 959 1367 1031 φεύγοντος
1382 961 1550 1021 καταδικάζειν
1562 960 1592 1028 ἣν
1606 960 1620 1012 ό
1635 963 1709 1032 νόμος
1723 963 1840 1032 βούλεται

225 1039 269 1107 τήν
287 1039 379 1113 ἀγορὰν
394 1039 507 1104 Μειδίαν,
520 1044 606 1112 φεῦγε·
624 1038 678 1091 ούδὲ
691 1039 738 1111 γάρ
752 1038 807 1092 ούδέ
823 1036 867 1104 τήν
882 1041 937 1093 θέαν
950 1039 1009 1102 ἐξεις
1055 1040 1195 1105 καταδίκην.
1234 1038 1296 1100 Τοδς
1310 1039 1353 1110 μὲν
1365 1034 1409 1091 σύν
1425 1040 1545 1110 μάρτυρας
1560 1039 1661 1094 ἀπαιτεῖ
1671 1045 1714 1094 τοῦ
1728 1041 1770 1093 καί
1781 1040 1840 1095 είδί-

225 1119 339 1191 ἀζήμιον.
1055 1135 1094 1167 ναι
1111 1114 1155 1181 τὴν
1173 1117 1256 1187 κυρίαν
1270 1117 1313 1170 τδν
1328 1117 1430 1170 Μειδίαν
1446 1119 1544 1170 καὶτοῦ
1563 1118 1715 1188 παρακαλεῖν
1729 1118 1784 1180 το“υς
1797 1119 1842 1190 άρ-

262 1202 326 1264 54τ,
349 1216 393 1268 27.
416 1200 462 1252 Δεῖ
476 1198 505 1264 δὴ
524 1203 596 1252 τοῦτο
618 1199 646 1252 τδ
664 1198 784 1269 πρᾶγμα]
808 1197 1009 1270 Ἐπεξεργάζεται
1054 1214 1145 1265 χοντας
1152 1194 1239 1248 λαθεῖν
1246 1195 1289 1258 τός
1297 1196 1449 1262 πεντήκοντα
1460 1196 1573 1267 δραχμάς
1581 1196 1623 1249 καί
1632 1196 1688 1259 τούς
1701 1199 1787 1268 ύρκοιις
1799 1199 1842 1250 αδ·

226 1281 357 1351 μειζόνως,
373 1280 407 1330 ἵν’
421 1278 524 1345 αύξήσας
537 1283 580 1332 τοῦ
593 1278 694 1330 Μειδίου
705 1276 749 1344 τήν
762 1276 879 1331 ἀπόνοιαν
892 1277 924 1340 τίς
937 1278 1008 1331 ἔλεον
1054 1276 1096 1328 τόν
1112 1274 1243 1342 ἀπαιτῆσαι
1253 1275 1311 1345 πρδς
1324 1276 1378 1336 τούς
1387 1275 1519 1346 ἀρχοντας,
1535 1275 1577 1328 καί
1587 1281 1635 1329 τῶν
1648 1278 1775 1331 τοιούτων.
1791 1278 1841 1330 Τον

225 1350 308 1423 ἀγάγῃ
322 1354 365 1404 τοῦ
377 1349 526 1420 Στράτωνος.
1054 1354 1080 1407 δέ
1094 1353 1170 1425 νόμον
1184 1354 1346 1425 ἀναγινώσκει
1357 1360 1406 1408 τῶν
1418 1356 1560 1421 διαιτητῶν,
1570 1356 1613 1408 ίνα
1627 1355 1692 1428 δειίη
1704 1357 1755 1418 τοῖς
1771 1357 1841 1409 δικά·

261 1432 330 1496 543,
351 1436 377 1482 6.
392 1428 512 1500 Μεγάλην
523 1424 552 1494 νὴ
564 1427 600 1480 Δί’
613 1422 679 1498 ὦφλε
691 1427 780 1498 δίκην]
797 1427 932 1498 Προσώπου
948 1426 1010 1481 πλά·
1054 1435 1136 1495 ζουσιν
1148 1432 1186 1484 ότι
1196 1433 1225 1485 τό
1238 1433 1264 1486 ἐκ
1273 1438 1321 1484 τῶν
1332 1434 1415 1504 νόμων
1425 1434 1522 1504 τίμημα
1533 1433 1688 1485 κατεδίκασεν
1701 1431 1715 1485 ό
1726 1431 1841 1504 Στράτων

225 1528 274 1572 ῦῑς»
288 1508 321 1571 ὡς
332 1506 389 1579 {1qu
401 1507 502 1560 Μῑῑῧίθυ
514 1506 700 1577 δῑίδὲἵθμὲίθθ·
1054 1512 1095 1564 καί
1110 1513 1147 1565 ότι
1163 1511 1225 1565 κατὰ
1238 1512 1293 1574 τοδς
1307 1512 1395 1583 νόμους
1409 1511 1520 1581 ἐποίησεν
1536 1510 1629 1582 ἐρήμην
1644 1511 1718 1565 αύτσῖε
1732 1512 1842 1583 καταψη·

261 1589 329 1652 543,
356 1606 383 1658 7.
409 1584 482 1640 Ἀλλὰ
499 1586 589 1657 χιλίων
610 1584 626 1652 ή
647 1586 703 1651 δίκη
723 1585 798 1656 μόνον
815 1580 845 1651 ήν
868 1586 1007 1657 δραχμῶν]
1053 1593 1192 1663 φνσάμςνςς,

224 1668 326 1734 Ψεύδη·
344 1666 507 1721 πεντακοσίων
521 1665 566 1736 γάρ
578 1659 608 1732 ήν
622 1663 638 1731 ἡ
650 1664 766 1730 καταδίκη
780 1663 831 1735 [ίη]
845 1664 936 1729 πολλή.
1091 1672 1160 1735 545,
1179 1688 1203 1723 ι.
1217 1668 1465 1739 ίίαταύραθευθίντα]
1477 1667 1593 1740 Ούδαμού
1613 1666 1728 1738 ἀλλαχού
1741 1667 1843 1739 εύρηται

261 1747 329 1812 543,
343 1765 369 1815 9.
385 1745 476 1812 Συνέόη
486 1745 509 1796 δ’
521 1744 664 1815 ύπερημίριρ
674 1743 819 1815 γενομένῳ]
837 1742 932 1813 ’ἀσαφές
944 1740 1010 1795 εἶναι
1054 1750 1118 1821 παρὰ
1133 1755 1167 1821 τῷ
1180 1749 1339 1820 Δημννσθένςι,
1356 1750 1386 1803 Β,

224 1828 296 1879 δοκεῖ
310 1830 399 1889 τοῦτο,
419 1824 511 1878 ἔστιδὲ
531 1827 638 1878 τοιοῦτο.
676 1821 731 1874 Ἵνα
752 1820 872 1895 ἀδικήσῃ,
893 1820 1009 1893 ἀπέκρυψε
1091 1830 1156 1893 545,
1174 1846 1215 1882 11.
1232 1826 1348 1894 Κάλςνδν]
1361 1828 1402 1881 καὶ
1415 1826 1458 1879 τθν
1470 1826 1621 1897 Στράτωνα]
1636 1826 1842 1898 Φιλάνθφωςςοςὸ

224 1905 268 1973 τὴν
290 1907 373 1977 κυρίαν
393 1906 435 1959 καί
448 1905 488 1957 διδ
501 1910 572 1959 τοῦτο
589 1903 724 1973 παρέλαθεν
745 1902 1009 1975 ύπερήμεροςγενόμε-
1054 1908 1225 1977 Δημοσθένης,
1249 1908 1290 1959 καί
1312 1910 1365 1971 τοῖς
1385 1906 1527 1976 ἀτυχοῦσιν,
1549 1904 1645 1959 ἐπειδάν
1667 1906 1724 1979 εόρη
1746 1909 1842 1977 καιρόν,

225 2004 274 2047 νος.
312 1984 391 2037 ’ίόύτο
402 1984 428 2037 δέ
444 1984 473 2037 τδ
485 1984 566 2053 νόημα
576 1980 621 2034 ούκ
635 1978 724 2047 ἀληθές
743 1980 813 2046 είπτ,
826 1980 866 2033 διδ
882 1980 923 2033 καί
936 1985 1010 2033 τοῦτο
1054 1990 1165 2059 πειρᾶται
1177 1988 1287 2057 βοηθεῖν,
1305 1988 1338 2049 ὡς
1356 1986 1398 2039 καί
1412 1985 1470 2056 ύπθρ
1484 1985 1613 2057 Τιμάρχου
1636 1985 1744 2047 πολλοὺς
1757 1986 1843 2053 ἐποινγ.

225 2064 254 2117 τὸ
270 2065 340 2136 μέρος
350 2064 482 2118 &mmm
493 2062 558 2140 ῧθρθ
570 2067 619 2116 τῶν
633 2066 746 2130 ίθῑῖῑθῶθ
758 2061 800 2114 καί
810 2060 843 2123 “⁰5
860 2058 1009 2131 ἆῧῑόρθωτῠν
1054 2086 1114 2119 σατο
1127 2067 1218 2137 λόγους
1231 2065 1255 2118 ἐν
1273 2071 1308 2137 τῷ
1319 2066 1375 2119 κατ’
1387 2063 1525 2134 Λίσχίνου,
1541 2064 1583 2117 καί
1601 2067 1644 2117 νῖνν
1655 2063 1712 2135 όπέρ
1732 2064 1844 2135 Στράτω-

223 2143 422 2215 παραλέλειπται.
1055 2165 1108 2212 νος,
1122 2143 1203 2211 ἐπειδὴ
1218 2145 1259 2198 καί
1271 2146 1383 2198 δοκοῦσιν
1399 2143 1531 2215 ἀμφότεροι
1542 2144 1574 2195 δι’
1586 2142 1659 2197 αύτδν
1670 2144 1768 2207 ταύταις
1778 2164 1845 2215 περι.

260 2222 328 2285 543,
344 2238 386 2276 ιο.
403 2219 466 2274 ’ἀλλ’
480 2218 616 2290 αὖθημερδν
630 2220 673 2292 μέν
689 2220 799 2292 ᾔσθετο]
814 2216 897 2272 Είπὼν
911 2220 950 2272 ὅτι
965 2217 1010 2271 λα·
1053 2224 1204 2278 πεπτωκέναι
1213 2224 1266 2284 ταῖς
1275 2224 1419 2293 συμφοραῖς.
1434 2221 1495 2275 Ὅτε
1504 2217 1548 2275 σύν
1558 2221 1646 2283 ἱκανῶς
1656 2220 1840 2293 ἀπελογήσατο,

225 2302 299 2353 θεῖν*
312 2300 409 2371 ληφθῇ,
424 2298 542 2369 ἐπήνεγκε
552 2296 596 2364 τὴν
610 2298 691 2364 λύσιν,
704 2300 743 2352 ότι
754 2298 892 2369 αύθημερδν
902 2298 1008 2369 1ήσθετο,
1056 2304 1169 2375 βούλεται
1189 2303 1230 2357 καί
1248 2302 1334 2356 οἶκτον
1354 2303 1419 2374 αύτῷ
1441 2305 1539 2369 κινῆσαι
1555 2301 1621 2372 παρά
1633 2304 1686 2364 τοῖς
1705 2303 1840 2366 δικασταῖς.

224 2382 262 2434 ὅτι
275 2378 399 2446 ἐνέστηκεν
414 2377 430 2445 ἡ
443 2379 521 2448 κυρία.
1056 2384 1127 2445 Ἴσως
1138 2383 1187 2454 γάρ
1201 2383 1225 2436 οί
1237 2382 1349 2435 δικασταί
1364 2382 1406 2434 καὶ
1427 2382 1465 2434 δτι
1479 2380 1548 2435 ούδθν
1568 2380 1652 2434 ἀδικεῖ
1661 2382 1785 2444 πισθέντες
1798 2383 1842 2435 καί

260 2461 327 2524 543,
345 2459 386 2513 13·
405 2457 541 2512 Ἐκτίτικεν
552 2460 561 2529 l
580 2455 751 2513 Ἆποδίδωιιεν.
765 2457 797 2513 Β.
1054 2462 1112 2533 πρδς
1122 2462 1152 2515 τδ
1159 2462 1234 2524 πάθος
1244 2460 1386 2527 ἐλεήσαντες
1396 2458 1566 2513 ἀποδώσουσιν
1576 2459 1642 2532 αύτῷ
1652 2459 1697 2527 τὴν
1708 2458 1842 2532 ἐπιτιμίαν.

263 2539 338 2593 Ἀλλδ
349 2537 393 2604 τήν
409 2536 442 2610 μή
456 2532 532 2591 ούσαν
544 2536 709 2609 ἀντιλαχεῖν]
725 2537 756 2589 El
770 2535 803 2608 με]
816 2535 951 2602 ἠύούλετο,
966 2556 1010 2607 φη·
1058 2540 1101 2594 Ἔν
1123 2540 1204 2612 ταύτῷ
1216 2540 1243 2593 δθ
1258 2541 1352 2606 κίνησιν
1363 2539 1405 2593 καί
1420 2537 1497 2610 ὀργήν
1509 2537 1572 2593 κατά
1588 2542 1632 2592 τσῖι
1647 2539 1751 2592 Μειδίου
1764 2541 1842 2593 ποιεῖ.

225 2618 274 2683 σίν,
290 2617 383 2671 ἐκτῖσαι
396 2615 438 2679 τάς
449 2616 545 2688 χιλίας,
558 2615 647 2687 ὤφειλε
661 2615 719 2685 πρδς
732 2614 775 2687 ίμὲ
793 2614 838 2681 τὴν
855 2610 931 2669 οὖσαν
942 2614 1007 2667 ἀντι·
1055 2621 1085 2674 Τί
1101 2615 1145 2674 σύν
1159 2609 1273 2688 ἐποίησες
1290 2620 1405 2690 βούλεται
1418 2618 1525 2690 είσάγειν
1539 2619 1573 2681 ὡς
1586 2617 1626 2673 ἐπί
1638 2622 1729 2687 σκηνῆς
1741 2618 1842 2690 εδπρό·

226 2696 325 2767 λαχεῖν,
340 2696 461 2750 τουτέστιν
476 2693 590 2748 ἀνάδικον
607 2693 649 2765 μέν
662 2699 762 2762 ποιῆσαι
773 2692 818 2761 τήν
832 2696 937 2760 δίαιταν,
951 2694 1010 2765 πρδς
1055 2717 1137 2752 σωπον
1151 2702 1195 2752 τοῦ
1211 2697 1339 2758 παθόντος.
1387 2696 1415 2748 Μ
1430 2695 1479 2767 γάρ
1490 2698 1554 2768 όψεις
1567 2702 1616 2750 τῶν
1630 2697 1757 2767 δυστυχῶν
1770 2696 1843 2750 ἔλεον

226 2775 269 2847 ἐμὲ
280 2776 306 2829 δέ
314 2774 357 2830 τὀν
365 2774 656 2846 κύριοντοῖιπράγματος
667 2775 821 2829 δικάσασθαι.
838 2773 971 2830 Ἐκαλεῖτο
983 2774 1010 2827 δέ
1055 2776 1218 2831 ἐκκαλοῦνται
1230 2775 1328 2848 μᾶλλον
1342 2774 1392 2843 ἢοί
1404 2781 1454 2829 τῶν
1463 2773 1571 2848 ῥητόρων
1581 2776 1665 2848 λόγοι.
1705 2775 1845 2847 Ὗπέμνησε

227 2854 260 2927 μή
272 2849 333 2909 ούσα
344 2854 399 2923 δίκη
411 2853 427 2921 ὴ
442 2853 571 2918 ἀνάδικος,
587 2853 636 2921 (ἢ)
646 2854 684 2906 ότι
695 2853 813 2924 πρότερον
826 2854 933 2906 δοκούσα
944 2850 1010 2905 εἶναι
1055 2854 1095 2908 διδ
1106 2858 1150 2909 τοῦ
1162 2852 1283 2925 ύνόματος
1293 2851 1338 2918 τὴν
1348 2854 1483 2923 συμφοράν.

226 2937 267 2991 καί
281 2937 427 3007 κεκυρῶσθαι
439 2935 539 3006 ύστερον
554 2933 586 2996 είς
597 2934 626 2988 τδ
637 2933 670 3006 μὴ
683 2932 749 2987 εἶναι
760 2934 909 3005 περιίστατο.
924 2931 1010 2984 Ἔστιν
1092 2933 1159 2997 545,
1182 2949 1224 2987 ια.
1241 2931 1291 2985 ’ίδν
1305 2930 1336 2984 τθ
1352 2935 1453 2985 τοιαῦτα
1466 2932 1622 3003 πεπονθότα]
1644 2926 1693 2985 Οία
1706 2929 1838 2998 ἠκούσατε.

225 3010 269 3070 ούν
289 3013 322 3087 μὴ
342 3010 405 3069 ούσα
422 3015 502 3086 ὄνομα
518 3015 597 3082 δίκης,
615 3011 640 3067 ἐν
662 3008 699 3076 οίς
716 3032 752 3075 τις
767 3012 791 3075 ἐξ
809 3013 919 3084 ύπαρχῆς
934 3012 1011 3066 ἐθέλει
1055 3012 1239 3082 Προδιατέθεικε
1253 3010 1280 3063 δέ
1292 3013 1346 3073 ’ταῖς
1358 3010 1471 3078 αὖξήσεσι
1484 3011 1527 3065 τόν
1541 3008 1674 3083 ἀκροατήν,
1686 3010 1730 3065 ίνα
1742 3011 1842 3082 μᾶλλον

225 3096 383 3160 δικάσασθαι,
406 3093 451 3159 τὴν
472 3093 614 3163 ἐνεχθεῖσαν
636 3092 690 3146 κατ’
703 3090 777 3146 σύτοῦ
795 3092 912 3162 πρότερον
931 3091 1010 3161 ψῆφον
1054 3094 1155 3163 γένηται
1167 3088 1299 3162 περιπαθὴς
1310 3091 1343 3153 ῶς
1355 3092 1436 3144 δεινοῖν
1450 3092 1592 3163 πράγματος
1601 3090 1701 3162 μῦιλων
1715 3092 1845 3163 γίγνεσθαι

226 3174 282 3228 ἀναι
299 3181 341 3232 ”ν.
883 3215 885 3219 .
1060 3171 1156 3238 θεατής.

263 3195 328 3319 553,
354 3259 396 3309 16.
421 3252 486 3307 ’ἀλλ’
503 3253 547 3305 ἵνα
572 3252 607 3324 μή
635 3252 753 3321 Μειδίας]
774 3248 825 3317 Τήν
847 3249 1010 3321 ύπερηφανίαν
1098 3248 1214 3305 Ἕστάναι
1222 3250 1370 3322 γάρέξέσται
1379 3248 1499 3316 δήπουθεν
1509 3247 1584 3320 αύτιρ]
1595 3246 1748 3303 ’ἀντιπῖπτον
1760 3247 1844 3301 ἔλυσε·

229 3335 342 3406 σημαίνει
354 3333 448 3389 τούτου.
1056 3332 1150 3386 κελεύει
1163 3328 1207 3385 σύν
1221 3332 1265 3385 τόν
1286 3331 1417 3402 Στράτωνα
1435 3329 1468 3392 είς
1481 3330 1636 3398 δικαστήριον
1650 3330 1782 3399 παρεῖναι,
1802 3328 1847 3381 καί

264 3415 329 3478 543,
352 3430 393 3482 17.
409 3410 536 3482 ’λείμητυν
548 3409 718 3481 ἀγωνίσηται]
733 3408 809 3477 Ἄλλη
822 3408 945 3481 ἀπολογία
954 3409 1011 3481 ύπέρ
1057 3413 1167 3483 μετέχειν
1184 3408 1219 3466 ὧν
1237 3411 1261 3465 οί
1280 3412 1352 3482 νόμοι
1366 3410 1542 3463 κεκωλύκασιν.
1580 3407 1662 3475 Φησίν
1678 3404 1733 3473 ούν,
1749 3409 1846 3479 σιγάτω

227 3498 270 3546 τοῦ
283 3494 440 3565 Στράτωνος,
456 3493 495 3543 ότι
506 3488 550 3543 ούκ
562 3489 633 3551 αύτδς
645 3491 718 3559 ὥρισε
731 3485 776 3554 τήν
790 3488 933 3555 καταδίκην,
953 3486 1011 3540 ἀλλ’
1057 3490 1100 3562 μὲν
1110 3490 1150 3543 διά
1163 3490 1206 3545 τδν
1218 3491 1305 3561 νόμον,
1320 3493 1364 3556 τῆς
1376 3489 1482 3550 στάσεως
1495 3485 1522 3539 δὲ
1535 3485 1601 3557 αύτῷ
1614 3488 1725 3557 μετέχειν
1740 3485 1845 3549 ἔξεστιν.

227 3571 329 3643 όνόμος
341 3570 409 3641 εἶχεν
425 3569 510 3635 αύτήν.
551 3566 679 3638 Ἀτίμητον
693 3566 741 3638 γὰρ
759 3565 875 3619 καλοῦσιν
889 3567 919 3633 ἢν
933 3566 979 3637 ούχ
997 3566 1012 3619 ό
1056 3569 1092 3622 Ού
1106 3569 1154 3642 γὰρ
1168 3567 1198 3635 δή
1213 3569 1255 3622 καί
1266 3568 1354 3621 τούτου
1368 3565 1469 3627 Μειδίας
1479 3563 1552 3617 αύτδν
1568 3563 1735 3635 ἀφαιρήσεται.
1749 3564 1846 3618 Ούκοθν

228 3650 343 3717 δικαστὴς
356 3651 431 3720 ῐψᾷν
447 3647 504 3700 ἀλλ’
520 3646 684 3719 ἐγγέγραπτᾱῑ
697 3646 748 3705 τοῖς
763 3646 856 3716 νόμοις·
1056 3652 1138 3721 ὥσπερ
1159 3649 1256 3720 ἀφωνον
1270 3649 1400 3719 πρόσωπον
1412 3645 1452 3699 ἐπὶ
1472 3647 1562 3711 σκηνῆς
1576 3644 1690 3713 βούλεται
1709 3645 1738 3698 τδ
1755 3650 1845 3716 σχῆμα

264 3730 330 3793 543,
350 3732 390 3784 ιθ.
407 3727 454 3779 Καί
466 3725 487 3780 εί
501 3725 544 3797 μὲν
562 3723 694 3797 ἠδίκηκεν]
707 3724 763 3777 Ἵνα
786 3721 819 3794 μή
833 3721 898 3777 εἴποι
919 3725 958 3777 ότι
970 3727 1013 3791 τῆς
1057 3729 1100 3783 τόν
1114 3729 1242 3800 ἀνθρωπον
1256 3728 1332 3798 μόνον
1345 3724 1471 3778 δεικνύντα
1484 3726 1528 3777 τοῦΙ
1537 3723 1627 3785 πάθους
1641 3722 1749 3778 ἑστάναι.
1761 3723 1845 3790 Δῆλον

229 3808 358 3875 ἐπιόουλῆς
368 3810 471 3879 φανεραῖς
481 3805 553 3873 οὔσης
568 3803 676 3859 &mxiv
688 3803 732 3856 οὒκ
745 3801 883 3871 ἧὸῠυδθθη·
1057 3809 1106 3882 γάρ
1118 3812 1155 3863 ότι
1165 3807 1352 3881 ὠφεληθήσεται
1363 3804 1393 3859 τά
1406 3805 1518 3877 μέγιστα.
1555 3803 1596 3866 Τίς
1609 3801 1651 3875 μίν
1664 3802 1713 3875 γάρ
1724 3803 1846 3875 συγγενής

265 3888 332 3952 543.
348 3889 392 3941 23.
415 3885 461 3938 Καὶ
475 3885 541 3939 τοῦτ’
554 3882 700 3954 ἐχαρίσασθε
723 3882 807 3954 αύτῷ]
823 3881 942 3936 Φαίνεται
964 3880 1013 3953 γθρ
1059 3890 1207 3960 θεασάμενος
1223 3887 1267 3942 ούκ
1284 3886 1380 3953 ἐλεήσει
1396 3886 1440 3938 τόν
1457 3887 1580 3955 συγγενῆς
1597 3883 1633 3945 τίς
1643 3882 1669 3937 δέ
1684 3883 1786 3951 πολίτης
1800 3884 1845 3937 τδν

229 3968 300 4031 αθτθς
311 3968 340 4021 τύ
352 3970 400 4022 πᾶν
412 3966 567 4025 συσκευάσας·
1058 3968 1178 4036 πολίτηνς
1192 3969 1228 4031 τίς
1241 3968 1267 4021 δέ
1284 3966 1417 4038 πρεούύτης
1428 3964 1470 4017 τδν
1486 3963 1640 4033 πρεσόύτηνς
1654 3962 1689 4025 τίς
1697 3963 1724 4016 δέ
1736 3964 1847 4033 δημότης

265 4050 333 4113 543,
347 4047 392 4101 α5.
410 4042 461 4112 Τήν
477 4043 610 4109 καταδίκην
630 4041 765 4114 ἐκτέτικεν]
782 4042 890 4105 Είκότως
903 4042 947 4097 ούκ
967 4044 1014 4099 ἐδί·
1059 4049 1102 4103 τόν
1121 4049 1377 4116 σννεκκλησιάσαντας
1401 4044 1533 4097 ώόὲλισται
1554 4041 1580 4096 δέ
1601 4041 1642 4093 καί
1660 4046 1744 4099 ταῦτα,
1782 4040 1846 4096 θύδέ

229 4130 286 4194 δον,
300 4128 381 4199 λέγων
393 4128 432 4179 ότι
447 4123 605 4194 συνεχωρήθη
618 4121 679 4175 αύτά
689 4123 736 4177 ύπδ
747 4129 791 4177 τού
807 4124 958 4195 Στράτωνος.
983 4122 1013 4178 Ὅ
1059 4125 1171 4194 ἐπιθῆται
1184 4126 1232 4198 γάρ
1244 4127 1296 4186 τοῖς
1306 4124 1426 4184 τοιούτοις
1439 4120 1541 4193 ἐφεῖται,

229 4211 345 4282 δδρήτωρ
358 4206 472 4279 βούλεται
482 4204 603 4275 ἀτιμῶσαι
618 4203 660 4257 τδν
675 4203 810 4271 διαιτητήν,
826 4203 874 4275 ούχ
886 4206 925 4259 ότι
935 4212 1014 4269 κακῶς
1096 4208 1164 4272 545,
1190 4212 1232 4270 ιή.
1252 4205 1330 4272 Πίνης
1345 4203 1388 4275 μέν
1408 4201 1466 4264 ίσως
1485 4200 1568 4271 ἐστὶν]
1593 4197 1738 4269 Ὗποκριτσύ
1758 4200 1844 4270 χρείαν

231 4289 334 4362 ἔκρινεν,
348 4286 405 4339 ἀλλ’
413 4287 457 4339 ’ότι
470 4285 612 4355 κρινόμενος
623 4282 667 4337 ούκ
686 4282 834 4353 ἀπήντησεν.
872 4284 948 4338 Ούδέν
968 4281 1012 4340 σύν
1059 4286 1132 4357 ἐσχεν
1148 4286 1245 4357 ἀφωνον
1261 4284 1391 4354 πρόσωπον
1409 4280 1568 4352 μιμούμενος.
1597 4277 1843 4348 Τοιαύτηνδέτόχην

230 4369 318 4423 κωλύει
343 4368 426 4438 κυρίαν
449 4363 573 4430 εἶναιτὴν
597 4365 690 4419 δίαιταν
715 4364 756 4418 καί
776 4365 789 4390 *
813 4364 885 4428 αύτδς
906 4365 1014 4439 ἐπίτιμος
1060 4365 1134 4419 αύτοΰ
1145 4365 1323 4435 κατηγόρησεν,
1338 4355 1366 4427 ής
1382 4361 1424 4414 καί
1437 4361 1460 4412 οί
1474 4359 1587 4412 δικασταί
1605 4360 1773 4412 κοινωνοῦσιν.
1794 4359 1843 4425 Aii-

231 4448 336 4521 ἔμεινεν.
1058 4445 1103 4497 λον
1117 4444 1165 4517 γὰρ
1176 4447 1215 4497 ότι
1226 4443 1250 4496 οἱ
1261 4444 1360 4509 πένητες
1371 4440 1414 4493 τδν
1426 4441 1518 4507 πένητα
1531 4437 1683 4504 ἐλεήσουσιν.

267 4527 335 4590 543,
349 4528 393 4578 τό.
409 4522 472 4577 03δέ
484 4522 611 4594 χαλκοῦν]
623 4521 744 4576 ’θόολόν
1093 4524 1129 4579 Ού
1147 4522 1253 4594 πονηρδς
1265 4524 1292 4576 δέ
1309 4523 1355 4593 γε]
1371 4520 1525 4591 Συμμίγνυσι
1545 4522 1580 4590 τῷ
1597 4518 1667 4572 πάθει
1687 4515 1732 4583 τήν
1754 4515 1844 4596 ἀπολο-

268 4605 335 4670 543,
351 4620 396 4672 27.
415 4600 490 4655 ’λλλά
503 4602 545 4654 καί
556 4602 626 4669 δίκην
638 4600 737 4670 ἐξούλης
749 4601 879 4675 ύπομένει]
895 4603 944 4656 Τοῦ
956 4604 1015 4656 Μει·
1058 4607 1130 4677 γίαν’
1147 4604 1168 4658 εί
1180 4603 1229 4676 γάρ
1244 4602 1351 4674 χρηστός
1361 4602 1396 4653 ὢν
1412 4598 1480 4653 δεινά
1493 4599 1623 4663 πέπονθεν,
1639 4595 1723 4650 οίκτου
1734 4596 1775 4675 καί
1786 4616 1843 4667 συγ-

232 4686 285 4739 δίου
307 4683 368 4757 μηδὲ
381 4681 425 4749 τὴν
440 4682 572 4749 καταδίκην
586 4683 669 4753 κυρίαν
684 4681 798 4753 λέγοντος
818 4682 832 4735 ό
847 4682 927 4755 ῥήτωρ
939 4683 1014 4755 ίιφαρ·
1059 4686 1161 4756 γνώμης
1171 4682 1246 4745 άξιος.

230 4766 314 4827 στάζων
326 4762 409 4835 φησίν,
423 4761 458 4816 ἐτι
472 4761 585 4832 βούλεται
599 4761 653 4832 περὶ
664 4759 762 4829 ἐξούλης
776 4763 930 4818 δικάσασθαι.
1094 4761 1171 4825 Οότος
1184 4763 1267 4834 μέντοι
1277 4759 1380 4828 πολίτης
1390 4760 1443 4829 ῶν]
1457 4756 1518 4828 Περλ
1529 4756 1662 4827 στρατείας.
1675 4757 1706 4809 R.

269 4845 335 4909 543,
355 4848 399 4899 κθ.
413 4843 507 4896 Ούκοῖιν
529 4841 543 4894 ό
558 4840 601 4913 μέν
613 4839 735 4913 ἠτίμωται
753 4841 794 4894 καί
813 4843 1012 4916 παραπόλωλεν]
1095 4844 1161 4907 545,
1180 4840 1220 4897 ι5.
1235 4839 1342 4906 Πολίτης
1358 4839 1414 4909 ὢν]
1431 4833 1532 4901 Ἐπειδή
1553 4834 1655 4896 Μειδίας
1666 4831 1844 4903 ύπούολιμαῖος

235 4920 334 4988 Ἐπειδὴ
350 4923 401 4983 τοῖς
413 4920 570 4975 ἀπολωλόσιν
584 4918 633 4991 ούχ
646 4914 700 4973 οίόν
713 4937 740 4971 τε
754 4922 864 4990 μετεῖναι
876 4926 925 4974 τῶν
939 4918 1014 4991 ἐντῷ
1034 4917 1039 4924 '
1059 4923 1100 4977 καί
1110 4921 1238 4993 βάρόαρος,
1249 4920 1305 4981 τούς
1313 4916 1415 4979 πολίτας
1429 4915 1569 4970 ἐκκαλεῖται
1580 4911 1623 4966 τδν
1635 4913 1740 4979 πολίτην
1753 4910 1840 4966 ἐλεεῖν.

234 5004 280 5076 βίῳ
292 5001 386 5067 καλῶν,
399 5001 423 5053 σί
435 4999 461 5052 δέ
481 5001 564 5072 ἀτιμοι
576 5003 619 5066 τῆς
632 5004 680 5052 τῶν
700 5004 787 5052 κοινῶν
807 4998 965 5062 ἀπολαύσεως
985 4998 1014 5052 ού
1098 4999 1301 5071 Ἐστρατευμένος
1316 4996 1428 5067 ἀντάσας]
1446 4994 1540 5047 Ούκούν
1551 4989 1596 5058 τήν
1611 4990 1791 5046 ἐπιόάλλουσαν
1803 4992 1843 5044 πέ·

234 5085 360 5154 μετεῖχον,
375 5079 415 5133 διά
430 5084 502 5134 τοῦτο
514 5078 594 5134 εἶπεν
614 5079 795 5151 παραπόλωλε,
812 5102 824 5129 ν
846 5081 955 5133 τουτέστι
967 5099 1014 5132 πα·
1061 5099 1116 5147 νησι
1126 5079 1281 5150 λειτουργίαν
1298 5075 1440 5147 ἐπλήρωσε·
1460 5073 1600 5145 λειτουργία
1613 5072 1640 5127 δέ
1656 5069 1783 5140 πένητοςὴ
1801 5070 1841 5123 διά

234 5165 309 5236 φίοικε
324 5164 375 5224 τοῖς
389 5160 557 5225 ἀπολωλόσιν,
573 5161 588 5227 ἢ
605 5159 660 5213 ἀντί
671 5163 715 5212 τού
729 5158 796 5222 εύθύς
807 5158 920 5225 ἀπέθανε,
932 5159 1015 5227 ζηλω·
1060 5162 1103 5213 τοῖι
1115 5160 1228 5228 σώματος
1239 5156 1347 5227 εἰσφορά.

233 5243 276 5298 τόν
288 5261 317 5313 γε
330 5239 404 5312 μηδέν
419 5239 485 5312 ἔχων
498 5245 546 5294 τῶν
561 5242 672 5302 ζώντων.
1100 5235 1200 5298 Ἇπάσας
1205 5235 1248 5299 τάς
1253 5234 1278 5288 ἐν
1288 5232 1511 5304 ήλικίφστρατείας]
1521 5228 1660 5300 Πρεσόύτης
1666 5230 1700 5280 ὢν
1709 5228 1762 5288 τοῖς
1769 5244 1843 5294 πονη·
