3967 5967
656 461 751 523 xxn.
777 464 878 522 xm
902 463 1183 523 ινινονιιιινοτ.
1231 440 1233 445 ’
1663 475 1718 523 τοι

120 596 237 665 στέφανον
254 591 405 665 ἀραιρήσετε’
424 593 494 662 μέρος
506 590 582 662 γάρή
599 590 675 662 βουλὴ
690 596 735 646 τοῦ
744 593 833 665 δήμου.
850 595 900 645 RS.
947 595 1109 663 πειράσοιντο.
1129 592 1161 645 Εἰ
1172 591 1198 645 δέ
1210 591 1297 663 εἰρήκει
1309 598 1343 664 τῷ
1360 593 1493 664 ψηφίσματι
1506 592 1604 663 μέλλειν
1623 612 1727 664 συναγο·

158 677 225 738 604,
245 690 271 742 7.
293 671 364 724 Ἔστι
379 670 427 741 γάρ
448 666 500 742 τίς]
524 671 659 741 ίίληρώσας
675 672 730 734 τοῦς
751 673 847 742 ἀγῶνας
863 672 903 724 διδ
948 672 1039 741 ρεύσειν
1056 672 1156 734 αύτούς,
1172 664 1225 732 ταῖς
1237 671 1320 733 σιίταῖς
1333 674 1361 722 ἀν
1376 671 1515 741 ἠγωνίσατο
1527 672 1624 723 λύσεσιν
1637 666 1675 733 αίς
1688 671 1728 723 καί

120 758 170 806 τῶν
182 752 204 804 δ’
213 752 296 822 νόμων
307 757 447 822 μετέρχεται
461 749 570 803 ἐντεῦθεν
584 750 623 805 έπί
632 751 686 812 τούς
698 751 835 823 ἐπιλόγους.
848 754 901 805 AB.
948 750 1066 820 πρότερον
1080 751 1211 820 ἐχρήσατο.
1251 751 1324 803 Ἔστι
1336 751 1361 803 δὲ
1376 751 1419 803 ούκ
1433 748 1521 815 έκύολὴ
1532 753 1689 822 συνηγόρων·
1701 752 1730 802 ού

158 835 225 893 604,
242 834 268 885 8.
286 828 328 896 Μὴ
341 830 510 891 πεντακοσίους
523 829 610 900 ύμῶν]
630 828 756 892 Ἀντίθεσις
774 833 807 893 ὡς
820 830 903 884 έπιλο-
948 828 996 898 γάρ
1010 836 1045 900 τῷ
1059 832 1194 900 κρινομένῳ
1206 830 1415 899 συναγορεύουσιν,
1435 829 1491 881 ἀλλ’
1511 829 1613 890 έαυτοῖς.
1654 828 1730 882 Ἀντι·

121 908 192 981 γικὴ,
209 910 344 980 μετέχουσά
362 928 426 970 τινος
440 908 476 962 έτι
489 909 532 962 καί
542 910 644 971 πίστεως
674 910 716 961 καί
728 911 822 979 μάχης·
840 907 904 960 έοικτ
949 912 1052 981 γραρεύς
1061 913 1086 964 δέ
1100 910 1163 964 ἔστιν
1174 912 1254 981 ὄνομα
1270 910 1405 982 ἀξιώματος
1416 911 1604 983 ἀντιγράροντος
1617 910 1675 981 ύπὲρ
1687 915 1730 976 τῆς

121 990 148 1042 δί
161 989 209 1043 ἀπδ
218 993 261 1043 τοῦ
273 989 366 1041 δικαίου
380 988 507 1059 εἰλῆφθαι,
517 988 556 1040 ότι
568 988 602 1040 οδ
611 987 704 1040 δίκαιον
717 988 846 1049 τοσούτους
855 993 903 1040 τῶν
950 990 1039 1059 βουλῆς
1050 990 1107 1059 πρίνς
1118 991 1160 1042 τδν
1172 991 1250 1059 δῆμον
1264 989 1288 1042 έν
1300 984 1336 1051 οίς
1348 991 1376 1040 ἀν
1388 991 1480 1056 δέηται.
1511 990 1545 1042 Το
1557 989 1623 1042 δέδι’
1639 989 1730 1042 έαυτῶν

128 1068 259 1135 Ἀθηναίων
272 1069 440 1138 ἀτιμάζεσθαι.
950 1066 1021 1137 εἶχον
1045 1066 1117 1133 ήνυσε
1134 1068 1162 1120 εδ
1184 1070 1265 1139 μῖσος.
1307 1066 1349 1129 Ὧς
1369 1068 1526 1138 ἀνδραπόδοις
1546 1067 1654 1139 ἐχρῶντο
1679 1072 1732 1132 τοῖς

157 1153 223 1215 604,
240 1150 281 1202 ιδ.
297 1149 398 1209 [ίλείους
411 1149 427 1214 ὴ
439 1147 534 1217 μυρίους
546 1146 602 1207 τοδς
613 1146 719 1216 ἄλλους]
739 1143 840 1211 Ἐπειδὴ
853 1144 905 1198 δίό
949 1146 1050 1211 ἀλλοις,
1063 1147 1157 1209 ἑαυτοῖς
1170 1148 1300 1217 τδκράτος
1314 1148 1484 1218 φυλάσσοντες.
1522 1147 1587 1219 Ὅρα
1598 1148 1623 1201 δέ
1641 1168 1733 1220 σωρρο·

122 1225 243 1288 ἀντίδικος
263 1232 301 1297 τῷ
321 1226 410 1291 πλήθει
430 1229 473 1292 τῆς
496 1225 585 1295 βουλῆς
607 1225 747 1295 ἐπεχείρησε
764 1228 906 1293 δυσωπῆσαι
949 1224 1023 1291 σύνην
1040 1225 1099 1295 μετά
1120 1228 1196 1296 θυμοῦ
1210 1228 1351 1295 σωζομένην
1369 1226 1393 1278 έν
1406 1234 1440 1299 τῷ
1453 1230 1479 1289 δς
1500 1226 1542 1297 μέν
1559 1227 1617 1297 ύμῖν
1637 1227 1730 1280 ἀδικεῖν

122 1306 179 1366 τοίας
190 1304 319 1368 δικαστάς,
335 1302 492 1371 ἀντάθηκενύ
509 1303 588 1374 ῥήτωρ
603 1309 654 1364 τοῖς
667 1302 834 1363 πεντακοσίοις
849 1302 906 1371 βον-
950 1304 1021 1374 δοκῇ.
1059 1304 1093 1356 (λδ
1106 1304 1153 1374 γάρ
1168 1304 1235 1366 εύθύς
1253 1303 1297 1369 τὴν
1317 1306 1434 1376 τιμωρίαν
1452 1305 1585 1378 ἐπήγαγεν,
1602 1306 1668 1359 ἀλλά
1686 1307 1730 1374 τὴν

122 1383 220 1445 λευταῖς
233 1385 286 1443 τούς
302 1384 407 1453 μυρίους.
429 1382 501 1435 Ἐστι
511 1382 603 1444 τοίνυν,
618 1383 651 1443 ὡς
663 1381 763 1453 ἔφαμεν,
778 1377 905 1451 έπιλογικὴ
951 1382 1027 1452 κρίσιν
1041 1382 1117 1451 άρῆκε
1130 1384 1239 1453 γενέσθαι
1253 1383 1378 1453 πρότερον.

123 1461 140 1528 ὴ
154 1461 273 1524 ἀντίθεσις
295 1461 342 1516 ἀπδ
360 1466 404 1514 τοῦ
424 1463 517 1514 δικαίου
530 1461 571 1513 καί
591 1460 639 1515 ἀπδ
659 1465 702 1527 τῆς
719 1459 784 1522 ἀξίας
800 1459 862 1512 κατά
878 1459 906 1512 τδ
986 1464 1048 1527 605,
1067 1482 1092 1532 7.
1113 1462 1203 1530 Ἴσως]
1220 1463 1304 1524 ίίαλῶς
1321 1461 1374 1516 εἷπε
1388 1462 1416 1515 rb
1433 1461 1506 1527 ίσως,
1522 1465 1563 1516 καί
1575 1463 1603 1516 ού
1621 1466 1731 1527 πάντως,

125 1541 247 1595 άναντίον·
269 1541 349 1603 δόξετε
372 1541 541 1611 καταισχύνειν
554 1540 621 1611 ύμῶν
640 1541 718 1593 αύτῶν
731 1540 759 1592 εδ
780 1541 864 1610 μέρος,
886 1539 907 1591 εί
949 1542 992 1593 ῖνα
1012 1543 1092 1611 ῶσπερ
1109 1543 1178 1611 μέρος
1195 1540 1321 1601 ἐπιεικείας
1341 1540 1422 1602 αύτοῖς
1444 1541 1594 1611 μαρτυρήσας
1614 1540 1734 1614 ἀποτρέψη

125 1622 167 1675 τδν
182 1623 298 1693 στέφανον
317 1620 487 1691 ἀφαιρήσεσθε.
525 1620 606 1691 ίίίέροςί
620 1619 667 1690 γάρ
680 1618 695 1685 ῆ
708 1617 784 1688 βουλὴ
804 1623 848 1671 τοῦ
862 1619 906 1684 δή·
952 1620 1037 1683 αύτούς
1047 1625 1090 1674 τοῦ
1102 1623 1256 1690 συνηγορεῖν.
1274 1622 1329 1673 AR.

126 1717 181 1771 μου.
219 1699 313 1753 Ὅτιδά
328 1699 392 1753 ίστιν
407 1696 534 1770 έπιλσγικὴ
548 1698 633 1764 δῆλον·
672 1699 706 1749 Ού
720 1698 768 1769 γάρ
780 1696 906 1766 ἀνατρέπει
988 1702 1054 1764 605,
1072 1705 1113 1755 16.
1131 1697 1181 1765 Τὴν
1195 1697 1307 1769 γραρὴν]
1328 1699 1398 1769 Λέγει
1412 1695 1455 1763 τὴν
1477 1701 1636 1770 κατηγορίαν,
1652 1702 1683 1767 ὴν
1701 1700 1735 1753 εί·

124 1780 155 1833 τά
167 1778 230 1851 παρά
242 1787 290 1833 τῶν
304 1779 432 1833 ἀντιδίκων
444 1779 633 1849 προτεινόμενα,
647 1776 713 1828 ἀλλά
726 1778 846 1829 δυσωπεῖν
858 1776 908 1829 ἐπι·
953 1779 1076 1850 σήλθομεν
1096 1778 1158 1830 κατὰ
1172 1782 1215 1830 τοῦ
1237 1777 1416 1849 Ἀνδροτίωνος.
1458 1776 1594 1849 Ἀπογνῶτε
1613 1779 1681 1848 λέγει
1700 1780 1736 1833 έν·

124 1860 271 1928 χειρεῖτούς
289 1857 429 1919 ἀκούοντας.
468 1856 590 1926 Μάμικται
608 1857 634 1908 δέ
646 1875 670 1908 τι
681 1856 721 1907 καί
740 1856 909 1925 μεταστάσεως
953 1860 1030 1910 ταῦθα
1043 1857 1090 1928 ούχ
1107 1859 1187 1928 ὥσπερ
1206 1855 1274 1911 εἶπεν
1291 1857 1342 1908 άνω
1363 1856 1404 1910 έάν
1426 1855 1586 1925 ἀποδέξησθε,
1611 1858 1668 1910 ἀλλ’
1681 1858 1737 1913 ἀντί

125 1937 187 1990 κατά
204 1937 248 2004 τὴν
267 1938 396 1990 ἀντίθεσιν·
413 1937 511 1990 ἐκείνων
528 1935 636 2005 όάγὼν,
655 1935 699 1988 ούκ
713 1934 779 2007 έμός.
816 1936 851 1987 Tb
866 1934 908 2006 μέν
953 1942 997 1990 τού
1009 1936 1050 1990 έάν
1064 1936 1097 2008 μὴ
1113 1943 1270 2007 καταγνῶτε,
1286 1937 1355 1998 εἰδὼς
1368 1936 1414 2002 τὴν
1427 1935 1502 2003 αύτὴν
1513 1937 1576 2000 λέξιν
1595 1940 1680 2001 διττῶς
1693 1940 1735 1993 λε-

126 2009 170 2067 ούν
185 2014 314 2085 ἀφελέσθαι
333 2015 376 2081 τὴν
394 2015 487 2085 δωρεάν
506 2014 603 2076 ἔνδειξίς
623 2013 674 2067 έστι
694 2018 737 2067 τοῦ
752 2013 795 2079 τὴν
816 2012 909 2084 δωρεὰν
953 2018 1062 2087 γομένην
1074 2016 1114 2069 καί
1129 2017 1344 2087 μεθαρμοζομένην
1361 2016 1419 2087 πρδς
1432 2018 1475 2070 τδν
1491 2022 1547 2069 νοῦν
1566 2022 1609 2071 τοῦ
1631 2018 1735 2089 λεγομέ-

127 2092 174 2161 ήδη
189 2095 316 2159 δεδόσθαι,
333 2095 365 2146 δι’
377 2096 408 2160 ἢν
420 2094 499 2146 αἰτίαν
513 2093 647 2165 έράσκομεν
664 2091 696 2163 μὴ
710 2094 852 2159 δεδυνῆσθαι
867 2093 909 2145 εδν
954 2116 1007 2148 νου.
1044 2097 1102 2148 Δέον
1122 2095 1198 2148 εἰπεῖν
1217 2094 1344 2165 ἀπογνῶτε
1358 2099 1400 2161 τῆς
1419 2099 1528 2167 γραρῆς,
1550 2095 1677 2167 ἀπογνῶτε
1692 2097 1735 2164 τὴν

126 2174 249 2244 Διόδωρον
270 2175 324 2227 κατ’
336 2172 414 2244 άρχάς
431 2174 632 2243 παραγράψασθαι
648 2171 818 2243 Ἀνδροτίωνα·
840 2172 869 2225 τδ
885 2171 910 2224 δέ
953 2172 1048 2245 γραρὴν
1064 2173 1171 2235 Ἀττικῶς
1185 2174 1262 2227 εἶπεν.
1277 2176 1334 2230 AR.

128 2250 162 2321 μὴ
175 2251 264 2305 ὀνείδει
276 2253 417 2323 περιόαλεῖν
430 2251 478 2305 ἀπδ
491 2256 535 2318 τῆς
549 2252 615 2314 ἀξίας
629 2251 757 2318 ε’ίληπται,
772 2253 909 2318 δυσωπητι·
990 2252 1056 2316 605,
1072 2254 1116 2305 05.
1133 2251 1189 2304 Ἔτι
1203 2252 1282 2305 τοίνυν
1301 2251 1397 2323 Ἀρχίαν
1409 2251 1498 2323 οἶμαι]
1514 2253 1595 2306 Τόπον
1608 2252 1736 2325 ἀπένειμεν

126 2337 174 2393 κῶς
186 2329 339 2403 εἰσηγμένον.
382 2330 416 2384 Ἥ
427 2331 454 2384 δέ
467 2331 535 2394 λύσις
549 2330 726 2403 μεταληπτική
735 2332 849 2401 σύμπασα
863 2329 911 2383 ἀπδ
954 2331 1046 2385 οίκεῖσν
1060 2332 1085 2385 έν
1097 2334 1149 2392 τοῖς
1162 2331 1285 2403 έπιλόγοις
1300 2330 1383 2403 Ἀρχίᾳ
1392 2331 1432 2383 διά
1443 2332 1471 2385 τδ
1484 2333 1596 2402 διάρορον
1609 2338 1651 2399 τῆς
1661 2333 1735 2396 ἀξίας.

126 2415 170 2465 τοῦ
183 2414 354 2483 συμφέροντος.
393 2411 464 2465 Ἐστι
476 2412 524 2483 γάρ
538 2414 577 2465 δτε
595 2411 676 2482 ἑτέρον
690 2411 734 2483 μέν
747 2409 856 2481 γένουςὴ
872 2410 912 2462 ἀν-
954 2411 988 2463 Tb
998 2411 1085 2482 γδρῶς
1097 2411 1188 2476 έπιεικῆ
1199 2412 1306 2477 δήλωσιν
1319 2410 1361 2481 μέν
1373 2411 1426 2481 ἔχει
1435 2415 1478 2478 τῆς
1487 2410 1572 2481 ἀρετῆς
1585 2411 1685 2482 τάνδρὸς
1696 2417 1737 2466 καί

126 2491 229 2555 τίθεσις,
245 2490 325 2560 έτάρου
338 2492 365 2545 δὲ
384 2491 400 2558 ὴ
416 2492 493 2553 λύσις.
531 2489 706 2559 Μεταληπτικὴ
722 2490 747 2543 δί
767 2485 829 2543 ούσα
842 2489 910 2543 ούδίν
955 2494 998 2556 τῆς
1014 2488 1157 2560 ύπολήψεως
1180 2490 1210 2555 ὴν
1233 2489 1290 2559 παρ’
1308 2487 1440 2557 Ἀθηναίοις
1460 2493 1581 2557 κέκτηται,
1619 2492 1738 2545 Βούλεται

127 2561 201 2634 ήττόν
215 2567 266 2621 ἔστι
280 2569 342 2621 κατά
354 2569 569 2639 ἀντιπαράστασιν.
956 2570 1039 2640 μέντοι
1059 2568 1099 2619 διά
1117 2574 1165 2620 τῶν
1186 2567 1315 2639 έγκωμίων
1329 2569 1371 2620 καί
1389 2576 1432 2635 τῆς
1446 2571 1575 2640 μαρτυρίας
1590 2575 1633 2622 τοῦ
1653 2570 1739 2642 ἀνδρός

162 2647 290 2714 ίίλείουςῆ
313 2648 426 2719 μυρίους]
443 2646 543 2713 Ἐπειδὴ
556 2647 596 2699 διάι
617 2647 647 2700 εδ
659 2647 752 2712 πλῆθος
765 2652 808 2713 τῆς
823 2646 913 2717 βουλῆς
957 2647 1088 2716 βεύαιῶσαι
1102 2645 1146 2712 τὴν
1169 2645 1231 2699 κατὰ
1245 2650 1288 2712 τῆς
1305 2648 1395 2717 βουλῆς
1413 2649 1572 2718 κατηγορίαν,
1590 2649 1629 2700 διά
1648 2649 1673 2702 δέ
1688 2658 1737 2704 τῶν

127 2727 269 2790 δυσωπῆσαι
283 2726 339 2787 τούς
352 2725 491 2787 δικαστάςύ
507 2724 650 2796 Ἀνδροτίων
665 2724 799 2795 ἐπεχείρει,
821 2724 911 2777 ἀντιτί·
956 2726 1034 2779 αύτῶν
1048 2725 1152 2779 ἐπαίνων
1165 2729 1208 2790 τῆς
1222 2726 1366 2797 συνηγορίας
1381 2726 1511 2797 ἀποτρέψαι
1524 2728 1567 2780 τδν
1581 2728 1665 2799 ἀνδρα.
1679 2731 1738 2783 Δια·

129 2805 185 2871 θησι
196 2805 237 2857 καί
252 2804 323 2864 αύτδς
336 2811 372 2877 τῷ
384 2804 473 2869 πλήθει
484 2805 566 2874 ἕτερον
580 2805 673 2871 πλῆθος
684 2804 748 2858 πολύ
760 2803 834 2858 πλέον
849 2803 910 2856 έκεί·
956 2805 1128 2874 λεκτικώτερος
1140 2804 1166 2857 δέ
1178 2804 1236 2873 πρύς
1248 2804 1320 2858 αύτδν
1332 2805 1346 2857 ό
1361 2805 1452 2877 λόγος’,
1468 2804 1549 2870 ἐπειδὴ
1560 2806 1601 2858 καί
1614 2810 1739 2862 πεπαιδεῦ-

122 2884 188 2946 ’νου,
204 2886 256 2945 τοῖς
268 2882 294 2953 ρ’
306 2884 363 2945 τοίις
376 2884 487 2954 μυρίους.
499 2886 556 2937 AR.
956 2883 1012 2935 σθαι
1021 2883 1062 2935 καί
1075 2882 1377 2953 ριλοσορεῖνύπειληπται.
1419 2882 1540 2954 Ἐχώρισε
1551 2885 1577 2937 δέ
1588 2891 1675 2939 τοῦτον
1690 2888 1738 2941 ἀπδ

165 2965 233 3025 604,
252 2965 294 3017 18.
313 2961 443 3032 Ὀνειδσς]
457 2961 536 3014 Τοῦτο
554 2958 641 3013 λοιπδν
657 2958 685 3013 ἐκ
703 2959 839 3029 περιουσίας
852 2958 911 3025 ἀπή·
956 2967 1004 3013 τῶν
1016 2961 1111 3026 ἀλλων,
1123 2961 1157 3013 ἵν’
1172 2962 1205 3024 ὡς
1218 2960 1278 3015 όντα
1290 2962 1381 3028 ἐπιεικῆ
1397 2964 1450 3023 ταῖς
1464 2961 1587 3030 ἀληθείαις
1599 2966 1674 3034 μόνον
1690 2965 1738 3029 έξε-

129 3059 201 3109 νεγκε
218 3040 247 3093 τδ
263 3041 381 3111 συμφέρον
393 3044 437 3106 τῆς
451 3040 545 3101 πόλεως
559 3038 705 3109 προκρίνων,
724 3038 815 3091 ὡσανεί
841 3038 912 3108 ἔλεγε
956 3038 1030 3111 λίγξη
1043 3038 1137 3093 λαόιίιν.
1157 3037 1256 3104 Ἐπειδὴ
1271 3040 1297 3092 δὲ
1309 3041 1350 3092 καί
1362 3042 1532 3109 πεπαιδεῦσθαι
1545 3042 1586 3094 καί
1596 3044 1738 3114 ριλοσορεῖν

129 3122 183 3174 κατ’
196 3120 308 3175 ένστασιν
324 3122 365 3174 καί
377 3121 581 3192 ἀντιπαράστασιν
591 3118 671 3171 ούτω·
686 3118 801 3171 Μάλιστα
813 3116 855 3189 μὲν
869 3116 912 3171 ούκ
956 3118 1116 3185 ύπείληπται,
1133 3118 1381 3190 συλλογιστικιύτερσν
1397 3120 1462 3191 αύτῷ
1475 3121 1624 3191 διαλέγεται.
1661 3125 1700 3178 To
1713 3125 1739 3178 δέ

129 3197 194 3251 ἔστιν
205 3199 297 3262 όνειδος
313 3202 344 3270 τῇ
357 3200 448 3271 βουλῇ,
466 3201 534 3270 μόνῳ
553 3198 580 3251 δέ
593 3204 628 3269 τῷ
646 3196 807 3268 Ἀνδροτίωνι.
844 3196 874 3249 El
887 3196 912 3249 δὲ
956 3195 1029 3267 οἶμαι
1046 3204 1081 3269 τῷ
1094 3201 1201 3267 συνερεῖν
1220 3200 1361 3264 συναπτέσν,
1376 3198 1410 3250 ἵν’
1425 3194 1440 3270 ὴ
1455 3197 1591 3271 ἀμρίόολον
1604 3201 1649 3265 τδ,
1666 3201 1738 3257 έπιει-

128 3275 171 3328 καί
183 3277 296 3347 δοίημεν,
313 3275 346 3347 μὴ
361 3278 431 3348 μόνῳ
450 3275 534 3345 αύτῷ,
549 3273 616 3327 ἀλλὰ
630 3274 672 3327 καί
689 3275 754 3346 πάσῃ
769 3278 799 3346 τῇ
815 3274 893 3345 βουλῇ
902 3313 909 3337 ,
956 3274 999 3341 κὴς
1013 3279 1047 3328 ὢν
1063 3279 1160 3345 συνερεῖ
1171 3275 1262 3337 αύτοῖς.

131 3355 228 3424 βέλτιόν
246 3354 297 3408 ἐστι
315 3357 421 3423 λυπῆσαι
436 3356 493 3427 μίαν
514 3353 605 3425 βουλὴν
625 3355 641 3421 ὴ
661 3355 740 3407 πᾶσαν
759 3352 849 3425 βλάψαι
868 3351 912 3418 τὴν
992 3354 1048 3407 Ἔτι
1062 3355 1142 3407 τοίνυν
1160 3353 1255 3424 Ἀρχίαν
1267 3359 1278 3424 ]
1292 3355 1338 3406 ίίαί
1350 3350 1420 3417 οὗτος
1430 3361 1478 3409 τῶν
1488 3360 1640 3427 συνηγόρων.
1665 3357 1738 3427 Ἐζή-

130 3434 211 3490 πύλιν.
229 3437 285 3488 AR.
956 3453 1032 3501 τησαν
1051 3435 1077 3487 δέ
1096 3453 1157 3495 τινες
1171 3434 1211 3485 διὰ
1228 3434 1253 3487 τί
1267 3432 1300 3505 μὴ
1319 3434 1359 3487 καί
1376 3439 1462 3487 τοῦτον
1476 3435 1590 3506 ὠνόμασε
1610 3438 1670 3508 μετὰ
1690 3446 1738 3492 τῶν

166 3518 231 3577 604,
249 3516 291 3568 16.
306 3514 346 3585 Τῷ
359 3514 407 3585 γάρ
420 3512 483 3566 ἔστιν
496 3512 589 3572 όνειδος
600 3514 609 3578 l
621 3510 798 3572 ίίατασκενάζει
809 3513 912 3582 δριμέως
956 3514 1042 3565 ἀλλων
1053 3518 1136 3583 τριῶν,
1152 3511 1279 3584 έπειδήπερ
1290 3509 1359 3576 ούτος
1373 3513 1388 3566 ό
1403 3515 1496 3585 Ἀρχίας
1512 3514 1611 3586 ἐλέγετο
1624 3515 1688 3570 εἷναι
1702 3539 1739 3573 σι·

131 3591 164 3653 εἰς
176 3592 274 3663 ὀλίγους
287 3591 331 3658 τὴν
344 3593 442 3664 μέμψιν,
452 3592 495 3645 ἵνα
506 3590 539 3661 μὴ
551 3594 630 3645 πᾶσαν
642 3589 740 3662 λυπήσῃ
751 3588 796 3654 τὴν
810 3588 911 3660 βουλήν,
957 3592 1077 3663 λόσορος,
1091 3592 1124 3654 ὡς
1139 3596 1284 3663 μαρτυροῦσι
1298 3593 1339 3645 καί
1360 3595 1446 3656 πάντες
1465 3597 1488 3646 οἱ
1502 3593 1680 3667 ἐξηγησάμενοι
1698 3599 1740 3651 καί
1783 3662 1786 3671 Ι

130 3673 159 3726 τί)
175 3673 254 3742 βραχύ
268 3674 338 3742 μέρος
349 3671 422 3738 αύτῆς
434 3670 593 3741 αἰτιώμενος,
609 3674 639 3741 τῇ
654 3689 680 3722 τε
692 3669 802 3723 ένστάσει
815 3671 856 3723 καί
873 3669 915 3721 ἀν·
956 3670 1027 3734 αύτδς
1041 3672 1056 3723 ό
1069 3671 1149 3741 ῥήτωρ
1169 3670 1209 3722 διὰ
1224 3675 1267 3723 τοῦ
1287 3670 1421 3742 ἐπαγαγεῖν
1438 3672 1470 3734 ὡς
1486 3671 1577 3739 έπιεικῆ
1596 3672 1736 3739 δεήσεσθαι·

130 3752 301 3822 τιπαραστάσει
313 3748 357 3823 τὴν
373 3752 457 3822 μάχην
471 3749 643 3821 ἐργαζόμενος,
956 3751 1088 3821 ριλόσορον
1096 3752 1143 3821 γάρ
1152 3750 1202 3803 ἔστι
1212 3750 1239 3803 εδ
1249 3750 1429 3820 προύάλλεαθαι
1439 3749 1482 3817 τὴν
1491 3751 1627 3806 ἐπιείκειαν.
1640 3753 1738 3821 Ἐπειδὴ

167 3835 232 3894 604,
250 3848 291 3900 ¹9·
305 3829 657 3901 Σιωπῶντος-γράροντος]
674 3826 736 3880 Ἀντί
754 3831 796 3880 τοῦ
817 3826 850 3898 μὴ
869 3828 912 3894 δη·
957 3824 1000 3882 οῦν
1022 3829 1126 3900 ἔμελλεν
1140 3830 1172 3891 ὡς
1191 3827 1217 3883 έκ
1233 3829 1374 3900 ριλοσορίας
1389 3830 1531 3902 ὁρμώμενος
1550 3833 1741 3905 συλλογιστικῶς

132 3909 308 3979 μηγσρδῦντος.
323 3910 357 3960 A.
956 3912 1091 3982 κεχρῆσθαι
1104 3912 1156 3972 τοῖς
1169 3909 1267 3979 λόγοις,
1283 3910 1396 3978 βούλεται
1411 3909 1425 3961 ό
1441 3910 1521 3981 ῥήτωρ
1542 3909 1653 3982 ἀρορίσαι
1666 3913 1739 3967 αύτδν

166 3991 234 4051 604,
249 3991 292 4042 26.
310 3986 477 4056 Καταγνοῦσιν
493 3985 509 4052 ὴ
525 3982 578 4056 μὴ]
599 3982 664 4036 Ἀντί
677 3986 720 4036 τοῦ
737 3981 779 4035 έάν
793 3981 826 4054 μὴ
841 3986 915 4036 κατά·
957 3994 1005 4042 τῶν
1019 3989 1114 4053 ἀλλων,
1128 3989 1170 4040 ῖνα
1182 3988 1307 4058 σχολάσας
1320 3990 1378 4060 πρδς
1390 3989 1486 4042 ἐκεῖνον
1500 3991 1541 4042 καί
1556 3991 1626 4053 αύτδς
1644 3992 1739 4062 χρήσῃ.

131 4071 209 4138 γνῶτε
223 4064 301 4118 αύτῶν
316 4064 348 4126 ύνς
362 4065 531 4136 ἁμαρτόντων,
547 4063 614 4115 ἀλλά
628 4062 754 4134 ἀπογνῶτε
770 4068 818 4116 τῶν
837 4082 912 4131 κατη·
957 4086 997 4120 ται
1019 4070 1072 4129 ταῖς
1092 4066 1236 4137 πρεπούσαις
1253 4070 1425 4132 κατασκευαῖς,
1448 4070 1491 4121 ίνα
1513 4070 1577 4142 δείξῃ
1598 4071 1635 4124 ότι
1655 4073 1696 4124 καί
1714 4073 1739 4125 έν

34 4208 37 4213 ‚
131 4147 295 4216 γορουμένων,
311 4145 343 4207 ὡς
356 4144 389 4216 μὴ
402 4145 606 4216 ἁμαρτησάντων.
622 4147 656 4197 A.
956 4146 1035 4217 τούτῳ
1048 4145 1121 4199 αύτοῦ
1133 4146 1293 4216 περιγίνεται,
1307 4145 1331 4198 έν
1343 4143 1365 4217 ᾧ
1379 4146 1470 4209 ἐκεῖνος
1485 4149 1672 4219 μεγαλορρονεῖ.
1695 4150 1739 4203 ίίὲ-

168 4226 229 4289 605,
244 4227 271 4279 3.
284 4225 412 4297 Ἐθάδων]
427 4224 533 4287 Ἐθέιδας
546 4225 646 4277 ίκάλουν
661 4224 717 4284 τούς
729 4223 784 4295 περί
797 4224 827 4276 τάι
840 4225 914 4293 κράγ-
956 4244 1047 4296 χρηται
1069 4220 1112 4278 ούν
1136 4224 1203 4285 εύθδς
1224 4225 1431 4296 σιλλογιζόμενος
1450 4228 1543 4298 [πρὸς]
1565 4227 1638 4281 αύτδν
1651 4234 1686 4300 τῷ
1707 4231 1741 4281 δι-

134 4322 198 4374 ματα
223 4304 390 4372 σχολάζοντας
414 4304 455 4357 καί
473 4309 667 4375 κακουργοῦντας
680 4304 720 4356 διδ
738 4304 767 4357 τδ
781 4304 913 4373 κερδαίνειν
957 4304 1080 4375 λημμάτῳ
1092 4304 1212 4375 σχήματι,
1225 4304 1267 4355 καί
1278 4303 1325 4373 ούχ
1336 4304 1418 4366 ἁπλῶς
1426 4306 1584 4377 διλημμάτῳ,
1595 4306 1740 4379 ἀλλ’ίθσπερ

132 4382 174 4443 καί
185 4382 340 4452 έργολσιύεῖν.
355 4384 412 4436 AL.
958 4384 1019 4436 κατὰ
1031 4383 1156 4453 διαίρεσιν.
1186 4380 1276 4435 Ἰστέον
1288 4382 1314 4434 δὲ
1323 4384 1361 4435 δτι
1373 4383 1415 4435 καί
1425 4383 1563 4454 ριλοσόρων
1576 4385 1659 4455 λόγων
1672 4385 1739 4450 έντδς

169 4460 236 4524 605,
253 4460 280 4513 5.
296 4458 334 4512 Ἣ
351 4460 448 4531 τοίνυν]
465 4461 512 4512 Καί
522 4464 594 4514 τοῦτο
606 4461 635 4513 τί)
646 4463 716 4532 μέρος
727 4461 760 4522 είς
771 4459 815 4527 τὴν
833 4460 934 4531 προει·“
958 4459 1112 4531 ὴνόρήτωρ,
1127 4458 1245 4530 ἀκροατὴς
1256 4462 1364 4532 γεγονὼς
1379 4463 1519 4526 Πλάτωνος.
1535 4467 1591 4518 AR.

133 4542 239 4611 ρημένην
252 4538 384 4592 ἀντίθεσιν.
420 4539 454 4591 Tb
468 4538 515 4610 γάρ
529 4541 764 4613 συνηγορήσουσιτῇ
780 4541 858 4611 βουλῇ
874 4539 915 4592 καί
994 4545 1062 4604 606,
1087 4556 1129 4594 10.
1144 4536 1223 4609 Οἶμαι
1240 4538 1338 4610 τοίνυν]
1357 4540 1434 4592 Πάλιν
1450 4541 1614 4613 έπιλογίζεται
1628 4540 1676 4596 ἀπδ
1697 4547 1741 4610 τῆς

134 4619 282 4690 βοηθήσουσι
296 4618 420 4680 Φίλιππος
430 4618 472 4671 καί
488 4618 702 4688 Ἀντιγένηςούδδν
720 4620 801 4689 ἕτερον
814 4620 914 4672 δύναται
958 4623 1001 4672 τοῦ
1019 4619 1147 4689 προσώπου
1160 4618 1299 4683 ποιότητος.
1318 4621 1346 4672 S.
1385 4619 1454 4690 ’Ἀχρι
1472 4621 1514 4692 μέν
1529 4620 1681 4675 τούτωνάπδ
1697 4627 1740 4690 τῆς

132 4700 149 4766 ὴ
171 4701 209 4753 ότι
230 4698 304 4752 ταύτά
321 4695 415 4769 ἀροῦσιν
432 4695 590 4769 Ἀνδροτίωνι.
628 4697 704 4751 Ὥστε
717 4699 759 4751 καί
779 4697 806 4750 έκ
821 4699 914 4752 τούτων
958 4697 1045 4763 διπλῆς
1066 4696 1195 4763 ποιότητος
1212 4698 1255 4761 τῆς
1270 4715 1296 4749 τε
1311 4697 1400 4766 βουλῆς
1420 4698 1461 4750 καί
1474 4704 1522 4751 τῶν
1539 4699 1738 4769 συνηγορούντων

135 4779 289 4849 βεύαιοῦσθαι
300 4776 329 4830 τδ
338 4777 380 4829 καί
393 4775 535 4847 άπιλογικὴν
548 4775 593 4841 τὴν
605 4778 780 4849 προειρημένην
795 4777 914 4831 ἀντίθεσιν
957 4778 1104 4846 προσώπων,
1122 4775 1155 4837 ῶς
1168 4774 1193 4828 ἐν
1205 4774 1344 4845 ἐπιλόγοις,
1360 4776 1425 4847 αύτῷ
1436 4779 1634 4849 προκεχώρηται,
1651 4776 1703 4845 ἑῆς
1713 4781 1740 4834 δί

134 4855 208 4913 εἶναι’
249 4856 370 4926 Ἐχῶρισε
382 4855 404 4907 δ’
419 4854 537 4921 ἀλλήλων
548 4855 579 4907 τὰ
596 4858 728 4926 πρόσωπα,
747 4856 782 4908 ἵν’
795 4856 850 4926 ἔχει
861 4857 913 4909 δια·
958 4854 1123 4925 ίπιλογῖζεται
1131 4853 1204 4907 πάλιν
1219 4852 1266 4907 ἀπδ
1278 4858 1321 4920 τῆς
1337 4853 1505 4925 Ἀνδροτίωνος
1517 4856 1590 4909 αὐτοῦ
1599 4858 1736 4925 ποιότητος·

133 4936 230 5006 λεχθείς
243 4936 302 5007 πρδς
311 4934 354 4997 τάς
365 4936 491 5006 διαφόρους
502 4936 635 5001 ποιότητας
653 4933 826 5006 εύμαρέστερον
841 4935 915 4988 λῦσαι
959 4934 1067 5002 εἰσῆκται
1083 4934 1110 4988 δέ
1127 4934 1152 4989 έν
1166 4934 1308 4997 ἀντιθέσεως
1325 4934 1398 5001 εῖδει,
1411 4936 1477 4988 ἀλλά
1494 4940 1644 5009 ρθονοῦμαι,
1659 4939 1737 5009 ρησί,

134 5013 192 5068 αύτδ
206 5015 235 5068 εδ
246 5013 287 5067 διά
299 5018 342 5081 τῆς
355 5012 420 5076 ἀξίας
433 5010 576 5067 ἀντιπῖπτον
587 5013 688 5066 έκάστου
698 5019 746 5066 τῶν
761 5017 912 5085 συνηγόρων.
958 5015 998 5068 διά
1010 5013 1054 5081 τὴν
1069 5014 1163 5069 εύνσιαν
1175 5016 1205 5083 ῆν
1219 5015 1271 5086 ἔχω
1284 5015 1339 5086 περί
1351 5015 1396 5082 τὴν
1406 5017 1478 5070 πόλιν
1491 5017 1531 5070 καί
1543 5018 1582 5069 διά
1593 5016 1634 5085 τάς
1645 5017 1739 5089 είσπρά·

133 5091 168 5143 To
180 5091 206 5143 δὲ
219 5095 317 5162 συνερεῖ
329 5094 360 5163 τῆ
373 5091 451 5162 βουλῇ
468 5091 591 5153 Φίλιππος
602 5091 644 5144 καί
658 5090 792 5158 Ἀντιγένης
811 5092 914 5164 έμρασιν
958 5093 1003 5156 ξεις
1026 5094 1053 5155 ἀς
1072 5092 1130 5164 ύπάρ
1155 5093 1223 5163 ύμῶν
1243 5093 1386 5164 πεποίημαι.
1432 5095 1527 5162 Ταύτην
1551 5094 1595 5163 τὴν
1618 5094 1739 5151 ἀντίθεσιν

135 5169 188 5240 ἔχει
199 5171 236 5222 δτι
250 5169 293 5222 ούκ
303 5168 389 5240 ἔχουσι
401 5169 444 5242 μέν
459 5169 528 5225 ούδέν
541 5171 616 5224 εἰπεῖν
629 5171 721 5222 δίκαιον
741 5169 798 5241 ύπίρ
810 5175 853 5224 τοῦ
867 5172 913 5243 ψη-
936 5195 940 5247 γ
959 5173 1031 5226 έλαόε
1045 5172 1087 5243 μὲν
1102 5172 1150 5226 ἀπδ
1167 5177 1209 5240 τῆς
1226 5172 1393 5243 Ἀνδροτίωνος
1410 5178 1550 5243 ποιότητος,
1566 5176 1606 5229 διὰ
1617 5178 1646 5231 τδ
1662 5176 1738 5249 ύπάρ-

133 5255 252 5321 ρίσματος
267 5247 446 5317 ἀναόαίνσνττς,
462 5248 520 5314 ίσως
530 5251 556 5304 δά
570 5269 594 5304 τι
605 5253 637 5321 τῇ
649 5248 727 5322 βουλῇ
740 5255 914 5322 συναγορεῦσαι
957 5273 1011 5324 χειν
1031 5252 1182 5324 Ἀνδροτίωνι
1203 5254 1344 5324 δυσμένειαν
1364 5254 1421 5324 πρδς
1440 5255 1589 5328 Εύκτήμονα
1607 5256 1665 5328 ύπὲρ
1689 5264 1737 5312 τῶν
