3967 5967
330 529 334 536 Δ
816 457 1068 521 FRAGMENTA·
1666 467 1720 516 ιιι

121 581 161 659 διδ
173 581 219 640 καί
237 579 285 650 τὴν
304 579 379 640 πόλιν
394 578 439 639 ἐπὶ
461 583 508 653 τῆς
521 579 612 639 τούτου
627 580 759 648 πολιτείας
773 582 897 661 ἀνανδρο·
945 586 1067 660 imperio
1076 584 1203 659 parebat.
1219 581 1379 658 Appetebat
1390 599 1451 641 earu
1466 578 1631 654 Philippus,
1647 579 1727 637 ideo-

120 681 202 751 εείτην
214 676 258 738 καί
271 677 454 758 ραδυμοτοίτην
471 675 566 746 τυνέόη
581 675 718 757 γενέσθαι,
732 677 899 757 ἐξειργάσατο
946 691 1002 745 que
1015 674 1124 728 exsules
1139 672 1204 728 inde
1216 673 1321 744 ejectus
1335 674 1365 727 in
1380 689 1461 727 suam
1480 672 1597 727 tutelam
1610 689 1728 746 recepe-

120 766 279 842 Θιόπομπος
303 769 329 824 ἐν
353 769 387 845 τῇ
409 766 424 823 ι’
446 769 497 824 τῶν
511 766 695 827 Φιλιππικῶν.
744 764 857 848 Ἕτερος
875 768 900 825 i'
946 772 1004 827 rat,
1020 779 1092 833 quos
1120 772 1284 834 opportuna
1308 761 1455 816 occasione
1473 761 1647 829 restitueret,
1672 760 1728 815 hoe

120 855 189 916 ἐστίν
213 859 227 913 δ
251 853 383 931 κωμικός.
413 846 443 914 οδ
465 852 624 932 μνημονεύει
647 853 791 934 Ὑπερίδης
813 859 840 915 ἐν
863 859 901 935 τῷ
946 847 1085 903 beneficio
1099 849 1212 905 asseclas
1234 850 1287 904 sibi
1307 849 1382 904 inter
1403 849 1499 903 iusulae
1522 849 1629 904 incolas
1644 866 1729 921 para·

119 946 179 1003 κατ’
193 943 419 1023 Ἀρχεστρατίδου,
948 948 1036 995 turus.
1053 937 1094 994 ci.
1117 937 1263 993 Demosth.
1279 937 1314 992 de
1328 937 1431 993 Halon.
1446 955 1475 1008 p.
1494 935 1540 992 80.
1555 937 1730 1009 Conquesius

159 1034 254 1091 schol,
269 1035 392 1095 AEschin,
407 1053 449 1091 ον,
464 1053 481 1089 2
497 1032 543 1110 §8
560 1029 725 1113 ςΕὗὸούληυ]
739 1030 902 1108 Δημαγωγὸς
947 1026 1029 1080 estin
1045 1026 1162 1099 epistola
1185 1025 1222 1080 ad
1235 1026 1417 1081 Athenienses
1436 1024 1503 1079 data
1518 1043 1548 1098 p.
1567 1022 1634 1099 159,
1649 1024 1729 1097 quod

118 1112 191 1186 ottae
202 1117 300 1189 ίνδοξος
314 1121 383 1181 κατὰ
395 1119 454 1190 τοὺς
465 1121 526 1202 περὶ
540 1121 700 1192 Δημοσθένη
713 1121 823 1198 γεγονὼς
832 1118 902 1200 γρό-
947 1113 1039 1169 Thasii
1052 1131 1151 1186 pacem
1162 1114 1312 1169 violassent
1326 1112 1445 1168 navibus
1465 1114 1603 1184 Byzantiis
1619 1123 1648 1168 et
1657 1132 1729 1187 prae-

119 1231 183 1276 νουε·
207 1198 237 1267 ult
262 1209 434 1276 δποθανόντος
460 1208 615 1290 Ὑπερείδης
638 1206 699 1286 περλ
720 1211 801 1285 τιμῶν
826 1209 901 1285 λόγω
948 1200 1072 1256 donibus
1086 1202 1237 1257 maritimis
1252 1200 1332 1274 apud
1342 1219 1390 1256 eos
1401 1200 1512 1275 refugio
1531 1202 1660 1275 praebito.
1677 1208 1730 1258 At-

119 1296 243 1379 ἐγραψεν.
948 1308 1018 1363 que,
1033 1290 1113 1363 quod
1127 1309 1191 1345 cum
1203 1291 1325 1345 maxime
1335 1289 1391 1344 huc
1407 1287 1549 1361 quadrare
1563 1288 1687 1359 videtur,
1700 1291 1731 1344 iu

41 1364 51 1379 ⁵
948 1380 1048 1437 eadem
1061 1379 1109 1436 illa
1122 1380 1238 1463 epistola
1248 1398 1276 1453 p.
1290 1377 1343 1434 163
1356 1378 1579 1434 controversiam
1589 1379 1731 1452 quandam

480 1387 545 1447 133.
582 1363 593 1383 ⁰

159 1488 295 1544 Euoebltis
308 1488 354 1544 Pr·
368 1489 418 1545 EV-
427 1487 471 1557 Χ,
488 1484 524 1543 3:
538 1480 639 1555 Μνηίυ
649 1483 743 1550 ariri<
757 1480 902 1562 Ὑπερίδην
948 1470 1117 1525 Thasiorum
1131 1481 1160 1524 et
1172 1468 1380 1523 Maronitarum
1395 1476 1600 1521 commemorat
1613 1467 1656 1521 liis
1669 1486 1732 1523 ver·

118 1569 163 1631 τδν
177 1572 269 1646 καλόν,
284 1570 454 1651 πολλδπαρδ
466 1571 649 1646 Δημουδίνους
662 1571 822 1651 κεκλοφότα,
835 1570 861 1628 ἐν
872 1593 903 1628 τε
948 1558 992 1614 bit
1009 1573 1016 1614 ἶ
1033 1553 1079 1612 καί
1102 1553 1228 1631 δοΥί(ῑΰθ’
1251 1553 1285 1619 ὡς
1306 1548 1399 1656 {ltili
1426 1551 1498 1657 ἔστω]
1517 1547 1665 1621 Ἀθηναίων
1686 1553 1732 1658 xiil

118 1664 156 1719 τῶ
166 1661 231 1740 πρὸς
238 1660 355 1721 Διώνδου
366 1660 436 1741 λόγερ
450 1661 499 1718 κεἰν
512 1662 549 1738 τῶ
563 1659 623 1738 περί
636 1663 687 1718 τῶν
707 1659 841 1721 Εὐόοόλου
853 1659 903 1717 δω·
948 1642 1064 1707 Θασίου(
1080 1641 1127 1717 pti
1144 1640 1189 1699 ml
1204 1642 1376 1717 Μαρωνῖῑταΐ
1396 1640 1544 1715 dt“Mittit“
1561 1637 1623 1715 mil
1643 1640 1734 1719 Σῗρυ·

120 1721 193 1825 ρέῶν,
209 1752 251 1809 Cf,
263 1751 299 1809 fr,
315 1770 380 1826 ¹¹9·
950 1754 1001 1807 μης
1013 1729 1177 1807 διακριθῆναι
1189 1725 1289 1800 λόγοις,
1307 1723 1401 1794 αὐτοὺς
1413 1725 1439 1783 δὲ
1454 1723 1518 1803 πρδς
1529 1704 1576 1799 tp}
1591 1726 1629 1802 μὴ
1644 1727 1734 1786 braid.

376 1866 387 1883 .
480 1845 533 1915 134
950 1823 1047 1877 σασθαι
1062 1817 1123 1896 περὶ
1144 1807 1181 1873 ὧν
1206 1813 1435 1892 εἰμφιτόητοῦμεν.
1464 1815 1509 1871 Ad
1528 1817 1600 1871 hanc
1620 1837 1732 1877 causam

158 1943 349 2017 flamm-350
374 1960 381 2001 :
408 1891 544 2021 Ἑρμαῑί
568 1940 697 2020 Mum
723 1942 751 1998 γ,
773 1941 811 1997 ,ὦ
835 1937 904 1998 κατὰ
949 1911 1117 1987 pertinuisse
1131 1908 1246 1964 videtur
1259 1907 1411 1981 Hyperidis
1426 1906 1464 1962 ad
1482 1907 1599 2007 Thasios
1619 1913 1732 1981 oratio,

121 2031 306 2110 “mmm
325 2029 373 2088 και,
404 2027 548 2107 ‘puppa‘
573 2032 599 2090 γ,
624 2034 663 2110 τῷ
690 2027 751 2107 πγργ
776 1996 829 2087 ,ὲν
855 2029 904 2088 Εὐ,
950 2018 1035 2073 quarn
1047 2016 1082 2052 eo
1097 1997 1216 2052 consilio
1227 1996 1354 2051 habitam
1364 2013 1422 2050 esse
1433 2012 1599 2069 suspiceris,
1615 2007 1648 2051 ut
1659 1999 1733 2054 Tha.

119 2116 215 2178 διόλου
242 2119 356 2198 δωρεῶν.
384 2120 521 2190 Μενεκλῆς
549 2116 567 2190 ἢ
599 2119 784 2196 Καλλικράτης
811 2118 837 2176 ἐν
866 2139 905 2195 τερ

120 2207 181 2286 περί
200 2207 317 2278 Ἀθηνῶν
332 2206 428 2287 γράφει
443 2206 534 2266 ταυτί·
560 2206 636 2266 «sini
655 2205 706 2286 γδιρ
719 2211 766 2278 τῆς
779 2202 904 2277 Ποικίλης

119 2293 165 2353 καί
176 2298 223 2366 τῆς
234 2302 280 2354 τοῦ
292 2293 421 2373 βασιλέως
431 2303 509 2362 στοᾶς
520 2295 586 2353 εἰσιν
596 2296 620 2355 ol
631 2293 733 2373 Ὶίρμαῖ
741 2292 902 2369 καλούμενοι·

119 2383 163 2441 διὰ
173 2382 224 2461 γδρ
241 2382 271 2440 τδ
293 2380 405 2449 πολλοὺς
419 2388 521 2443 κεῖσθαι
541 2383 586 2442 καί
599 2382 649 2441 ὑπὸ
668 2383 779 2442 ἰδιωτῶν
795 2380 841 2440 καί
857 2385 904 2457 ap.

118 2471 219 2551 χόντων
234 2470 333 2542 ταύτην
351 2470 398 2542 τὴν
419 2470 596 2551 προσηγορίαν
612 2470 746 2553 εἰληφέναι
767 2466 903 2547 αυμὸόόη·

120 2580 181 2630 κεν,
196 2556 235 2639 ἐφ’
248 2557 302 2625 ἐνδς
320 2557 348 2616 δέ
367 2559 453 2617 αὖτῶν
475 2559 667 2639 ἐπιγέγραπται
681 2558 835 2637 γροίμμααιν
858 2567 905 2642 ἀρ-

119 2647 228 2724 χαίοις·
242 2649 298 2706 ἀντ’
313 2647 461 2726 εὐεργεσίης
473 2647 656 2727 Ἀγαμέμνονα
667 2649 749 2720 δῆσαν
768 2650 877 2731 Ἀχαιοί.
892 2682 903 2705 ν

119 2732 185 2797 Ὅτι
199 2735 226 2794 δέ
242 2736 288 2795 καί
309 2734 418 2815 Ἑρμῶν
436 2737 501 2795 στοαί
515 2760 554 2803 τις
565 2738 690 2815 ἐλέγετο,
712 2739 843 2808 δεδήλωκε
859 2741 904 2799 καί

122 2824 246 2906 Ἀντιφῶν
259 2826 285 2884 ἐν
296 2826 335 2905 τῷ
349 2823 413 2904 πρὸς
432 2824 580 2887 Νικοκλία.
622 2823 687 2886 Ὅτι
714 2827 741 2885 δὲ
762 2829 905 2888 ἐκαλοῦντο

90 2964 95 2973 .
121 2938 187 2981 τινες
198 2913 244 2974 καί
253 2912 420 2992 Ἱππείριρειοι
434 2913 538 2991 Ἑρμαῖ
552 2915 604 2974 sind
621 2913 771 2995 Ἱππάρχου
780 2923 826 2975 τοῦ
840 2920 905 2978 llar-

122 3001 281 3081 urerpsirou,
306 3000 408 3080 εἴρηται
428 3000 455 3060 ἐν
476 3006 554 3082 rer-ji,
580 3002 680 3084 ἀρχαίᾳ
704 3003 833 3087 κωμιρδίηι
861 3004 906 3063 καί

121 3089 196 3170 παρὰ
210 3090 336 3150 Πλάτωνι
349 3091 376 3147 ἐν
389 3093 428 3169 τῷ
440 3088 591 3171 Ἱππάρχῳ.

483 3195 549 3257 135.

164 3290 244 3349 ldem
275 3313 282 3348 τ
312 3291 530 3362 [Ιεντηκοστὴ
567 3291 614 3351 tat
643 3293 906 3365 πεντηκοστεόε-

123 3383 213 3439 σδοιι.
228 3377 400 3450 iios-risoria
417 3379 465 3457 μὲν
477 3380 551 3446 τελος
572 3403 598 3437 τι
610 3381 654 3439 καί
671 3382 908 3459 πεντηκοστολόγοι

124 3472 148 3529 οδ
160 3475 235 3529 τοῦτο
253 3470 369 3534 τὸτέλος
389 3469 547 3545 ἐκλέγοντες,
565 3468 819 3538 πεντηκοστεόισδαι
833 3469 860 3527 δδ
878 3468 909 3527 τδ

124 3558 285 3637 πράττεσθαι
297 3558 344 3627 τὴν
356 3557 549 3628 πεντηκοστήν.
591 3559 686 3616 Ταῦτα
706 3555 808 3616 δ’ἔστιν
825 3557 908 3637 εὑρεῖν

125 3647 152 3704 ἐν
164 3648 202 3726 τῷ
213 3644 281 3704 narb
292 3644 401 3704 Μειδίου
418 3643 462 3702 καί
475 3648 502 3703 ἐν
515 3649 554 3725 τῷ
566 3644 630 3723 πρὸς
640 3645 686 3715 τὴν
702 3645 834 3723 Λακρίτου
853 3668 908 3701 πα-

127 3732 262 3813 ραγραφὴν
285 3733 485 3809 Δημοσθένους,
511 3734 556 3791 καὶ
577 3730 719 3815 Ὑπερίδου
741 3734 769 3790 ἐν
791 3736 830 3814 τῷ
849 3732 909 3811 περὶ

128 3823 177 3878 τῶν
192 3818 327 3879 Eiristios
342 3821 455 3899 δωρεῶν.

293 3969 405 4026 xxvi.
431 3968 534 4028 ΠΡΟΣ
560 3969 740 4029 estruit.

171 4131 183 4156 ι
196 4106 305 4164 Thasus
319 4127 383 4164 cum
391 4109 689 4183 adjacentibusiusulis
696 4111 910 4172 Atheniensium

127 4271 256 4333 Epitaphio
273 4273 477 4338 etTheopompus
494 4277 556 4327 libro
567 4281 643 4330 xxii.
659 4280 817 4331 Mittebaniur
828 4286 910 4330 autem

126 4354 144 4389 a
152 4341 290 4391 civitatibus
300 4355 355 4404 oute
365 4346 556 4408 Amphiiyonieu
571 4352 691 4401 societatis
701 4354 828 4416 participes
842 4355 912 4403 erant

130 4411 238 4460 nonnulli
255 4414 385 4478 πυλαγορει
402 4417 475 4477 ε11ο11;
489 4419 575 4470 horum
595 4436 693 4486 quoque
710 4426 781 4475 mutii
801 4431 912 4475 auctores

130 4481 306 4543 meminerint,
319 4484 382 4534 iuter
392 4500 454 4548 quos
471 4491 643 4543 Demosthenes
656 4495 681 4544 1ιι
699 4499 761 4547 orat.
775 4510 819 4559 pro
836 4495 911 4546 Ctesi·

130 4555 234 4617 phoute,
248 4556 273 4603 et
284 4553 455 4618 Aristophanes
466 4558 491 4606 in
502 4559 611 4611 secumis
622 4564 885 4629 Thesmophoriazusis.
901 4562 917 4590 ⁰

269 4636 342 4687 XXV.
363 4636 405 4685 DE
422 4638 515 4687 nuliis
532 4641 655 4693 EUBULO
672 4646 773 4698 DATlS.

499 4723 550 4767 133.

163 4789 214 4847 ipse
238 4799 335 4848 ortoque
355 4786 471 4836 denuntio
486 4790 596 4849 pulcrum
613 4791 681 4845 ilium
699 4797 860 4860 Hyperidem,
872 4800 913 4862 qui

131 4855 207 4904 muita
221 4868 235 4904 a
249 4855 409 4906 Demosthene
420 4857 514 4906 iuratus
525 4857 557 4909 sit
570 4859 596 4909 iu
609 4874 645 4911 or.
657 4864 775 4916 adversus
793 4867 912 4918 litandam

130 4922 281 4974 alicunde
295 4925 469 4979 Eubulidonis.
497 4993 540 5041 ¹³⁴

885 2120 902 2134 ..
950 2088 1006 2141 sios
1026 2105 1090 2140 cum
1114 2082 1264 2143 Maronitis
1285 2083 1494 2139 reconciliaret.
1515 2082 1735 2158 Disceptabatur

951 2185 1046 2230 autem
1060 2172 1096 2228 de
1110 2171 1225 2247 Stryme
1243 2173 1335 2240 urbe,
1351 2171 1519 2227 Thasiumm
1531 2171 1658 2240 colonia,
1672 2194 1735 2247 quae

949 2263 1002 2315 sita
1017 2261 1070 2315 luit
1086 2260 1115 2315 iu
1126 2259 1256 2317 Thraciae
1272 2277 1324 2314 ora
1337 2269 1366 2314 et
1382 2256 1503 2313 confinis
1515 2258 1735 2318 fuitlllaronita-

951 2367 1014 2402 rum
1028 2366 1111 2421 agro,
1122 2347 1238 2401 nonnisi
1252 2349 1332 2402 Lisso
1346 2343 1463 2401 flumine
1474 2355 1503 2400 et
1516 2347 1580 2402 lacu
1600 2344 1736 2406 lsmaride

950 2436 986 2492 ab
1009 2456 1044 2493 eo
1070 2437 1220 2511 dirempta.
1243 2437 1423 2510 Strymonius
1449 2436 1614 2493 Maroneam
1634 2440 1734 2496 urbem

951 2525 1107 2580 obtinuisse
1129 2536 1179 2580 aut
1195 2535 1270 2580 certe
1298 2526 1497 2599 appetivimus
1520 2527 1670 2585 Demosth.
1689 2547 1733 2588 or.

951 2613 1015 2669 adv.
1031 2611 1178 2684 Polyclem
1191 2631 1222 2686 p.
1244 2610 1319 2667 1213
1337 2612 1409 2668 disci
1424 2623 1530 2685 potest.
1555 2611 1598 2668 lbi
1613 2617 1735 2689 Apollo-

952 2702 1040 2757 dorus
1051 2713 1149 2757 narrat
1170 2702 1406 2773 ‘timomachum¹
1440 2713 1591 2776 postquam
1615 2706 1736 2762 Thasum

898 2828 905 2848 ν
952 2788 1115 2846 cumulasse
1131 2791 1317 2864 pervenisset,
1333 2810 1397 2846 cum
1411 2792 1521 2847 Thasiis
1536 2792 1668 2865 Strymen
1681 2796 1736 2851 iru-

950 2890 1078 2933 mentum
1093 2888 1122 2933 et
1143 2879 1274 2953 peltastas
1289 2878 1467 2951 perduxisse,
1482 2889 1515 2933 ut
1534 2880 1594 2952 ipse
1608 2881 1664 2938 hoc
1684 2903 1737 2958 op·

950 2966 1050 3040 pidum
1079 2976 1244 3040 occuparet.
1267 2965 1361 3037 Quina
1381 2983 1451 3020 veru
1475 2966 1625 3021 Maronitas
1646 2970 1733 3025 classe

952 3067 1092 3112 instructa
1118 3055 1154 3112 de
1178 3075 1213 3112 eo
1241 3075 1308 3112 cum
1331 3055 1549 3110 Atheniensibus
1575 3055 1737 3114 dimicaturi

884 3174 888 3179 ·
952 3145 1130 3215 viderentur,
1143 3162 1255 3201 necesse
1273 3144 1357 3199 luisse
1375 3145 1404 3197 in
1418 3145 1530 3199 ancoris
1543 3145 1575 3198 in
1589 3146 1646 3201 alto
1665 3145 1737 3203 fluc-

953 3245 1033 3289 tuare
1045 3243 1074 3288 et
1089 3251 1189 3290 cavere
1210 3252 1246 3288 ue
1270 3234 1477 3288 Maronitarum
1500 3233 1630 3288 triremes
1650 3247 1737 3291 noctu

953 3326 1090 3398 impetum
1108 3325 1136 3378 in
1148 3322 1334 3378 Athenienses
1349 3319 1484 3377 iacerent.
1501 3323 1567 3377 Haec
1582 3334 1658 3395 gesta
1673 3337 1739 3379 sunt

954 3412 1000 3467 Ol.
1024 3418 1091 3483 iol,
1109 3411 1125 3466 3
1146 3411 1191 3464 vel
1210 3416 1236 3475 4.
1252 3408 1376 3482 Philippi
1391 3409 1509 3482 epistula
1530 3409 1574 3466 01.
1593 3429 1656 3483 109,
1669 3431 1686 3466 υ
1701 3412 1739 3467 ad

953 3501 1136 3555 Athenienses
1148 3498 1213 3553 data
1229 3508 1280 3554 est.
1296 3495 1379 3551 Unde
1391 3507 1510 3569 apparet
1525 3496 1603 3552 istam
1614 3500 1738 3577 Maroui-

954 3598 1048 3643 tarum
1064 3598 1093 3641 et
1114 3586 1285 3643 'lhasiorum
1299 3584 1335 3641 de
1348 3586 1462 3656 Stryme
1484 3585 1556 3640 urbe
1574 3586 1738 3643 contentio·

954 3692 1038 3748 nem,
1052 3695 1115 3747 quae
1126 3675 1171 3731 Ol.
1191 3682 1244 3739 roi
1262 3675 1349 3729 etiam
1367 3684 1428 3728 tum
1447 3671 1604 3748 flagrabat,
1618 3687 1682 3731 aute
1694 3678 1737 3733 Ol.

959 3784 1023 3837 109,
1051 3784 1067 3818 a
1092 3763 1176 3819 luisse
1199 3764 1396 3837 compositam.
1420 3764 1488 3834 Quae
1507 3767 1644 3841 temporis
1666 3768 1740 3821 ratio

956 3854 1063 3928 optime
1079 3854 1219 3908 *convenit
1241 3851 1395 3926 Hyperidis
1428 3853 1510 3907 aeutt.
1534 3854 1738 3911 Controversia

956 3938 1041 4011 hujus
1072 3941 1243 3995 mentionem
1289 3940 1373 3995 etiam
1411 3938 1601 3997 Philochorus
1637 3943 1742 3999 lecerat

957 4026 985 4080 in
1009 4028 1110 4100 quinto
1127 4047 1221 4083 rerum
1249 4029 1408 4086 Atticarum
1431 4031 1506 4083 libro
1538 4028 1591 4107 (ir.
1622 4028 1700 4105 128).
1729 4056 1742 4081 ε

957 4117 1028 4169 Haec
1048 4121 1268 4190 excerpsimuse
1291 4118 1362 4172 libro
1388 4121 1554 4191 lilesslirrgii
1565 4138 1595 4193 p.
1613 4138 1680 4190 2¹7·
1698 4120 1740 4176 ei.

958 4283 1016 4343 quis
1029 4282 1094 4330 enim
1109 4282 1179 4330 multi
1195 4283 1229 4330 ibi
1248 4282 1279 4331 ab
1292 4282 1429 4332 homiuibus
1442 4285 1543 4345 privatis
1557 4289 1582 4333 ei
1598 4286 1743 4346 magistrati·

957 4352 1003 4401 lius
1014 4352 1115 4401 dedicati
1130 4355 1204 4413 sunt,
1222 4366 1269 4401 usu
1284 4352 1366 4413 venii,
1384 4356 1412 4403 ut
1427 4353 1473 4402 hoe
1484 4354 1581 4403 nomine
1596 4354 1741 4405 (immemor.

957 4426 1067 4480 Quorum
1087 4422 1128 4470 uui
1147 4423 1222 4472 literis
1243 4422 1385 4484 inscriptum
1399 4424 1504 4485 antiquis
1522 4439 1529 4472 ε
1549 4444 1561 4467 ν
1578 4439 1621 4487 pro
1638 4428 1743 4488 acceptis

958 4493 1080 4543 benefieiis
1094 4494 1190 4543 vinxere
1206 4496 1385 4557 Agamemnona
1395 4494 1487 4543 Achai.
1501 4515 1513 4538 ν
1528 4496 1607 4546 titiam
1623 4497 1742 4559 porticum

958 4563 1078 4626 quandam
1103 4566 1247 4613 tietmarum
1263 4562 1323 4622 dici,
1339 4565 1493 4614 maniiestum
1508 4566 1630 4627 Antiphon
1651 4567 1706 4616 iecit
1718 4569 1742 4616 in

958 4646 995 4683 or.
1015 4636 1098 4683 contra
1112 4635 1242 4685 Nicoclem.
1270 4637 1346 4683 Porro
1359 4635 1487 4686 nonnullos
1497 4639 1629 4687 Mercurios
1642 4639 1743 4700 iiippar·

959 4706 1032 4754 eheos
1044 4709 1142 4756 vocatos
1153 4719 1204 4756 esse
1216 4706 1247 4756 ah
1258 4706 1394 4768 liippareho
1404 4706 1519 4757 Pisistrati
1532 4708 1559 4769 1.,
1571 4722 1647 4770 quum
1664 4709 1686 4756 in
1701 4722 1743 4758 νε-

959 4776 1143 4894 ieredpomradia
1159 4777 1275 4839 scriptum
1286 4778 1339 4839 est,
1352 4780 1406 4827 tum
1421 4777 1485 4840 apud
1505 4778 1628 4828 Platonem
1645 4780 1669 4829 iu
1688 4780 1743 4842 iiip-

959 4856 1002 4906 ρετ
1033 4859 1057 4895 ο.

1358 4931 1410 4976 tae.

992 5004 1158 5065 Πενεηκοστή,
1174 5006 1405 5069 quaquaestum.
1427 5005 1526 5067 vectigal
1543 5006 1665 5068 quoddam
1684 5008 1744 5067 iuii,

162 5056 260 5140 Ἑρμαφ,
275 5057 374 5120 ispidme
386 5063 473 5111 dature
485 5062 605 5114 eiacum.
620 5065 747 5116 AEschiuea
755 5066 780 5116 iu
790 5068 851 5118 orat.
862 5081 915 5121 eon
959 5077 985 5123 et
995 5074 1212 5138 πεντηκοστολόγοι,
1226 5076 1431 5139 quinquagesima
1447 5076 1603 5138 subactorem
1613 5096 1743 5136 πεντηκοσ·

133 5128 420 5191 sacromentum
441 5133 572 5195 Hyperides
589 5133 621 5186 da
639 5135 709 5186 donis
729 5135 826 5187 liubula
840 5138 913 5189 datis.
960 5144 1079 5203 τιύεσδαι,
1100 5145 1324 5208 quinquagesimam
1335 5146 1438 5207 exigere.
1471 5150 1549 5209 Atque
1567 5148 1620 5198 haec
1640 5164 1744 5211 reporus

134 5198 255 5279 Menecles·
265 5199 317 5249 sire
331 5202 461 5252 calicrates
472 5203 496 5251 in
513 5207 591 5265 Opere
603 5205 633 5256 de
643 5209 744 5257 Athenis
753 5208 799 5258 isia
811 5209 914 5260 scribit:
960 5217 984 5264 in
996 5217 1143 5265 orationibus
1160 5217 1327 5267 Demosthenis
1343 5224 1427 5267 muira
1439 5218 1538 5267 Midian
1551 5223 1576 5270 et
1587 5219 1642 5270 adv.
1657 5221 1745 5271 meriti

135 5285 149 5310 ι
161 5273 180 5317 A
193 5269 280 5319 Pmciie
293 5272 318 5319 ei
336 5272 514 5334 asperorum
535 5279 592 5327 suni
609 5278 719 5330 Mercurii
731 5279 774 5343 qui
788 5280 914 5347 dicuntum
960 5288 1138 5350 exceptionem
1153 5288 1211 5340 item
1224 5288 1249 5339 iu
1261 5288 1388 5353 Hyperidis
1396 5303 1432 5341 or.
1447 5291 1478 5341 de
1494 5292 1633 5343 muneribus
1649 5293 1743 5345 amnt.
