3967 5967
748 453 813 515 xx.
838 452 940 514 ιινοε
962 451 1167 513 mmmm.
1702 464 1761 517 οιο
1804 438 1810 446 ’

161 588 224 661 παρὰ
235 587 279 655 τήν
288 587 372 659 χρείαν
385 585 430 653 τήν
444 585 528 657 πρᾶξιν
543 584 737 656 ἀποδεχόμενοι,
751 585 796 637 τάν
805 584 890 645 δποῖός
902 603 941 645 τις
986 582 1011 637 ἐν
1028 586 1091 653 κακῇ
1104 583 1175 636 πόλει
1192 584 1236 635 ἕνα
1254 579 1319 635 εἶναι
1331 581 1441 652 άριστον,
1454 581 1494 634 διδ
1514 586 1587 636 τοῦτο
1600 581 1681 654 εἴρηκε
1699 584 1768 638 πλεί·

161 669 191 721 ἂν
206 664 233 740 ᾔ.
243 669 324 721 TCV.
986 682 1069 723 στους·
1085 660 1195 732 ἀρίστους
1208 661 1251 726 δὲ,
1264 662 1307 713 ίνα
1319 661 1347 715 τδ
1362 660 1405 732 μέν
1420 657 1435 733 ᾗ
1451 665 1495 715 τοῦ
1510 661 1634 728 πλήθους,
1648 663 1677 716 τδ
1688 663 1715 716 δέ
1726 668 1768 730 τῆς

195 752 261 817 474,
278 751 318 801 16.
334 744 412 800 Ὅταν
428 744 471 817 μέν
486 739 531 797 οὐν
543 739 570 798 εὐ
581 745 706 816 πάσχειν]
721 743 886 814 Συμπέρασμα
897 745 940 794 τοῦ
985 740 1081 813 ἀρετῆς.
1093 742 1170 795 TCV.

160 825 336 897 ἐνθυμήματος.
374 823 526 897 Παρενέθαλε
545 825 572 877 δέ
593 827 670 877 ταῦτα
683 822 716 885 είς
740 824 813 893 μέσον
833 825 875 875 τοῦ
899 841 941 891 με·
1022 824 1087 889 477,
1107 836 1147 872 12.
1167 819 1267 890 Πρῶτον
1281 818 1324 890 μέν
1338 819 1418 872 τοίνυν
1430 818 1548 890 Κόνωνα]
1565 817 1621 873 Ἆπδ
1632 826 1681 874 τῶν
1694 821 1768 883 ξένων

160 906 266 975 μνήσθαι
272 910 321 958 τῶν
334 902 476 974 εὐεργετῶν,
487 904 531 956 ἵνα
542 900 575 975 μὴ
587 901 669 964 θπτιος
679 902 721 955 καί
731 898 866 972 προσκορής
875 899 940 952 όλό·
986 898 1117 970 ἀρξάμενος
1128 897 1167 952 ἐπὶ
1180 898 1222 951 τδν
1236 898 1291 969 περί
1301 904 1350 951 τῶν
1362 898 1468 952 πολιτῶν
1481 897 1585 965 ἐλήλυθε
1594 898 1688 971 λόγον·
1702 906 1768 971 πρῶ·

159 1003 201 1053 γος
215 985 324 1053 γίνηται.
338 983 416 1035 TCV.
986 996 1029 1031 τον
1042 977 1094 1048 μὲν,
1105 976 1149 1030 ἵνα
1159 975 1224 1048 δείξῃ
1234 976 1262 1029 τδ
1272 976 1364 1042 πλῆθος
1374 982 1422 1029 τῶν
1431 974 1476 1028 οὐκ
1485 976 1613 1048 ἐγχωρίων
1624 976 1766 1049 εὐεργετῶν,

193 1064 261 1130 474,
278 1078 318 1131 19.
338 1058 412 1113 ’λλλά
426 1058 455 1126 νή
468 1060 513 1112 Δία
531 1053 600 1113 οῦτοι
613 1059 701 1131 μόνοι]
714 1057 738 1111 οί
758 1055 861 1118 άναξίιυς
874 1054 941 1127 εθρη·
986 1057 1028 1110 καί
1042 1059 1107 1110 θσων
1119 1055 1144 1110 ἐν
1162 1057 1235 1127 χρείᾳ
1248 1057 1335 1126 γέγονε
1354 1054 1427 1117 ξένων
1443 1056 1510 1109 ποτί.
1549 1054 1592 1117 Εἷς
1611 1056 1637 1109 δέ
1649 1064 1699 1110 τῶν
1710 1059 1769 1111 δίκα

159 1140 228 1211 μένοι
238 1138 283 1205 τήν
296 1138 415 1195 ἀτέλειαν.
427 1139 456 1194 P.
986 1142 1129 1208 στρατηγῶν
1146 1135 1210 1189 ἐστιν
1226 1131 1296 1197 οὗτος
1305 1174 1313 1201 ,
1332 1135 1471 1205 [Τιμοθέον]
1493 1131 1582 1204 πατὴρ,
1602 1131 1631 1187 οὐ
1647 1136 1768 1207 μέμνηται

193 1222 261 1288 474,
277 1223 321 1282 ε4.
336 1218 382 1270 Ἓν
394 1218 420 1272 δέ
433 1218 448 1284 ἢ
459 1217 502 1269 δύο
516 1214 592 1278 δείξας
606 1215 643 1269 ἔτι
655 1215 814 1287 ψηφίσματα]
826 1213 941 1284 περὶτῶν
986 1217 1028 1269 καί
1046 1214 1136 1277 ἐντοῖς
1151 1215 1319 1276 Φιλιππικοῖς.
1356 1215 1386 1266 Τί
1401 1214 1492 1280 δήποτε
1506 1214 1532 1267 δέ
1549 1214 1592 1267 τδν
1610 1215 1712 1269 Κόνωνα
1725 1223 1769 1269 τοῦ

158 1298 231 1361 ξένων
249 1300 334 1370 φησίν·
353 1296 435 1363 ἐπειδὴ
451 1296 587 1368 πάμπολλα
606 1295 687 1367 ἐρεξῆς
698 1294 751 1365 ἐρεῖ
761 1294 816 1365 περί
834 1298 884 1347 τῶν
895 1311 941 1346 πο·
986 1296 1091 1366 Καθρίου
1101 1294 1213 1366 προέταξε
1222 1315 1229 1362 ;
1237 1295 1316 1347 καίτοι
1327 1294 1382 1365 περί
1393 1293 1485 1346 ἐκείνου
1493 1296 1539 1355 παῖς
1547 1288 1599 1359 ήνό
1608 1293 1684 1366 λόγος
1693 1296 1767 1368 αὐτῷ,

158 1378 233 1431 λιτῶν
247 1378 374 1441 ἐξετάζων.
388 1379 468 1432 TCV.
985 1377 1096 1447 Λίγομεν
1112 1374 1139 1429 δέ
1150 1377 1188 1428 θτι
1201 1374 1354 1429 θπωπτεύετο
1364 1374 1397 1435 ὡς
1407 1372 1448 1425 διά
1466 1372 1508 1425 τδν
1520 1373 1573 1426 υίδν
1587 1371 1661 1427 αὐτοῦ
1677 1373 1768 1446 ἠγωνί-

194 1462 260 1529 474,
274 1458 318 1513 25.
333 1458 412 1510 Τοῦτο
422 1456 465 1527 μίν
475 1456 556 1507 τοίνυν
568 1453 689 1525 θασίους]
707 1452 786 1514 θάσος
796 1451 942 1521 καταντικρύ
986 1458 1042 1515 ζετο
1054 1455 1095 1507 καί
1112 1452 1140 1507 οὐ
1152 1453 1192 1506 διδ
1209 1454 1238 1507 τδ
1252 1454 1372 1524 συμρέρον
1384 1456 1427 1519 τῆς
1436 1452 1546 1516 πόλεως,
1558 1452 1600 1505 καί
1613 1456 1645 1524 τῇ
1657 1456 1731 1525 μητρί
1741 1475 1769 1526 γε

158 1540 201 1603 τῆς
214 1538 325 1608 Θρᾴκης,
338 1538 398 1591 θπου
407 1532 437 1602 ήν
449 1534 491 1587 καί
502 1533 532 1586 τά
545 1532 655 1603 μέταλλά
663 1550 722 1586 ποτε
733 1537 781 1585 τῶν
799 1528 938 1595 Ἀθηναίων.
986 1533 1076 1598 αὐτοῦ,
1091 1537 1124 1597 ῶς
1138 1553 1212 1605 ρασι,
1230 1537 1315 1599 συνῆν.
1353 1533 1408 1586 Ἵνα
1427 1528 1470 1585 οὐν
1483 1531 1516 1603 μὴ
1530 1532 1639 1600 ἐπίτηδες
1656 1535 1713 1608 δόξῃ
1728 1538 1769 1589 καί

161 1613 304 1682 Ἐτταυῆλθε
318 1615 344 1669 δέ
360 1614 393 1677 είς
405 1613 436 1667 τά
447 1614 556 1684 ὁμογενῆ
568 1617 616 1664 τῶν
637 1610 843 1682 ἐπιχειρημάτων,
859 1608 941 1662 καλτδ
985 1616 1067 1683 ὥσπερ
1086 1613 1114 1667 ἔτ
1127 1614 1296 1683 συντάγματος
1316 1612 1389 1665 αὐτον
1409 1613 1549 1683 προφέρειν,
1575 1611 1641 1664 ἀλλὰ
1657 1614 1697 1666 διὰ
1724 1614 1769 1682 τὴς

158 1692 221 1746 κατὰ
237 1692 358 1764 Ἆρχέθιον
373 1692 399 1746 δέ
412 1693 454 1745 καί
468 1690 630 1762 Ἡρακλείδην
649 1693 693 1742 τοῦ
706 1688 781 1742 αὐτοῦ
793 1689 884 1750 τόπου,
898 1687 939 1752 οἳ,
986 1691 1058 1743 πόλιν
1080 1692 1123 1744 τόν
1142 1691 1221 1762 λόγον
1241 1692 1378 1755 ποιεῖσθαι,
1400 1690 1486 1744 τοῦτον
1507 1691 1579 1761 χάριν
1600 1691 1643 1743 τόν
1667 1692 1769 1747 Κόνωνα

157 1774 191 1833 ίύς
202 1792 285 1843 ρασιν,
298 1772 353 1826 οὐδέ
362 1773 488 1844 μαίνονται
500 1769 610 1823 άτέλειαν
625 1766 657 1829 είς
667 1767 710 1830 τάς
721 1766 819 1834 Ἀθήνας
831 1766 939 1837 ἐχοντες.
985 1775 1081 1840 πρῶτον
1094 1768 1189 1836 ἔθηκεν.
1200 1769 1282 1822 ch.

157 1853 239 1905 TCV.
1022 1854 1084 1919 477,
1112 1849 1153 1901 13.
1170 1846 1203 1900 Ἤ
1227 1845 1269 1901 τδν
1288 1847 1364 1918 άνδρα
1379 1848 1395 1913 ἢ
1411 1847 1442 1901 τά
1465 1849 1641 1919 πεπραγμένα]
1660 1849 1708 1902 Καί
1726 1852 1769 1904 τὸν

194 1932 259 1998 474,
275 1932 319 1984 28.
334 1929 380 1981 Καί
394 1926 438 1995 τήν
449 1927 648 1997 Λακεδαιμονίων
660 1926 765 1997 φρουράν
775 1927 829 1996 μεθ’
840 1926 939 1996 θπλων]
985 1929 1074 1998 τρόπον
1088 1926 1161 1980 αὐτοῦ
1173 1927 1214 1979 καί
1228 1926 1291 1996 [τάς]
1302 1925 1396 1997 πράξεις
1408 1928 1540 1998 διέρχεται.
1577 1928 1707 1999 Συμθαίνει
1721 1934 1769 2003 γάρ

157 2006 197 2059 δτι
214 2006 242 2059 οὐ
263 2007 348 2078 λόγοις
366 2006 474 2071 ἔπεισαν,
494 2004 551 2057 ἀλλ’
564 2005 648 2059 θπλων
668 2004 801 2072 ἐδεήθησαν
820 2005 877 2075 πρδς
896 2002 941 2070 τὴν
985 2023 1041 2057 τινα
1057 2006 1110 2076 βίον
1123 2004 1200 2059 καλδν
1215 2004 1258 2075 μὲν
1276 2003 1358 2075 ἔχειν,
1373 2005 1447 2076 μηδὲν
1462 2004 1488 2058 δέ
1499 2005 1705 2077 ἐπικεχειρηκέναι
1717 2029 1768 2062 κοι-

158 2085 249 2147 δίωξιν.
287 2087 423 2157 Ἔκραντος
435 2085 462 2139 δέ
475 2085 610 2156 στρατηγός
623 2090 671 2137 τῶν
683 2085 789 2137 θασέων·
805 2082 943 2155 Θρασόθου-
985 2086 1045 2138 νόν
1069 2085 1109 2137 διὰ
1122 2089 1195 2139 τοῦτο
1209 2084 1239 2137 τά
1253 2084 1296 2137 δύο
1309 2083 1373 2156 όμοῦ
1392 2083 1496 2152 ἐλαθεν,
1515 2084 1559 2148 τάς
1575 2086 1618 2138 δύο
1639 2088 1770 2154 ποιότητας

158 2165 203 2219 λον
222 2166 248 2220 δέ
261 2167 304 2220 τὀν
320 2165 451 2233 Ἀθηναίων
470 2164 607 2235 στρατηγόν
627 2164 704 2236 λέγει.
742 2162 821 2218 M
844 2162 942 2233 είσαγα-
986 2164 1103 2227 ἐξετάζων
1118 2163 1143 2217 ἐν
1156 2170 1191 2236 τῷ
1202 2163 1281 2235 αὐτῷ,
1294 2164 1336 2217 καί
1344 2167 1387 2218 τοῦ
1396 2168 1527 2236 προσώπου
1540 2166 1582 2218 καί
1593 2172 1642 2219 τῶν
1654 2172 1767 2240 πραγμά-

157 2246 242 2315 γόντες
255 2244 316 2317 μετὰ
328 2244 373 2311 τήν
387 2246 471 2315 μάχην
485 2243 562 2313 λέγει.
576 2244 656 2298 ἸῸίί.
985 2261 1046 2296 των.
1085 2241 1157 2296 Ἐστι
1169 2241 1212 2313 μέν
1227 2240 1275 2313 γάρ
1289 2244 1419 2314 προσίιπου
1432 2247 1617 2315 κατηγοροῦντα
1629 2244 1662 2315 μὴ
1679 2249 1770 2319 μέμρε.

193 2329 262 2394 474,
278 2342 322 2396 ορ.
342 2324 530 2396 Παρασχόντετ]
543 2322 620 2395 ἤγουν
638 2324 786 2394 παραδόντες
797 2319 853 2387 ήτοι
869 2322 941 2388 ποιή·
986 2323 1042 2375 σθαι
1055 2321 1155 2394 πρᾶξιν·
1176 2321 1228 2375 ἐστι
1242 2321 1268 2375 δέ
1286 2322 1380 2393 πράξεις
1395 2322 1580 2394 ἀποδεχόμενον
1593 2324 1637 2392 τήν
1650 2330 1769 2396 ποιότητα

157 2423 250 2467 σαντες.
265 2407 295 2458 P.
985 2402 1146 2455 διαθάλλειν·
1171 2404 1214 2453 νῦν
1235 2400 1262 2454 δέ
1280 2399 1304 2462 ἐξ
1329 2400 1448 2472 ἑκατέρων
1468 2400 1598 2475 ἐργάζεται
1619 2404 1705 2478 τάνδρί
1725 2409 1769 2461 τδν

192 2484 260 2554 475,
286 2484 311 2537 5.
334 2482 413 2535 Ὥστε
434 2480 479 2548 τήν
495 2481 599 2548 δεκάτην
620 2479 772 2551 ἀποδόσθαι]
785 2480 893 2546 Δεκάτην
914 2478 942 2532 ἐκ
987 2479 1096 2535 ἔπαινον.
1111 2482 1187 2536 TCV.

157 2567 206 2615 τῶν
219 2562 324 2635 ρορτίων
337 2568 386 2615 τῶν
399 2561 511 2632 ἐμπόριον
527 2564 570 2613 τοῦ
586 2557 773 2626 Ἑλλησπόντου
790 2558 940 2629 ἐλάμθανον.
1022 2564 1084 2629 477,
1101 2562 1143 2613 15.
1161 2559 1204 2621 Ὧς
1217 2558 1285 2629 ὐμῶν
1296 2563 1369 2611 τινῶν
1384 2557 1450 2611 ἐστιν
1464 2558 1583 2633 άκοῦσαι]
1596 2566 1645 2614 τῶν
1665 2566 1767 2634 ττρτοεο.

161 2639 289 2695 Ἐπώλουν
306 2636 349 2693 οὐν
367 2639 398 2693 τὰ
411 2640 486 2706 τέλη,
505 2640 547 2692 καί
563 2637 658 2691 ἐποίουν
676 2639 812 2709 χρημάτων
831 2637 941 2707 εὐπορεῖν
986 2638 1072 2707 τέρων.
1113 2636 1194 2700 Ἀλλ’,
1211 2633 1292 2701 ἐπειδὴ
1318 2635 1363 2705 ίρη
1380 2634 1528 2702 άκοῦσαι,ἡ
1553 2636 1615 2703 άκοὴ
1629 2639 1651 2689 δ’
1672 2640 1716 2692 οὐκ
1736 2638 1767 2709 ἦν
1864 2690 1867 2695 ,

158 2718 203 2785 τήν
216 2718 298 2774 πόλιν.
336 2716 400 2771 Εἶτα
412 2718 442 2770 τδ
455 2718 579 2788 χρήσιμον
596 2723 645 2770 τῶν
662 2719 799 2789 χρημάτων
812 2718 890 2789 λέγει,
904 2720 942 2771 ότι
986 2716 1070 2782 πιστὴ,
1084 2717 1218 2787 προσέθηκε
1227 2716 1284 2776 τούς
1292 2716 1453 2785 θεασαμένους
1469 2713 1676 2786 ἀπαγγείλαντας.
1689 2721 1766 2775 ch.

158 2801 345 2871 Λακεδαιμόνιοι
370 2798 473 2869 δρῶντες
496 2796 650 2868 ἐροθήθησαν
671 2796 713 2848 καί
734 2796 767 2857 ὡς
785 2794 941 2867 ἠθελήσαμτμ
1022 2798 1084 2863 477,
1101 2812 1142 2864 17.
1165 2792 1289 2855 Ἀυθενοῦς
1309 2792 1379 2864 ήμῶν
1394 2797 1437 2860 τῆς
1452 2794 1546 2856 πόλεως
1562 2794 1650 2867 οὐσης]
1667 2799 1721 2869 περί
1739 2800 1768 2852 τὸ

158 2875 311 2931 ἐσπείσαντο.
348 2875 464 2947 Πρόξενοι
477 2875 504 2930 δέ
522 2874 637 2945 λέγονται
650 2872 674 2925 οί
687 2872 713 2926 ἐν
729 2874 781 2935 τοῖς
797 2874 872 2943 θρίοις
887 2874 942 2936 τούς
986 2874 1055 2936 τέλος
1068 2879 1111 2927 τοῦ
1122 2874 1353 2941 Πελοποννησιακοῦ
1368 2873 1477 2944 πολέμου
1489 2874 1514 2928 ἐν
1529 2873 1703 2944 Ἆργινούσαις·
1716 2878 1768 2933 ἐστι

158 2952 333 3026 ἐπιδημοῦντας
351 2955 498 3026 δεχόμενοι,
517 2953 584 3025 ρίλοι
592 2953 756 3023 τυγχάνοντες
764 2951 806 3005 καὶ
817 2954 888 3024 κοινῇ
901 2952 942 3004 καί
986 2952 1012 3005 δέ
1025 2956 1068 3019 τῆς
1077 2953 1169 3006 Δέσθου
1180 2953 1288 3023 χωρίον,
1305 2947 1334 3003 οὐ
1347 2951 1469 3023 μετὰτῶν
1483 2954 1681 3024 Δακεδαιμονίων
1698 2955 1767 3025 Ἀθη-

158 3033 216 3104 ἰδίᾳ,
230 3035 307 3088 ch,
986 3034 1053 3084 ναῖοι
1067 3031 1221 3102 ἐπολέμησαν
1232 3050 1238 3063 ·
1250 3030 1292 3083 καί
1304 3030 1335 3097 δή
1347 3032 1434 3098 συνέθη
1452 3030 1586 3099 ’ίίθηναίοις
1595 3039 1704 3101 νικῆσαι·
1717 3043 1767 3090 τῶν

193 3115 261 3181 475,
280 3130 322 3168 το.
338 3113 487 3184 Προξενίαν]
499 3108 635 3181 θποδοχήν,
648 3109 808 3180 προστασίαν.
820 3112 851 3164 Β.
985 3112 1011 3165 δέ
1022 3114 1185 3165 πεπτωκότων
1198 3109 1344 3180 τὰσώματα
1357 3109 1383 3163 ἐκ
1400 3113 1442 3177 τῆς
1460 3111 1582 3180 θαλάττης
1596 3112 1718 3181 Ἀθηναῖοι
1726 3117 1767 3169 διά

193 3193 260 3261 475,
285 3191 329 3245 25.
359 3189 402 3252 Ὧς
425 3189 658 3261 συκοραντούντων]
676 3188 720 3243 οὐκ
743 3188 851 3258 ἐχόντων
871 3187 941 3241 οὐδὲν
986 3190 1029 3244 τόν
1044 3196 1157 3262 χειμῶνα
1170 3188 1298 3243 άνελέσθαι
1317 3188 1361 3241 οὐκ
1378 3187 1550 3258 ἠδυνήθησαν·
1565 3189 1627 3259 ἦσαν
1647 3194 1696 3265 γάρ
1714 3216 1768 3248 ναυ·

156 3269 245 3339 άληθές
254 3271 287 3332 ὣς
297 3272 356 3341 πρδς
366 3270 395 3324 τί)
409 3271 538 3341 συμφέρον.
551 3268 629 3322 TCV.
986 3271 1151 3342 μαχήσαντες.
1189 3267 1220 3321 θί
1234 3263 1277 3320 οῦν
1292 3271 1420 3338 συγγενεῖς
1433 3275 1482 3322 τῶν
1496 3273 1621 3325 πεσόντων
1634 3270 1682 3327 θπό
1692 3293 1767 3328 τινων

191 3354 259 3419 476,
278 3353 319 3411 14.
335 3348 434 3401 Τούτων
445 3349 467 3400 δ’
482 3348 539 3411 ίσως
551 3346 612 3400 ἐνιοι
622 3352 670 3401 τῶν
685 3346 796 3418 άνδρῶν]
815 3345 938 3413 ἐτεθνήκε·
984 3355 1141 3420 συκοφαντῶν
1157 3346 1338 3408 άναπεισθίντες
1357 3347 1497 3418 προσῆλθον
1514 3351 1635 3423 τῷδήμῳ
1653 3353 1766 3422 pam.

156 3445 201 3479 σαν
213 3428 260 3498 γάρ
272 3444 342 3490 τινες·
356 3426 414 3480 ἀλλ’
426 3426 448 3480 εί
461 3425 551 3480 ἐκεῖνοι
568 3426 698 3490 άπέθσνον,
716 3426 758 3479 καί
769 3426 794 3477 αί
809 3424 943 3496 εὐεργεσίαι
985 3432 1116 3498 μονοῦντες
1134 3427 1175 3480 καί
1198 3426 1364 3481 ἐπεσπάσαντο
1384 3424 1417 3488 εἰς
1437 3425 1543 3482 εὐνοιαν.
1582 3430 1767 3502 Κατεήηρίσατο

156 3503 200 3557 οὐκ
210 3504 349 3559 άπύλοντυ.
386 3505 490 3567 Τινέςδέ
506 3505 643 3567 εαὶζῶσιν.
681 3504 773 3575 Ἔλεγε
787 3504 835 3557 δ’ὁ
854 3505 940 3558 Δεπτί-
984 3502 1027 3562 οὐν
1042 3509 1144 3579 όδῆμος
1157 3507 1276 3561 τῶνδάκα
1290 3511 1508 3577 στρατηγῶν,τῶν
1521 3506 1564 3578 μέν
1577 3508 1765 3580 ρυγὴν,τῶνδέ

157 3583 284 3650 νηςθτιοί
297 3583 409 3637 πλεῖστοι
424 3582 503 3637 αὐτῶν
515 3584 662 3651 τεθνήκασι,
675 3582 940 3653 καλούπολλούςβλά·
984 3588 1099 3642 θάνατον,
1137 3587 1184 3640 Καὶ
1197 3586 1221 3639 οί
1244 3585 1287 3656 μὲν
1308 3585 1354 3656 πρό
1373 3589 1416 3652 τῆς
1436 3587 1535 3657 κρίσεως
1550 3587 1656 3660 ἔφυγον,
1676 3590 1765 3657 εἰδότος

155 3662 243 3733 ψομεν.
284 3660 390 3716 ‘own
403 3666 548 3734 περιτροπῆς
559 3661 619 3715 αὐτό
638 3662 712 3715 ίλαθε
724 3662 765 3714 καί
776 3660 860 3732 λέγει,
874 3660 939 3732 μᾶλ-
982 3668 1013 3720 τό
1024 3666 1141 3738 ἐσόμενον
1153 3664 1232 3718 αὐτῶν
1251 3666 1340 3718 κακόν·
1360 3660 1396 3718 ῶν
1416 3660 1446 3731 ήν
1463 3664 1565 3733 Κόνων,
1579 3667 1604 3729 ῦς
1617 3667 1658 3721 καί
1671 3667 1765 3736 ἐπῆλθε

156 3739 201 3793 λον
215 3740 345 3813 όρείλομεν
359 3739 393 3812 μή
409 3741 541 3813 στερίσκειν
555 3741 643 3805 αὐτοῦς
655 3742 696 3794 διὰ
707 3742 764 3804 τούς
774 3741 881 3805 λοιπούς
898 3742 938 3796 διά
983 3744 1184 3816 πρδςΕὐαγόραν
1198 3744 1241 3796 τόν
1262 3747 1305 3811 της
1321 3743 1418 3815 Κύπρου
1432 3743 1551 3816 άρχοντα.
1590 3746 1637 3799 Καί
1649 3750 1765 3817 πεποίηκε

156 3817 296 3889 γάρτοῦτο
318 3819 359 3872 καί
379 3821 470 3882 πάντας
487 3827 604 3893 τιμῶντες
622 3819 757 3892 θρθήσεσθε
781 3817 852 3887 καίή
868 3820 939 3883 πόλις
982 3824 1054 3895 ρέλον
1068 3822 1111 3876 τδν
1132 3822 1234 3877 Κόνωνα
1255 3827 1291 3894 τῷ
1304 3823 1403 3894 Περσῶν
1426 3824 1546 3894 βασιλεῖό
1567 3825 1710 3899 Εὐαγόρας·
1734 3826 1765 3897 ήυ

155 3897 220 3960 δόξει
235 3897 300 3951 είναι
313 3898 390 3964 καλή.
408 3899 485 3953 ch.
982 3904 1031 3975 γάρ
1044 3902 1111 3975 ἔχων
1124 3902 1183 3974 πρδς
1196 3894 1269 3955 αὐτύν
1284 3902 1377 3973 φιλίαν.
1414 3904 1450 3957 To
1463 3910 1596 3972 τηνικαῦτα
1611 3906 1638 3961 δέ
1649 3908 1673 3960 οί
1687 3910 1764 3962 τίετε·

191 3980 253 4044 476,
266 3980 310 4040 θέε·
320 3975 368 4038 Τύς
382 3976 425 4047 μὲν
437 3976 560 4048 συμφορὰς
567 3978 576 4047 ]
588 3976 660 4030 Θίδῑῑ
670 3974 756 4040 MV.
771 3975 792 4029 εί
803 3975 875 4047 ίῒϋχῑ
886 3994 938 4028 ²¹⁹·
982 3984 1106 4054 δαιμόνιοι
1116 3980 1211 4053 σχολήν
1223 3981 1325 4053 άγοντες
1336 3988 1414 4045 κακῶς
1426 3982 1523 4038 ἐποίουν
1536 3984 1567 4038 τά
1582 3990 1626 4039 τοῦ
1636 3987 1762 4057 βασιλέως·

155 4055 267 4108 δυνεῦσαι
279 4055 321 4108 καί
333 4054 467 4110 ἀποθανεῖν
481 4056 536 4120 τούς
550 4051 578 4111 εὐ
594 4058 742 4124 ποιήσαντας
759 4054 837 4127 ὐμάς,
852 4055 894 4108 καί
907 4050 937 4118 δὴ
982 4061 997 4114 ὁ
1016 4062 1042 4115 δέ
1056 4062 1142 4115 Κόνων
1158 4065 1243 4136 καιροῦ
1260 4060 1397 4132 λαθόμενος
1419 4061 1585 4133 ἐπηγγείλατο
1599 4068 1765 4135 περιγενέσθαι

156 4133 490 4200 άιυιθλοντοκαλδιὰπαντδς
506 4136 638 4208 ἐκέχρηντο
654 4138 816 4209 τῇσυμρσρᾷ.
842 4135 936 4188 Ἄδικον
982 4139 1112 4207 αὐτῶν,εί
1126 4140 1199 4193 λάθοι
1212 4140 1269 4210 παρ’
1283 4138 1358 4193 αὐτοῦ
1380 4142 1528 4211 στράτευμα.
1565 4142 1612 4195 Καὶ
1629 4141 1659 4207 δή
1680 4144 1765 4197 λαθὼν

155 4207 200 4265 οὐν
218 4214 362 4267 κινδυνεύειν
376 4214 419 4286 μέν
437 4216 470 4278 ιὀς
489 4215 529 4270 ἐπί
543 4217 668 4287 ρανεροῖς,
684 4213 841 4277 σωθίνταςδέ
860 4214 938 4285 στερί-
982 4222 1023 4275 ud
1036 4221 1169 4294 ουρθαλὼν
1181 4218 1228 4291 [ἐν]
1243 4219 1323 4291 Κνίδῳ
1340 4224 1383 4286 τῆς
1397 4221 1485 4291 Καρίας
1495 4221 1557 4275 κατὰ
1567 4224 1764 4293 Λακεδαιμονίων
1840 4203 1846 4219 ἐ

155 4292 255 4345 σκεσθαι
267 4295 310 4358 τῆς
322 4291 418 4355 ἐλπίδος
432 4294 527 4361 καὶτῆς
537 4299 618 4367 τιμῆς.
631 4296 708 4349 TCV.
982 4299 1094 4369 ἐνίκησε,
1105 4300 1147 4352 καί
1160 4298 1294 4365 ἐπανῆλθεν
1310 4297 1342 4359 είς
1355 4298 1399 4362 τάς
1412 4298 1528 4366 Ἀθήνας,
1542 4299 1587 4353 οὐκ
1605 4299 1763 4372 άποστραρείς

190 4370 258 4435 476,
271 4385 317 4437 ²9·
330 4369 445 4441 Τσύτων]
458 4377 506 4424 τῶν
519 4369 694 4442 ἀτυχημάτων.
709 4371 737 4424 Ρ.
982 4380 1149 4449 τοτογνοέοας
1160 4377 1242 4431 αὐτοῦ.
1254 4377 1336 4430 ΤΕΚ.

190 4450 253 4516 477,
269 4448 295 4499 δ.
307 4448 374 4499 Πάνυ
385 4449 466 4501 τοίνυν
477 4447 601 4520 άχθοίμην
613 4452 654 4519 δν]
669 4449 796 4503 Ἐντεῦθεν
808 4449 937 4519 προοιμιά·
1018 4464 1080 4526 477,
1100 4475 1141 4526 19.
1156 4455 1215 4507 Οὐδ’
1234 4453 1347 4520 ἡντινοῦν
1359 4451 1472 4525 ἐφορμήν
1495 4454 1597 4527 λαθὼν]
1623 4456 1761 4528 μηδεμίαν,

155 4529 223 4587 (etat
234 4523 333 4597 μέλλων
346 4524 426 4597 ἐτέρας
438 4529 533 4598 μερίδος
543 4529 661 4598 ἄρχεσθαι
672 4533 715 4582 τοῦ
728 4528 817 4598 λόγον,
829 4531 873 4580 τοῦ
883 4527 939 4597 περὶ
981 4536 1071 4608 φησιν,
1087 4534 1199 4606 ἀφορμήν
1211 4533 1295 4586 λαθὼν
1310 4532 1375 4604 ταρὰ
1386 4537 1430 4600 τῆς
1452 4534 1547 4597 πόλεως
1561 4537 1763 4606 κατεναυμάχησε

155 4602 323 4658 τῶνπολιτῶν
338 4603 464 4672 δηλονότι.
477 4607 635 4660 BFRSTYP.
675 4604 718 4668 Ὦς
730 4605 858 4676 φιλόπολις
869 4607 939 4658 συνά-
982 4615 1200 4686 Λακεδαιμονίους,
1221 4612 1358 4684 στρατηγὸς
1376 4612 1529 4686 άπυδειχθείς
1548 4613 1612 4685 παρὰ
1635 4615 1761 4685 βασιλέως.

155 4683 258 4753 χθτται,
274 4682 297 4736 εί
307 4685 417 4746 σπανίζει
426 4685 545 4754 γενναίων
564 4684 658 4756 ἐνδρῶν
673 4684 689 4751 ἡ
703 4685 781 4747 πόλις.
820 4685 897 4748 Ἄξιον
911 4685 938 4739 δέ
981 4697 1063 4749 ch,

154 4762 184 4816 τδ
194 4758 254 4830 ήθος
263 4766 307 4829 τῆς
319 4762 412 4825 ἐννοίας
425 4763 541 4833 ἄγασθαι.
567 4763 602 4816 Τό
615 4762 935 4835 γδράχθοίμηνᾶνείπεῦν,
1018 4778 1079 4843 477,
1095 4789 1138 4828 εο.
1153 4771 1199 4824 Καὶ
1212 4771 1267 4833 τούς
1279 4774 1396 4843 πρότερον
1411 4771 1761 4846 τοῖςάλλοιςέπιτάττοντας]
1873 4824 1876 4829 ,

156 4847 226 4921 είμή
244 4851 355 4922 φαίνοιτο
370 4849 463 4921 έχουσα
480 4849 606 4920 γενναίους
624 4849 747 4920 εὐεργέτας
763 4849 780 4916 η
798 4850 883 4915 πόλις,
902 4850 938 4904 ἐν·
981 4854 1032 4906 Οὐκ
1042 4852 1110 4907 εἶπεν
1128 4850 1216 4905 εἴθισεν
1231 4850 1360 4905 ῦπακούειν
1375 4851 1454 4924 ὐμῶν.
1492 4853 1577 4906 Καίτοι
1592 4872 1621 4923 γε
1632 4851 1761 4918 ἡκολούθει

155 4929 309 5000 δεικνυμένου
324 4929 410 5002 [ἐστὶ]
422 4928 467 4996 τὴν
482 4928 587 4993 εὔνοιαν,
602 4929 633 4995 ἣν
650 4928 745 5000 ἐχειτῇ
758 4928 842 4993 πόλει,
855 4928 938 4991 άλλως
981 4939 1017 5005 τῷ
1030 4934 1110 5004 λέγειν
1123 4931 1293 4993 ἐπιτάττοντας
1307 4933 1359 4993 τοῖς
1374 4932 1460 4994 άλλοις
1473 4932 1502 4985 τὸ
1521 4930 1559 5001 ὐφ’
1576 4929 1644 5001 θρῶο
1663 4928 1761 4983 mat.

156 5026 182 5061 τε
196 5010 236 5061 καί
248 5011 411 5083 βαρυνομένου
422 5010 451 5064 τύ
461 5010 568 5064 διάθεσιν
581 5009 648 5080 ίχειν
660 5008 745 5072 αὐτούς
756 5011 811 5072 τούς
821 5010 935 5077 πολίτας,
981 5015 1079 5067 τεοθαι·
1097 5012 1171 5075 ἀλλ’,
1191 5008 1272 5075 ἐπειδὴ
1289 5015 1363 5064 τοῦτο
1377 5010 1421 5063 οὐκ
1439 5009 1495 5081 εἶχε
1508 5010 1573 5080 παρὰ
1585 5014 1627 5076 τῆς
1638 5010 1759 5080 ίστορίας,

155 5087 188 5150 ὡς
198 5088 259 5157 μηδὲ
267 5087 357 5143 ἐθίδῑῑν
367 5089 424 5161 ὓπέρ
436 5093 478 5158 τῆς
489 5088 633 5157 ἐνῑγκοῦῦης
643 5089 798 5154 κινδυνεύειν,
812 5090 892 5145 TCV.
982 5093 1070 5148 είθισεν
1092 5091 1187 5145 άκοθειν
1204 5090 1272 5160 ὐμῶν
1289 5089 1376 5155 εἶπεν,
1390 5090 1518 5160 ἐπειδήπερ
1530 5088 1701 5159 προσεδέξαντο
1716 5089 1759 5141 τόν

191 5170 259 5237 477,
276 5188 303 5237 9.
323 5170 369 5221 Καὶ
382 5170 430 5241 γὰρ
448 5170 489 5223 καί
505 5169 585 5223 τάλλα
604 5168 704 5241 άγαθέ]
717 5170 766 5234 Τῆς
784 5168 857 5236 αὐτῆς
872 5169 936 5223 ἐστιν
981 5175 1036 5245 περ]
1049 5176 1091 5238 τῆς
1102 5171 1196 5241 εἰρήνης
1205 5170 1293 5240 λόγον,
1307 5168 1404 5239 ἐγένετο
1418 5170 1492 5224 πάλιν
1502 5169 1517 5223 ό
1529 5169 1604 5238 λόγος
1613 5167 1670 5241 πρός
1681 5170 1761 5223 Am?

157 5245 250 5309 ἐννοίας
263 5248 396 5316 κατασκευὴ
409 5250 572 5324 τοῦρήτορος.
614 5247 884 5315 Ἐπειδὴδέσυνίθαινε
897 5252 937 5305 καί
982 5249 1256 5319 δαιαονίουςτῇπόλει.
1269 5250 1350 5303 TCV.
