3967 5967
704 464 786 525 xxl.
809 464 912 525 ΚΑΤΑ
934 465 1102 525 mmor.
1150 464 1154 473 '

99 601 246 674 ἀνθορισμού
266 598 293 655 έκ
309 604 359 654 τῶν
376 596 418 654 ἀπ’
442 595 520 670 ἀρχῆς
542 595 601 667 άχρι
618 595 710 657 τέλους.
733 596 878 649 BFYTCP.

134 679 196 744 525,
209 683 236 734 8.
250 676 314 749 'Apa
327 675 376 748 γάρ
387 681 423 749 τῷ
437 676 584 746 Δημοσθένει
605 674 647 727 καὶ
663 672 798 745 όχορηγδς
812 672 879 743 ίνῦρέ-

97 761 170 828 ζετο]
182 757 264 812 Τοῦτό
275 755 326 810 έστι
343 756 372 808 τδ
385 754 448 815 κατά
468 752 587 825 σύλληψιν
610 754 700 824 νόημα.
745 750 815 805 Μετά
831 750 880 822 γάρ

96 838 139 892 τδν
150 836 309 909 ἀνθσρισμδν,
321 837 350 889 θν
360 833 491 891 ίόεύαίωσε
504 839 540 905 τῷ
552 833 729 904 συλλογισμῷ,
742 829 878 901 ἀναγκαῖον

96 912 127 984 ήν
146 916 243 988 έπάγειν
255 915 283 968 τδ
294 914 357 969 κατά
365 914 502 986 σύλληψιν,
516 915 580 967 έύστε
600 912 733 965 συλλαύεῖν
751 910 825 965 αύτσῦ
838 909 880 963 καί

95 997 139 1050 τὸν
151 997 208 1067 όρον
220 995 262 1051 καί
270 994 313 1049 τδν
332 992 489 1065 ἀνθορισμόν.
502 993 665 1045 BFRSYTC.

132 1076 194 1143 525,
210 1094 250 1131 10.
265 1072 320 1146 Χρὴ
335 1074 361 1127 δέ
372 1075 432 1126 ὅταν
446 1071 488 1143 μέν
502 1073 576 1138 θῆσθε
589 1071 644 1132 τοὶις
656 1072 761 1141 νόμους]
776 1067 877 1123 ’Emu-

96 1158 136 1211 θεν
150 1155 167 1223 ἡ
180 1160 224 1213 τοῦ
239 1155 373 1226 νομοθέτου
387 1154 498 1216 διάνοια,
515 1152 561 1206 ἵνα
576 1152 617 1205 καὶ
629 1150 653 1213 έξ
665 1150 738 1216 αύτῆς
757 1150 878 1222 βεόαιώσῃ

95 1236 138 1288 τδν
152 1234 331 1306 συλλογισμόν.
345 1234 416 1287 Bas.
434 1230 563 1285 Ἐντεῦθεν
582 1230 705 1285 εἰσέύαλιν
727 1228 760 1293 εἰς
775 1227 819 1294 τὴν
836 1233 881 1283 τοῦ

95 1316 229 1386 νομοθέτου
242 1316 369 1377 διάνοιαν,
387 1313 421 1365 ἵν’
441 1311 465 1373 ἀξ
486 1311 580 1380 έκεένης
594 1313 718 1383 βεύαιώσῃ
731 1311 774 1365 τδν
789 1309 878 1363 συλλο·

94 1399 195 1465 γισμόν.
232 1394 341 1464 Διαφέρει
355 1391 382 1447 δέ
399 1393 475 1463 νόμου
490 1393 586 1444 διάνοια
602 1393 734 1462 νομοθέτου
754 1391 878 1454 διανοίας,

94 1477 133 1527 ότι
146 1473 171 1527 έν
185 1472 227 1546 μέν
240 1476 271 1545 τῇ
286 1475 329 1526 τοῦ
344 1473 422 1542 νόμου
435 1472 532 1541 διανοίη
545 1471 588 1526 τδν
602 1474 678 1541 νόμον
693 1469 766 1525 αύτδν
778 1471 811 1532 ὡς
823 1469 881 1522 ἀσα-

93 1557 127 1625 φῆ
142 1552 201 1625 πρδς
211 1552 239 1607 τδ
248 1551 311 1623 ημῖν
323 1552 443 1622 συμφέρον
456 1542 622 1621 ἐξηγούμεθα,
640 1549 684 1615 τὴν
703 1548 729 1603 δέ
745 1553 790 1603 τοῦ
805 1568 879 1620 νομο-

94 1635 164 1687 θέτου
176 1634 284 1687 διάνοιαν
296 1630 384 1693 ἔξωθεν
400 1629 560 1701 ἐξετάζομεν,
574 1631 613 1685 θτι
623 1630 697 1696 γνσθς
709 1629 785 1691 ούτως
796 1628 882 1701 ένομο·

94 1715 209 1781 θέτησεν,
228 1712 273 1765 ούκ
285 1711 366 1765 όντων
378 1709 477 1781 ἀσαφῶν
490 1717 539 1764 τῶν
552 1712 647 1780 νόμων.

130 1794 191 1858 525,
208 1791 314 1846 Mat
333 1790 417 1853 άλλως
436 1790 536 1861 δίκαια]
563 1788 611 1843 ίέαὶ
630 1786 708 1858 χωρὶς
725 1790 770 1840 τοῦ
789 1786 880 1858 ὀμόσαι

93 1871 219 1938 δηλονότι.

131 1954 192 2014 525,
206 1955 247 2014 τό.
258 1948 309 2005 Ἢν
324 1948 338 2001 θ
352 1951 395 2015 τῆς
408 1947 500 2020 βλάύης
517 1946 576 2018 ύμῖν
589 1947 681 2018 νόμος]
702 1944 789 2018 Ἑτέρα
805 1968 880 2003 κατα·

94 2029 167 2096 σκευὴ
178 2071 185 2094 ,
197 2030 231 2091 ώς
253 2029 305 2081 ἔστί
318 2029 425 2098 δημόσια
444 2025 474 2079 τά
495 2026 520 2080 έν
536 2029 591 2089 ταῖς
610 2025 706 2096 έορταῖς
724 2025 879 2098 ἀδικήματα,

94 2110 143 2164 ἀπδ
161 2113 203 2176 τῆς
225 2110 327 2179 γνώμης
348 2113 397 2160 τῶν
421 2107 571 2177 νομοθετῶν.
618 2105 688 2161 Ἐπεί
704 2106 745 2158 διά
760 2108 783 2159 τί
803 2110 880 2177 νόμον

94 2190 178 2260 έτερον
192 2189 235 2242 τδν
249 2190 293 2254 τῆς
311 2186 435 2257 προύολῆς
449 2185 481 2247 είς
503 2186 576 2256 χάριν
598 2189 642 2239 τοῦ
655 2186 788 2250 Διονύσου,
810 2205 882 2256 πρεσ·

93 2270 204 2330 δεύοντες
216 2264 261 2333 τὴν
273 2265 424 2336 πανήγυριν,
442 2264 540 2329 ἔθεντο,
554 2263 576 2317 εέ
585 2263 699 2335 έξήρκουν
708 2265 732 2317 οί
747 2266 879 2336 πρότερσις

93 2348 210 2419 Σεμνύνει
220 2346 247 2399 δέ
257 2351 294 2416 τῷ
306 2344 396 2416 ῥήματι
407 2344 449 2399 τδν
464 2345 541 2414 νόμον
557 2343 623 2414 ίερδν
642 2343 776 2411 κεκληκώς.
821 2346 880 2398 Βού·

93 2427 164 2481 λεται
173 2420 216 2478 σύν
230 2424 256 2479 έκ
270 2427 313 2490 τῆς
325 2427 368 2477 τοῦ
380 2424 513 2494 νομοθέτου
523 2423 631 2485 διανοίας
643 2424 763 2493 δημόσιον
781 2423 881 2478 ἀποδεῖ-

94 2504 132 2567 ξαι
142 2502 279 2573 τὀγιγσνθς
289 2502 346 2566 ,καί
355 2519 427 2572 φησιν
438 2501 476 2552 ότι
487 2499 528 2552 διά
541 2499 664 2555 τοῦτοτθν
675 2501 729 2569 περί
739 2506 786 2552 τῶν
796 2502 880 2553 Διονυ·

95 2584 156 2636 σέων
170 2584 247 2653 νόμον
262 2580 359 2647 έθηκεν,
368 2580 446 2633 όντων
456 2579 511 2649 περὶ
523 2582 567 2643 τῆς
585 2579 677 2649 βλάύης
691 2580 773 2649 νόμων
788 2580 829 2632 καὶ
839 2583 882 2645 τῆς

94 2659 388 2730 ἀδικέαςκαλτῆςύύρεως,
396 2658 519 2729 πρόδηλον
530 2658 683 2728 θτιμείζονσς
689 2659 804 2729 τιμωρίας
811 2656 881 2718 ἀξιῶν

94 2742 149 2803 τούς
160 2740 215 2811 περὶ
227 2737 271 2804 τὴν
283 2735 368 2808 έορτὴν
380 2736 601 2806 πλημμελοῦντας,
612 2736 654 2787 καὶ
663 2733 718 2789 εἶπε
727 2737 782 2797 τοὶις
795 2738 883 2807 νόμους

95 2820 211 2883 τούτους,
227 2817 282 2869 καθ’
297 2817 338 2877 οθς
347 2815 414 2878 ἀξιοῖ
423 2816 524 2877 Μειδίας
542 2814 679 2884 κρίνεσθαι,
693 2815 748 2877 τοθς
757 2816 811 2885 περί
824 2816 882 2886 βλά·

97 2900 141 2965 6ης
152 2899 193 2950 καί
205 2902 253 2950 τῶν
271 2895 365 2951 ἀλλων.
404 2895 437 2949 E?
448 2895 497 2966 γάιρ
506 2894 598 2948 τούτων
610 2895 771 2965 ύιταρχόντων
781 2895 881 2966 ύστερον

96 2979 110 3035 δ
124 2977 237 3049 περὶτῶν
248 2978 380 3031 Διονυσίων
399 2975 486 3043 έτέθη,
505 2975 629 3046 πρόδηλον
647 2977 686 3029 ότι
701 2975 728 3028 σύ
745 2977 808 3029 κατὰ
828 2979 883 3041 τούς

95 3057 229 3121 παλαιούς,
245 3055 312 3108 ἀλλά
323 3055 385 3109 κατά
397 3058 439 3109 τθν
452 3056 552 3126 ύστερσν
562 3055 655 3126 ὀφείλει
667 3055 798 3125 κρίνεσθαι.

133 3138 201 3199 525,
221 3138 262 3188 15.
282 3134 312 3187 Εί
325 3136 407 3188 τοίνυν
428 3134 542 3207 ἀπέχρη]
561 3133 722 3204 Ἐπαναφορά
739 3135 768 3187 τδ
781 3141 881 3207 σχῆμα,

96 3216 154 3267 ύταν
168 3213 304 3283 ὁλόκληρος
318 3213 380 3275 λέξις
396 3212 432 3267 ἀπ’
447 3212 538 3283 ἀμφοῖν
559 3217 614 3267 τοῖν
628 3214 718 3267 κώλοιν
740 3216 793 3267 κατ’
807 3216 884 3288 ἀρχὰς

71 3338 77 3347 .
96 3295 209 3363 γένηται,
222 3292 264 3346 καί
276 3290 341 3345 ἔστιν
356 3291 494 3362 έπιμελείας
506 3292 548 3347 καί
561 3292 675 3353 κάλλους.
693 3293 812 3348 BYTCP.

135 3375 255 3446 Ἇπέχρη]
273 3373 370 3443 Ἤρκει.
385 3375 417 3427 Β.

133 3458 200 3518 525,
218 3460 260 3510 19.
276 3451 308 3506 Εἴ
319 3472 355 3515 τις
368 3447 412 3505 σύν
428 3451 565 3522 κάκείνοις]
583 3448 691 3520 Ὁμοίως
709 3454 762 3515 τοῖς
775 3455 829 3524 περὶ
842 3460 884 3522 τῆς

96 3533 175 3596 αίκίας
187 3533 255 3604 λέγει
272 3533 314 3585 καὶ
327 3536 370 3598 τῆς
384 3532 483 3603 ύύρεως.
523 3530 596 3584 Ἔστι
612 3531 635 3582 δ’
650 3529 768 3594 ἀντίθεσις
789 3553 883 3604 συγνω-

131 3614 196 3679 νική.

96 3634 200 3756 μο525,
215 3709 259 3746 20.
277 3691 322 3744 xa}
333 3691 412 3762 τούτῳ
423 3696 458 3761 τῷ
472 3690 525 3761 μετ’
539 3689 644 3752 ἐκείνους
655 3692 765 3762 τεθέντι]
779 3693 820 3764 Τῷ
830 3696 885 3765 περὶ

96 3778 145 3827 τῶν
156 3771 288 3824 Διονυσίων
300 3770 382 3840 λέγει,
396 3771 430 3823 ἵν’
445 3769 473 3823 ἔκ
490 3776 577 3823 τετῶν
598 3769 726 3823 ι’διωταιῶν
745 3773 829 3843 νόμων
843 3777 884 3827 καί

96 3856 140 3906 τοῦ
153 3852 207 3922 τιερί
220 3849 264 3917 τὴν
277 3848 362 3921 έορτην
375 3851 404 3903 εδ
415 3849 478 3903 κατὰ
490 3849 610 3922 σύλληψιν
626 3852 757 3923 βεδαιώση.

134 3930 201 3995 525,
218 3947 261 3982 22.
282 3927 435 4000 ’ἀπήγγελλε
449 3932 528 3982 τοίνυν
543 3931 578 3991 τίς
591 3932 651 4001 μοι]
669 3928 739 3983 ’Eua
752 3933 884 4005 παραδειγ·

98 4009 186 4081 ματική
201 4010 245 4080 μέν
255 4008 333 4074 πωςὴ
346 4007 474 4073 ἀντίθεσις,
486 4007 595 4076 είσῆκται
606 4009 632 4062 δέ
644 4009 685 4062 καί
697 4010 759 4062 κατὰ
771 4016 883 4081 συγγνώ-

99 4108 147 4158 μην
159 4087 210 4142 ύπδ
219 4094 263 4142 τοῦ
276 4088 377 4158 ῥήτορος
387 4088 446 4158 πρὸς
460 4088 488 4141 τδ
502 4088 588 4141 ἑαυτοῦ
599 4091 728 4159 συμφέρον,
743 4089 786 4142 ίνα
797 4092 885 4164 δειχθιῖΙ

98 4165 244 4232 ἀπιστήσεις
256 4167 414 4237 καταφεύγων
429 4168 463 4229 ώς
480 4169 557 4231 ὄντως
568 4167 699 4235 ἠδικηκώς.
741 4168 811 4223 Ἐπεί
829 4173 843 4224 8
855 4192 884 4241 γε

97 4244 199 4307 Μειδίας
216 4243 274 4314 ούχλ
286 4249 436 4317 συγγνώμην
457 4247 536 4313 αἰτεῖ,
551 4248 617 4301 ἀλλά
631 4255 666 4319 τῷ
679 4251 730 4321 ὅρῳ
753 4252 882 4316 συνάπτει,

98 4324 198 4392 φάσκων
213 4325 251 4376 δτι
272 4324 348 4386 ούτως
362 4325 482 4379 ἰδιωτικόν
498 4327 548 4380 ἔστι
568 4329 596 4381 τθ
612 4330 725 4397 γεγονός.
768 4330 884 4400 ίίρόεδροι

85 4400 148 4471 ’γάρ
168 4401 209 4454 καί
226 4402 369 4473 θεσμοθέται
388 4405 521 4474 πληγέντες
533 4407 576 4459 ούκ
595 4407 736 4475 ἐπεξῆλθον,
755 4409 821 4461 ἀλλὰ
837 4411 886 4481 έδέρ

99 4479 253 4532 &Mam
295 4477 337 4542 Ὧς
349 4479 373 4534 εί
385 4501 420 4544 τις
434 4483 508 4548 αύτην
521 4483 565 4548 τὴν
580 4486 664 4557 δρικήν
679 4490 793 4560 συνῆψεν,
808 4491 885 4554 οὕτως

101 4561 131 4613 ἀν
143 4558 218 4625 αύτήν
231 4559 369 4630 ὀλόκληρον
385 4563 503 4632 γίνεσθαι.
544 4565 590 4616 ίίαί
601 4567 649 4638 γάρ
667 4568 708 4620 καὶ
721 4570 833 4639 πρόεδροι
847 4574 886 4625 καὶ

100 4642 244 4712 θεσμοθέται
258 4640 391 4711 πληγέντες
406 4640 467 4693 έδίαν
486 4643 556 4709 δίκην
572 4644 674 4715 ἔλαχον.
718 4646 747 4698 Ὁ
759 4648 785 4701 δὲ
803 4652 885 4720 Δημο·

100 4723 186 4788 σθένης
200 4720 269 4782 εἰδὼς
287 4719 331 4785 τὴν
347 4720 416 4791 ίσχδυ
433 4726 476 4787 τῆς
491 4721 633 4787 ἀντιθέσεως
650 4724 698 4796 έόίη
713 4726 755 4796 μέν
778 4727 821 4794 τὴν
835 4732 885 4801 όρι-

100 4799 156 4866 κύην,
177 4801 226 4870 ἰδίᾳ
240 4800 266 4854 δὲ
279 4798 322 4866 τὴν
340 4802 563 4872 παραδειγματικθην
582 4804 725 4875 εἰσήγαγεν,
741 4806 827 4871 ῆντινα
843 4832 885 4879 με-

100 4883 215 4948 τέστησεν
230 4879 263 4943 είς
276 4883 437 4952 συγγνώμην.
474 4882 576 4952 Δεῖγάρ
592 4884 679 4937 ἐκτῶν
699 4885 794 4937 λύσεων
813 4909 886 4941 κανο-

102 4962 175 5023 νίζειν
190 4960 232 5023 τάς
244 4960 382 5022 ἀντιθέσεις.

138 5042 203 5103 525,
220 5057 263 5108 27.
283 5037 416 5111 Ὑποφορά.
432 5041 460 5093 S.

140 5120 206 5181 525,
224 5123 268 5173 28.
284 5119 328 5182 Ὁς
339 5120 446 5191 ἔναγχος
457 5119 573 5193 έπλήγη]
588 5122 619 5174 Οί
638 5124 782 5193 θεσμοθέται
800 5132 848 5177 τῶν
861 5147 887 5182 τε

103 5196 187 5249 ἀλλων
204 5194 366 5267 ἐπεμελοῦντο
380 5199 421 5252 καί
434 5198 464 5264 δὴ
477 5200 518 5251 καὶ
532 5205 574 5265 τῆς
587 5202 723 5272 εύκοσμίας,
739 5203 780 5255 καί
794 5205 887 5275 νύκτωρ

1 5296 2 5339 3
103 5277 234 5347 περιιόντες
254 5276 369 5332 έσκάπσυν
392 5281 426 5351 μή
441 5301 503 5342 τινες
521 5281 628 5354 ἁρπαγαὶ
642 5285 786 5356 γίγνωνται,
823 5288 887 5340 Τότῑ

1651 480 1707 531 867

923 589 967 647 ούν
993 596 1068 666 εύρών
1088 615 1154 658 τινας
1177 597 1306 667 νεωτέρους
1323 596 1475 668 ἀρτιάζοντας
1492 596 1536 665 τήν
1559 598 1709 673 αύλητρίδα,

923 671 1051 740 ήύουλήθη
1064 673 1209 745 ἀφελέσθαι,
1223 676 1264 728 καί
1275 676 1351 737 οθτως
1364 676 1403 729 θπ*
1416 676 1494 730 αύτῶν
1506 677 1614 750 ἐπλήγη.

960 754 1026 818 526,
1052 771 1094 808 12.
1120 753 1177 809 Ἔτι
1199 755 1299 826 τοίνυν]
1326 754 1399 826 Ὁρᾷς
1419 757 1484 817 θειως
1506 758 1710 829 συγγνωμονικήν

924 832 1022 901 έποίησε
1036 833 1080 900 τὴν
1094 834 1225 899 ἀντίθεσιν,
1240 835 1321 905 λέγων
1335 836 1374 886 ότι
1385 835 1429 887 ούκ
1443 835 1508 897 άξιός
1527 835 1578 889 ἐστι
1599 842 1712 909 συγγνώ·

924 934 978 985 μης.
1019 911 1083 967 Εέτα
1100 916 1218 985 κέχρηται
1232 914 1382 977 ἀντεξετάσει
1400 915 1492 986 διιελῇ,
1510 915 1565 968 τίνα
1583 918 1626 989 μέν
1647 922 1711 974 Μει·

926 995 967 1065 δίᾳ
987 994 1121 1064 πέπρακται
1139 994 1180 1047 καὶ
1197 997 1249 1057 τοῖς
1261 995 1347 1058 ἀλλοις
1365 996 1504 1066 ύόρισταῖς,
1524 998 1578 1050 τίνα
1596 996 1623 1049 δέ
1643 996 1710 1067 αύτῷ

927 1074 969 1127 καὶ
982 1077 1033 1135 τοῖς
1041 1075 1199 1146 ίιύρισθεῖσιν.
1210 1076 1304 1131 BBSY.
1347 1074 1419 1145 Ὁρᾷς
1430 1078 1495 1138 θττως
1506 1075 1710 1148 συγγνωμονικήν

925 1152 1024 1219 έτσίησε
1033 1152 1078 1219 τὴν
1088 1153 1219 1217 ἀντίθεσιν,
1230 1154 1310 1225 λέγων
1321 1156 1359 1207 ύτι
1367 1154 1411 1207 ούκ
1419 1156 1483 1218 ἀξιός
1492 1156 1543 1210 έστι
1551 1159 1710 1227 συγγνώμης·

924 1233 965 1285 καὶ
977 1234 1077 1286 δίδωσιν
1090 1234 1171 1295 αύτοῖς
1187 1236 1230 1300 τῆς
1245 1234 1424 1304 [συγ]γνώμης
1439 1232 1481 1293 τάς
1491 1234 1634 1303 προφάσεις,
1652 1235 1712 1286 Μει·

924 1313 975 1375 δίας
985 1313 1013 1366 δέ
1026 1314 1118 1367 τούτων
1131 1314 1247 1384 ούδεμίαν
1262 1311 1316 1383 έχει
1329 1312 1373 1378 τὴν
1387 1314 1515 1382 πρόφασιν.
1530 1313 1560 1364 Τί
1568 1310 1626 1380 ούν;
1642 1312 1712 1368 ἀντε-

925 1391 1017 1453 ξετάζει
1028 1391 1059 1446 τά
1070 1394 1210 1463 πραχθέντα
1222 1390 1288 1462 αύτῷ
1298 1410 1324 1444 τε
1334 1392 1424 1461 καὶτῷ
1435 1392 1581 1463 θεσμοθέτη,
1595 1393 1636 1444 καὶ
1650 1394 1712 1462 μέμ·

924 1490 1007 1540 φεται,
1023 1473 1086 1525 διότι
1099 1470 1132 1541 μὴ
1145 1469 1260 1535 ἐπεξῆλθε
1271 1472 1324 1531 τοῖς
1334 1469 1466 1540 ύύρισταῖς.
1507 1470 1617 1522 ίίοιεῖται
1630 1471 1656 1523 δέ
1668 1470 1712 1537 τήν

924 1548 993 1601 λύσιν
1007 1549 1033 1602 έκ
1043 1551 1172 1620 διαφορᾶς·
1186 1549 1309 1618 συγκρίνει
1319 1548 1368 1618 γάρ
1379 1548 1421 1601 καί
1432 1546 1474 1608 τάς
1494 1547 1591 1618 πληγάς
1604 1550 1646 1601 καί
1658 1550 1714 1612 τούς

925 1627 1071 1694 πλήξαντες.
1108 1629 1198 1681 Δέδωσι
1211 1628 1238 1680 δέ
1251 1634 1287 1698 τῷ
1306 1628 1369 1681 κατὰ
1386 1628 1430 1680 τὸν
1452 1629 1600 1699 θεσμοθέτην
1619 1628 1712 1682 ἀπολο-

925 1708 979 1778 γίας
997 1709 1113 1770 πλείονας
1130 1707 1171 1759 διά
1184 1707 1213 1760 τ“ο
1232 1711 1276 1759 τοῦ
1294 1708 1425 1778 προσώπου
1448 1710 1547 1776 σεμνόν,
1586 1708 1647 1777 Τρία
1664 1709 1713 1780 γάρ

925 1789 989 1854 πάθη
1004 1789 1162 1857 κατασχόντα
1175 1785 1220 1852 τὴν
1233 1785 1313 1857 ψυχὴν
1328 1787 1370 1839 καὶ
1384 1787 1520 1857 βιασάμενα
1541 1785 1586 1853 τὴν
1600 1788 1711 1843 διάνοιαν

926 1866 1055 1937 έργάζεται
1068 1868 1110 1919 καί
1121 1864 1165 1931 τὴν
1177 1870 1332 1936 παραίτησιν.

962 1946 1031 2014 527,
1048 1963 1075 1999 2.
1095 1945 1125 1997 Et
1146 1945 1188 2015 μέν
1208 1945 1289 1998 τοίνυν
1313 1943 1431 2015 ἐκείνων]
1452 1942 1528 1997 λύτδν
1546 1943 1588 1997 τδν
1610 1945 1713 1999 Μειδίαν

926 2027 1043 2092 πεποίηκε
1057 2028 1245 2096 κατηγοροῦντα
1256 2027 1301 2077 τοῦ
1312 2024 1429 2094 προέδρου
1441 2023 1483 2074 καί
1492 2028 1536 2075 τοῦ
1550 2026 1713 2095 θεσμοθέτου,

926 2107 964 2159 θτι
977 2109 1030 2168 τοῖς
1042 2106 1167 2176 ίιύρίσασιν
1182 2104 1226 2156 ούκ
1239 2103 1381 2168 ἐπεξῆλθον.
1398 2104 1566 2159 ΒέλὸΥΤίΝ.

961 2188 1029 2255 527,
1044 2208 1071 2256 9.
1086 2186 1139 2238 Καὶ
1152 2190 1194 2237 νῦν
1210 2184 1372 2246 ἀποδεδωκὼς
1385 2184 1463 2255 ύμῖν]
1481 2184 1572 2254 Κυρίας
1585 2184 1710 2238 ἀσοδεδω·

926 2268 986 2328 κώς’
1003 2266 1085 2328 αύτοῖς
1099 2264 1146 2336 γάρ
1159 2265 1287 2336 ὠφείλετο
1301 2263 1435 2317 ἀποδίδωσι
1446 2263 1472 2315 δὲ
1485 2263 1514 2316 τ“ο
1527 2263 1659 2335 ἀλλότριόν
1669 2284 1714 2327 τις.

963 2350 1023 2414 527,
1043 2348 1084 2400 13.
1108 2344 1170 2397 Ποία
1192 2345 1240 2416 γάρ
1256 2345 1392 2415 πρόφασις]
1418 2341 1505 2413 Ἱέτέρα
1524 2342 1714 2415 συγγνωμονική

927 2424 1061 2489 ἀντίθεσις,
1082 2427 1119 2479 δτι
1136 2426 1167 2477 δι’
1184 2424 1262 2496 ἀργὴν
1282 2424 1394 2490 έποίησα.
1434 2424 1481 2474 Καὶ
1491 2422 1568 2484 δείξας
1582 2426 1620 2477 θτι
1637 2425 1666 2477 ού
1683 2427 1716 2478 δι’

925 2504 1014 2576 ἀργὴν,
1030 2505 1087 2557 ἀλλ’
1102 2504 1129 2557 ἔκ
1141 2505 1256 2575 προνοίας
1271 2503 1454 2566 έπεύούλευσεν,
1469 2502 1554 2574 ἐπάγει
1567 2505 1608 2557 καί
1619 2504 1662 2566 τάς
1676 2524 1718 2557 κα·

926 2584 1044 2647 τασκευάς
1066 2584 1113 2637 ἀπδ
1128 2590 1187 2648 τοῦ,
1207 2582 1275 2634 ἀλλά
1295 2582 1353 2652 μήν.
1376 2584 1449 2634 RSY.
1490 2582 1661 2648 Μεταύέύηκεν
1680 2581 1716 2652 ἀφ’

927 2662 1009 2735 έτέραν
1020 2661 1223 2734 συγγνωμονικίην
1237 2660 1369 2726 ἀντίθεσιν,
1383 2663 1421 2712 δτι
1436 2659 1464 2710 σύ
1476 2661 1508 2709 δι’
1522 2659 1609 2730 ὀργὴν,
1620 2660 1678 2712 ἀλλ’
1690 2659 1717 2713 έκ

926 2742 1050 2812 προνοίας.
1084 2741 1189 2812 Ἐττάγει
1200 2740 1287 2793 λοιπὸν
1302 2740 1344 2801 τάς
1358 2739 1522 2804 κατασκευάς,
1536 2741 1574 2792 ότι
1586 2743 1638 2801 τοῖς
1650 2740 1717 2792 έκου-

927 2822 987 2884 σίοις
1007 2821 1218 2893 πλημμελήμασιν
1243 2818 1358 2890 ούδεμέαν
1386 2816 1435 2889 χρὴ
1457 2822 1608 2889 συγγνώμην
1633 2818 1718 2874 ἀπονέ-

948 2920 992 2954 ειν.

929 2921 946 2972 μ
965 2983 1026 3051 527,
1052 2985 1094 3045 τί..
1117 2977 1194 3051 Ὀργὴ
1208 2977 1236 3045 νὴ
1258 2980 1322 3050 Δία]
1342 2977 1456 3050 Ὁρισμοὶ
1475 2979 1609 3040 δεικνύντες
1629 2981 1653 3032 τί
1673 2981 1717 3050 μέν

865 3082 869 3089 ’
927 3059 1006 3131 ἀργὴ,
1021 3062 1045 3114 τί
1059 3061 1085 3113 δέ
1096 3061 1176 3131 θύρις,
1189 3058 1222 3120 ώς
1233 3060 1261 3111 τ“ο
1275 3059 1317 3130 μὲν
1333 3059 1360 3111 έκ
1371 3064 1415 3110 τοῦ
1429 3064 1594 3128 παραχρῆμα,
1609 3058 1638 3110 τὀ
1651 3060 1678 3112 δὲ
1691 3059 1717 3113 ἔκ

930 3139 1033 3210 μελέτης
1042 3140 1169 3211 συμῦαίνει
1192 3140 1273 3192 '1‘CV.
1311 3137 1507 3209 Συγγνωμονικὴ
1521 3137 1647 3199 ἀντίθεσις.
1660 3130 1716 3196 BY.v

966 3221 1033 3286 5κ7,
1050 3238 1093 3272 22.
1114 3218 1189 3271 Ἀλλέι
1205 3216 1252 3288 μὴν
1268 3217 1392 3287 ὁπηνίκα]
1411 3216 1542 3270 Ἐντεῦθεν
1564 3217 1580 3283 {q
1596 3217 1717 3288 ἀρχὴτῆς

929 3302 1087 3364 κατασκευῆς.
1124 3297 1187 3350 ίθύδέ
1197 3296 1244 3367 γάρ
1259 3295 1369 3366 ἀρνεῖται
1382 3297 1482 3358 Μειδίας
1494 3299 1509 3349 ἀ
1526 3298 1666 3364 πεποίηκεν,
1680 3299 1717 3350 ότι

930 3376 986 3447 [δ’]
1003 3376 1031 3427 ού
1043 3378 1075 3428 δι’
1088 3375 1176 3446 ἀργὴν,
1194 3376 1251 3426 ἀλλ’
1267 3376 1291 3436 έξ
1306 3374 1446 3441 ἔπιθουλῇς.

967 3454 1040 3507 ’ἀλλά
1068 3455 1116 3526 μὴν
1138 3456 1262 3524 ὁπηνίκα]
1286 3453 1444 3519 Κατασκευη,
1470 3455 1508 3506 δτι
1530 3457 1582 3516 τοῦς
1605 3454 1719 3519 ἑκουσίως

930 3534 1120 3606 πλημμελοῦσιν
1139 3535 1255 3606 ούδεμίαν
1273 3533 1322 3605 χρὴ
1340 3537 1490 3605 συγγνώμην
1511 3534 1656 3605 ἀπονέμειν
1676 3542 1719 3604 τῆς

929 3614 976 3685 γὰρ
990 3620 1193 3686 συγγνωμονικῆς
1208 3616 1350 3676 άντιθέσεώς
1364 3614 1428 3667 ἐστιν
1442 3613 1459 3680 ίγ
1472 3614 1550 3676 λύσις.
1566 3618 1661 3671 BRSY.

965 3696 1027 3763 527,
1043 3700 1088 3757 τό.
1102 3694 1163 3755 Τοθς
1178 3696 1267 3765 νόμους
1281 3692 1327 3759 ἤδη
1343 3695 1385 3745 δεῖ
1393 3696 1511 3765 σκοπεῖν]
1528 3694 1565 3746 ότι
1579 3692 1609 3746 τά
1621 3691 1718 3746 έκούσια

928 3778 1047 3843 μειζόνως
1061 3775 1220 3835 κολάζουσιν.

966 3860 1033 3926 5κ7,
1048 3860 1092 3909 28.
1110 3855 1209 3925 Μρῶτον
1226 3853 1268 3924 μὲν
1285 3853 1387 3923 τοίνυν]
1406 3852 1464 3903 θέσθ’
1480 3851 1522 3913 οῦς
1537 3851 1650 3919 βούλεται
1663 3852 1719 3905 Μει·

928 3938 980 3999 δίας
996 3936 1173 4006 ἀγωνίζεσθαι,
1195 3934 1247 3986 κατ’
1264 3931 1349 3994 αύτούς
1373 3932 1493 3983 δείκνυσιν
1515 3929 1588 3982 αύτδν
1610 3932 1719 4001 μεγάλης

929 4016 1044 4087 τιμωρίας
1058 4016 1135 4077 ἀξιον,
1150 4015 1193 4065 ίνα
1205 4015 1249 4066 κάν
1264 4012 1408 4073 έδιωτοιδςθ
1429 4011 1497 4081 ἀγὼν
1515 4010 1667 4082 ἀποδειχθῇ,
1684 4011 1718 4082 μὴ

931 4096 1017 4167 μικρὸν
1031 4094 1092 4164 μηδὲ
1106 4094 1199 4163 φαῦλον
1215 4092 1308 4163 ύποστῆ
1321 4093 1349 4143 τό
1362 4092 1467 4161 τίμημα.

966 4177 1032 4237 528,
1050 4174 1075 4225 5,
1093 4172 1188 4225 Ἔπειθ’
1204 4172 1227 4223 οί
1244 4173 1355 4240 φονικοί]
1376 4172 1433 4238 ΙΙερέ
1453 4171 1528 4238 φόνου
1547 4171 1672 4239 διαφοραῖς.
1688 4170 1716 4223 B.

931 4255 977 4307 ίίαλ
990 4256 1088 4315 τούτους
1103 4256 1157 4314 τους
1172 4256 1260 4321 νόμους
1277 4251 1415 4310 ἀκολούθως
1428 4250 1574 4318 παρέλαθεν.
1617 4248 1717 4315 Ἐπειδὴ

930 4336 976 4406 γάρ
991 4334 1089 4403 πληγέις
1104 4333 1214 4401 εἴληφεν,
1234 4331 1260 4383 έκ
1273 4331 1298 4382 δέ
1312 4337 1360 4382 τῶν
1373 4331 1477 4398 πληγῶν
1494 4330 1534 4380 καί
1551 4329 1580 4382 τά
1593 4330 1718 4399 τραύματα

930 4415 1124 4486 παρακολουθεῖ,
1148 4412 1173 4464 έκ
1193 4412 1219 4463 δέ
1241 4418 1288 4462 τῶν
1306 4411 1451 4479 τραυμάτων
1473 4410 1559 4478 φόνοι,
1584 4409 1625 4460 διὰ
1645 4414 1718 4461 τοῦτο

930 4493 1048 4554 κάκείνοις
1064 4494 1115 4551 τοῖς
1130 4493 1213 4559 νόμοις
1226 4489 1356 4541 ύτῑύθυνον
1372 4488 1444 4539 αύτδν
1456 4486 1624 4547 ἀποδείκνυσι,
1639 4489 1717 4539 δοκῶν

932 4574 974 4645 μέν
986 4574 1019 4633 όις
1033 4572 1066 4633 είς
1081 4574 1235 4641 παράδειγμα
1256 4568 1342 4629 αύτούς
1363 4568 1509 4639 λαμύάνειν,
1525 4573 1555 4640 τῇ
1575 4568 1601 4620 δέ
1616 4567 1718 4638 ἀληθείᾳ

931 4655 1050 4714 κάκείνοις
1065 4652 1154 4720 ἔνοχον
1169 4651 1241 4702 αύτδν
1258 4656 1343 4703 ποιῶν.

968 4736 1033 4796 528,
1058 4737 1084 4787 8.
1106 4731 1239 4800 Δέδέσεως]
1262 4724 1323 4781 ίλίον
1343 4729 1472 4790 ἀξιώσεως.
1511 4727 1541 4779 Εἰ
1561 4727 1608 4797 γάρ
1621 4728 1720 4797 δεηθείη

931 4914 988 4956 ποι,
1004 4891 1150 4945 καταλύεται
1164 4891 1178 4943 ύ
1194 4892 1269 4962 φόνον
1283 4888 1396 4941 ἀκούσιον
1409 4889 1506 4959 δράσας.

969 4974 1034 5035 528,
1051 4992 1077 5040 9.
1094 4970 1129 5022 Ού
1142 4973 1218 5041 μόνον
1233 4971 1255 5022 δ’
1268 4968 1308 5022 έπί
1323 4969 1435 5040 τούτων]
1447 4966 1504 5019 Ὁτι
1520 4965 1563 5032 τήν
1577 4985 1724 5038 συγγνωμοι

933 5051 1002 5116 νικὴν
1017 5050 1137 5104 ἀντίθεσιν
1151 5051 1203 5102 λύει
1217 5049 1342 5121 πρόδηλον
1355 5049 1396 5101 καί
1410 5047 1437 5101 ἐκ
1450 5047 1555 5099 τούτων.
1593 5044 1664 5109 ψησέ
1675 5044 1724 5116 γάρ

933 5134 971 5185 δτι
981 5129 1030 5183 ύίκ
1040 5131 1199 5199 προαιρέσεως
1210 5129 1312 5195 ποιήσας
1320 5128 1430 5199 μεγάλης
1442 5127 1559 5198 τιμωρίας
1569 5125 1633 5177 ἐστὶν
1647 5123 1719 5187 ἄξιος.

932 5213 967 5264 Tb
987 5209 1035 5280 γάρ
1057 5211 1084 5260 ἐκ
1103 5212 1263 5278 προαιρέσεως
1281 5208 1393 5277 προσθεὶς
1412 5204 1522 5277 μεγάλας
1545 5203 1587 5265 τίς
1605 5206 1722 5275 τιμωρίας

935 5288 1058 5354 έτσίησεν,
1069 5287 1112 5338 ἵνα
1124 5287 1168 5338 κάν
1181 5288 1237 5358 δόξῃ
1252 5289 1360 5346 τοιοῦτος
1372 5284 1385 5336 θ
1399 5284 1467 5355 ἀγὼν
1478 5283 1553 5345 εἶναι,
1570 5285 1664 5355 μείζους
1677 5302 1722 5336 κα.
