3967 5967
261 463 317 517 724
793 450 933 511 ΣΧΟΛΙΑ
955 449 1019 510 ΕΙΣ
1039 443 1301 510 ΔΗΜΟΣΘΕΝΗΝ

287 605 348 659 727,
365 605 406 656 17·
418 586 483 658 Οθς]
501 584 562 639 λντί
575 588 618 638 τοῦ
632 584 742 645 οδοτινας
758 582 888 655 ἐγγυητάς.
903 580 1005 637 mv,
1073 582 1130 646 ζτάς;
1143 579 1247 645 ούκοῦν,
1261 578 1334 651 φησί,
1350 575 1412 630 κατὰ
1422 578 1465 628 τοῦ
1479 574 1513 646 μή
1525 574 1722 641 καταστήσαντος
1733 571 1855 645 ἕγγυητάς

279 665 349 720 ἸΕάιν
364 658 617 737 ἀποχειροτονήσητε]
636 662 700 716 Ἀντί
714 667 757 716 τοῦ
776 662 972 733 ἀποδοκιμάσητε
987 660 1030 714 καλ
1074 658 1142 712 ούδέν
1157 658 1256 730 ἔγραψε.
1293 657 1328 710 Τδ
1345 655 1372 708 δὲ
1390 656 1529 718 καθίζουσιν
1551 652 1607 707 ἀντὶ
1626 658 1670 708 τοῦ
1684 654 1853 707 καθίστανται.

253 745 286 816 μή
297 746 394 813 δέξησθε
408 744 508 807 αύτούς,
521 744 538 810 ἢ
551 740 585 813 μὴ
596 743 667 802 όντας
675 738 772 801 ίκανοδς
783 739 816 801 είς
824 741 853 793 τδ
864 737 1029 810 ἐγγυήσασθαι
1075 738 1178 792 mcv,

251 823 416 891 ἀπαλλάξητε.
431 825 536 877 ATCV.
1077 868 1080 872 ,
1109 833 1172 886 γορ,
1188 822 1219 870 κζ
1234 814 1318 869 ίέαέτοι
1339 819 1389 876 πῶς
1409 814 1439 867 ἀν
1461 812 1675 883 ἀσυμφορώτερος]
1693 806 1856 867 Ἐντεῦθενό

288 920 348 973 7ο7,
364 908 408 967 κέν.
423 902 464 973 Τῷ
483 902 510 955 δέ
527 900 721 970 καταστήσαντι]
743 898 850 969 Ὄγδοος
865 901 938 960 τόπος
958 891 1030 958 ούτύς
1074 894 1188 965 έπίλογος
1199 894 1310 964 ἀρχεται.
1351 891 1535 962 Ἐπιλογίζεται
1557 891 1584 944 δέ
1602 889 1856 960 ἀνακεφαλαιούμενος

253 984 312 1038 ίστι.
351 983 430 1035 Πάλιν
444 982 547 1034 ἐνταῦθα
564 979 687 1050 ἐπέμεινεν
706 978 744 1033 ἐπὶ
761 978 1027 1048 τοῦκακουργήματος.
1074 973 1255 1045 τῶνψηθέντων
1271 970 1466 1042 ἐπιχειρημάτων
1481 967 1526 1035 τήν
1537 969 1731 1041 δύναμινΤέΝ
1733 1008 1741 1022 .
1756 968 1854 1038 Συμπε·

252 1059 324 1115 Ἔστι
342 1061 368 1113 δὲ
382 1056 451 1121 οὗτος
466 1059 557 1129 δμοίως
581 1056 629 1110 ἀπδ
649 1059 692 1121 τῆς
713 1055 786 1124 αύτῆς
806 1057 975 1128 μεταλήψεως,
991 1055 1030 1106 δτι
1075 1052 1150 1122 ραίνει
1160 1051 1189 1104 τδ
1203 1051 1324 1122 συμφέρον
1333 1050 1475 1119 κεφάλαιον.
1512 1048 1626 1120 Δεύτερον
1639 1047 1758 1117 δὲῶσπερ
1771 1046 1857 1101 ἀνακε-

251 1128 330 1208 ένομα
344 1138 396 1191 ἀντ’
411 1136 531 1208 όνόματος
542 1136 656 1207 ἔγραψεν.
672 1136 728 1187 RY.
1074 1130 1219 1201 φαλαιοῦται
1238 1129 1269 1182 τά
1289 1128 1412 1201 εἰρημένα.
1450 1127 1481 1180 Et
1501 1128 1528 1180 δέ
1546 1146 1582 1190 τις
1599 1127 1703 1194 ζητήσω
1723 1126 1764 1179 διά
1784 1124 1855 1179 τίέν

251 1276 254 1282 ,
287 1219 348 1284 γοίέ,
367 1233 391 1269 1.
409 1215 468 1267 Ἐὰν
489 1213 563 1285 δὲμὴ
582 1211 900 1285 καταύάληήλποτείνεται
920 1210 962 1281 μέν
981 1209 1030 1263 ἀπδ
1075 1206 1197 1281 μέσιρτῷ
1217 1207 1289 1279 λόγῳ
1308 1205 1517 1278 ἀνακεφαλαίωσιν
1537 1202 1718 1268 ἔταξεν-ἴδιον
1737 1206 1785 1277 γάρ
1804 1204 1855 1258 ἔστι

251 1295 336 1349 τούτου
348 1295 406 1365 πρὸς
418 1293 462 1361 τὴν
475 1294 612 1365 μέλλουσαν
624 1291 755 1349 ἀντίθεσιν.
778 1292 831 1344 Τοῦ
846 1289 893 1362 γάρ
907 1290 1030 1359 Τιμοκρά·
1074 1293 1121 1353 τῶν
1134 1285 1255 1359 ίπιλόγων
1266 1287 1296 1340 τδ
1307 1284 1683 1356 ἀνακεφαλαιοῦσθαι-λέγομεν
1693 1285 1732 1337 δτι
1740 1285 1801 1351 αύτη
1813 1284 1856 1337 λέ·

248 1394 306 1437 τους
324 1375 457 1445 μέλλοντος
470 1372 651 1445 προόάλλεσθαι
678 1369 723 1437 τήν
742 1369 924 1441 φιλανθρωπίαν
939 1367 980 1420 καί
1001 1367 1030 1419 τδ
1074 1385 1143 1437 γεται
1157 1364 1365 1437 ἀνακεφαλαίωσις
1376 1361 1460 1435 μερική
1475 1363 1528 1425 ένδς
1540 1363 1642 1416 ἑκάστου
1656 1362 1805 1432 κεφαλαίου,
1825 1361 1855 1413 ού

251 1451 331 1521 ἀδείας
344 1452 408 1515 τινδς
417 1453 548 1523 τυγχάνειν
560 1450 615 1511 τοδς
630 1447 787 1519 ὀφείλοντας,
800 1447 871 1508 αύτδς
881 1446 1031 1516 προαναιρεί·
1074 1444 1162 1507 τελέως
1174 1444 1248 1498 αύτοῦ
1261 1448 1305 1497 τοῦ
1317 1444 1395 1515 λόγου
1411 1443 1453 1496 καί
1466 1448 1514 1496 τῶν
1526 1440 1642 1513 ἀγώνων.
1657 1442 1836 1496 ACDGRTV.

251 1550 291 1583 ται
301 1534 387 1596 τοῦτο,
402 1530 505 1591 ἀντιθεὶς
516 1529 551 1582 ’τό
572 1527 777 1598 νενομοθετῆσθαι
795 1524 886 1595 δεσμδν
903 1522 967 1594 παρὰ
987 1526 1030 1575 τοῦ
1075 1556 1077 1561 -
1109 1528 1230 1594 7ο9,“ιή.
1243 1523 1301 1579 Ὅτι
1313 1524 1394 1577 τοίνυν
1407 1521 1470 1589 δλην
1481 1521 1589 1591 συγχεῖ]
1602 1519 1658 1572 ’Ἔτι
1668 1516 1713 1573 τοῦ
1722 1521 1857 1591 συμφέρον·

251 1609 325 1662 αύτοῦ
338 1608 392 1680 περὶ
405 1614 453 1662 τῶν
473 1608 562 1663 αύτῶν,
615 1605 681 1669 ’ἀλλ’
702 1601 783 1671 ἐπειδὴ
804 1607 878 1656 τοῦτο
894 1602 966 1654 δοκεῖ
985 1597 1029 1666 τήν
1075 1603 1116 1665 τός
1129 1602 1189 1658 εἰσιν
1204 1603 1228 1656 οἱ
1241 1603 1324 1673 λόγοι.
1338 1603 1419 1656 ch.

251 1688 352 1759 ύποψίαν
366 1687 476 1759 ἀναιρεῖν
489 1685 534 1753 τήν
546 1684 609 1739 κατά
621 1684 801 1755 Τιμοκράτους,
820 1681 962 1743 κελεύοντος
978 1679 1030 1733 δεῖ·
1109 1681 1167 1736 Ὅτι
1183 1683 1263 1737 τοίνυν
1275 1683 1337 1750 δλην
1351 1680 1454 1752 συγχεῖ]
1471 1678 1606 1749 Πληριύσας
1622 1678 1679 1740 τούς
1697 1678 1755 1731 δέκα
1767 1678 1857 1740 τόπους

251 1768 307 1819 σθαι
320 1766 375 1835 τοψς
385 1758 625 1838 όφὲίλονταςῖἆνμῆ
640 1758 864 1825 ἒέῖέῦωσῑθνθῦτῠε
880 1757 1029 1826 mmm
1075 1760 1240 1833 ἀπολογίζεται
1261 1763 1290 1816 τδ
1304 1766 1399 1832 πρῶτον
1419 1757 1575 1828 ἔπιχείρημα.
1625 1756 1810 1827 Ἐπιλογίζεται
1829 1756 1859 1810 δέ

205 1904 219 1918 ,
251 1845 280 1898 ού
291 1847 452 1918 χαριζόμενος
463 1846 515 1906 τοῖς
533 1842 679 1913 ὀφείλουσιν.
718 1838 826 1893 ’Ἔνατον
841 1836 927 1909 είληφε
942 1838 1029 1902 τύπον,
1075 1838 1542 1911 άνακεφαλαιούμενοςτῶνδέκατύπων
1554 1835 1599 1902 τήν
1612 1835 1724 1906 δύναμιν.
1735 1836 1770 1890 Υ.
1785 1835 1856 1902 Πλη·

252 1918 356 1977 ἀπδτοῦ
369 1922 505 1994 περιουσίας
515 1924 598 1975 τύπον·
612 1920 655 1972 τὸν
665 1918 713 1989 γάρ
729 1915 762 1989 μὴ
781 1917 879 1971 δεθέντα
890 1913 934 1981 τήν
951 1913 1030 1985 W*
1075 1920 1154 1988 ρύσας
1166 1920 1209 1973 τδν
1226 1917 1341 1990 έπίλογον
1357 1916 1496 1989 μεταδαίνει
1510 1914 1584 1970 πάλιν
1603 1914 1639 1969 ἀπ’
1653 1914 1734 1981 ἀλλην
1748 1913 1855 1976 ἐξέτασιν

251 2002 312 2073 μηδέ
332 2000 432 2055 όνταίν
446 2001 546 2071 δεσμοῖς
563 1998 613 2063 τίς,
627 1998 716 2068 φησίν,
741 1996 903 2069 ίγγυήσεται;
924 1994 965 2048 καί
979 1993 1031 2047 ίστι
1074 1999 1118 2048 τοῦ
1130 1998 1307 2068 συμφέροντος,
1322 1996 1432 2049 ἀντεῦθεν
1444 1994 1586 2056 ἀποδεικνύς
1605 1992 1723 2046 ἀδύνατον
1738 1992 1855 2063 τδτροσ·

251 2079 294 2151 μέν
316 2079 416 2141 ότόπος
433 2079 480 2133 ἀπδ
495 2071 591 2149 μάχης,
613 2077 652 2129 δτι
665 2074 762 2128 ἐναντία
785 2075 973 2146 νενομοθέτηκεν
994 2068 1031 2136 οίς
1074 2077 1222 2147 τεταγμένον
1231 2074 1278 2129 ύπδ
1286 2078 1331 2127 τοῦ
1340 2077 1427 2146 νόμου.
1463 2071 1559 2144 Ούμήν
1573 2071 1707 2143 ἀγνοητέον
1721 2070 1801 2124 δτιτδ
1814 2072 1856 2122 δυ·

250 2157 416 2229 προόάλλεται
437 2156 464 2211 ίκ
479 2160 522 2209 τοῦ
545 2155 693 2227 περιουσίας,
714 2148 813 2216 είθλως
833 2151 866 2224 μὴ
880 2151 1031 2206 ύπόκειταιθ
1075 2153 1148 2207 νατδν
1162 2152 1244 2207 ίπίτδ
1258 2156 1378 2225 συμφέρον
1398 2152 1451 2223 ἔχει
1467 2150 1513 2218 τήν
1527 2151 1662 2222 ἀναφοράν.
1703 2146 1857 2211 Ὀπύσοιςδέ

248 2236 421 2307 δεθησόμενος.
458 2235 551 2288 Δέδωκε
564 2232 631 2305 αύτῷ
641 2231 687 2299 ’τήν
700 2230 811 2304 ἀφορμήν
825 2235 869 2285 τοῦ
883 2229 1032 2301 σοφίσματος
1075 2230 1191 2300 κέχρηται
1211 2233 1293 2291 τόποις
1307 2230 1345 2285 έπί
1365 2234 1409 2283 τοῦ
1422 2227 1485 2283 κατά
1501 2228 1531 2282 τδ
1552 2228 1656 2281 δυνατδν
1670 2224 1857 2298 έπιχειρήματος

250 2313 363 2386 δμικρῷ
380 2314 481 2385 πρόσθεν
495 2311 654 2383 ἐξητασμένος
674 2313 747 2373 τόπος
766 2309 814 2365 ἀπδ
833 2312 876 2377 τῆς
891 2306 1028 2381 ἀλλείψτως,
1075 2308 1149 2361 πάλιν
1172 2307 1358 2380 έπισκεψόμεθα.
1396 2308 1469 2361 Ἔστι
1482 2310 1563 2362 τοίνυν
1580 2307 1701 2377 ύπρῶτος
1722 2307 1795 2368 τόπος
1808 2305 1857 2360 ἀπδ

252 2386 340 2460 Ἐχων
351 2383 394 2442 οῦν
407 2384 454 2441 ἀπδ
471 2388 557 2441 τούτου
571 2392 615 2441 τοῦ
628 2391 702 2442 τόπου
715 2388 744 2442 τδ
758 2385 791 2459 μή
804 2386 912 2458 εἰρῆσθαι
923 2387 976 2439 δεῖν
987 2384 1031 2437 αύ·
1075 2387 1164 2456 τρόπου
1180 2386 1243 2440 κατά
1254 2387 1283 2441 εδ
1297 2386 1411 2451 ἔνδοξον,
1428 2387 1476 2439 τίνι
1498 2387 1580 2457 τρόπιμ
1600 2385 1642 2438 καί
1652 2386 1700 2438 τίνι
1716 2386 1801 2438 κανόνι
1815 2388 1858 2451 τῆς

250 2466 292 2519 τδν
312 2464 437 2532 δεδέσθαι,
455 2464 553 2524 είκότως
567 2466 600 2528 ιὐς
614 2463 648 2536 μή
666 2465 729 2520 κατά
746 2460 905 2536 δποκειμένου
926 2464 1032 2517 δείκνυσι
1075 2462 1200 2526 πολιτείας
1213 2468 1338 2535 χρώμενοι
1352 2463 1383 2517 τά
1400 2464 1483 2518 πολλά
1500 2464 1542 2516 καί
1557 2462 1622 2516 καλά
1635 2463 1678 2516 καὶ
1691 2462 1789 2535 μεγάλα
1801 2482 1858 2516 κατ-

251 2544 295 2611 τήν
311 2546 393 2608 άλλως
406 2546 546 2616 γεγραφότα
566 2544 597 2597 τύ
614 2545 776 2616 Τιμοκράτους
791 2543 900 2615 ῥήματα
920 2542 1031 2612 διαλέγε·
1076 2543 1220 2612 εργάζονται
1232 2546 1352 2614 τρόπαια,
1369 2544 1411 2596 καὶ
1423 2543 1486 2596 κατά
1497 2546 1545 2612 γῆν
1557 2543 1729 2613 στρατεύονται
1739 2541 1782 2595 καί
1795 2540 1858 2594 κατά

251 2643 292 2692 ται
302 2623 351 2696 γάρ
362 2625 416 2695 περί
433 2624 524 2695 δεσμοῦ
535 2622 584 2695 ούχ
600 2624 764 2696 ύποκειμένων
784 2626 833 2677 τῶν
847 2622 1027 2692 δεθησομένων.
1076 2622 1198 2675 θάλατταν
1220 2626 1387 2693 ναυμαχοῦσι.
1423 2622 1465 2692 Τῷ
1485 2623 1585 2691 γράφειν
1604 2621 1761 2691 ψηφίσματα,
1783 2620 1856 2689 φησί,

252 2701 310 2754 ῙίΥ.
381 2702 384 2707 ’
1076 2701 1369 2773 νόμουςπερίείσφορσῖς,
1387 2699 1441 2770 περί
1454 2704 1630 2773 τριηραρχιῶν,
1644 2699 1747 2770 τῷτους
1760 2697 1858 2769 μήκει·

287 2782 349 2846 728,
365 2783 390 2831 ό.
415 2778 474 2833 Ἐἀν
484 2780 511 2834 δέ
524 2779 575 2853 μή]
590 2780 706 2851 Πειρᾶται
718 2779 791 2832 λῦσαι
805 2778 878 2832 αύτοῦ
888 2775 932 2843 τήν
947 2775 1030 2842 δόξαν,
1076 2776 1191 2848 θομένους
1213 2780 1267 2840 τοῖς
1286 2770 1369 2849 νόμοις
1393 2776 1454 2849 μηδέ
1479 2780 1531 2838 τοῖς
1552 2778 1688 2847 ψηφίσμασι
1712 2775 1859 2837 κολάζεσθαι

250 2858 279 2924 ἣν
295 2857 361 2928 ἔχειν
382 2859 507 2929 νομίζεται
517 2859 582 2930 παρά
598 2862 650 2921 τοῖς
671 2858 797 2923 πολίταις,
812 2858 845 2919 ῶς
860 2856 1031 2927 φιλάνθρωπον
1075 2857 1250 2929 πληρουμένων
1261 2864 1309 2911 τῶν
1323 2858 1485 2926 δικαστηρίων
1499 2856 1541 2909 καί
1557 2856 1647 2927 δεσμδν
1658 2856 1858 2926 καταγινωσκόν-

251 2934 355 3007 είσάγων
377 2937 464 3008 νόμον.
508 2935 580 2990 Ἐστι
598 2936 624 2990 δέ
645 2938 725 3007 ῶσπερ
749 2935 816 2997 λύσις
837 2930 1029 2997 ἀντιπίπτοντος.
1075 2955 1124 2990 των
1136 2942 1185 2989 τῶν
1195 2935 1379 3007 ἀκοσμούντων,
1417 2934 1448 2987 Et
1458 2934 1484 2988 δὲ
1493 2928 1564 2997 ούτος
1575 2940 1624 2989 τῶν
1636 2937 1733 3005 δεσμῶν
1747 2933 1857 3001 ἀνίησιν,

250 3012 305 3067 Ἵνα
318 3015 352 3085 μή
365 3033 401 3078 τις
411 3014 467 3089 είπη
484 3037 495 3064 ι
514 3014 567 3067 ίδοδ
579 3011 641 3081 ούν,
655 3015 696 3068 καί
713 3013 783 3076 αύτδς
802 3012 894 3066 κελεύει
908 3010 973 3066 εἶναι
990 3009 1031 3065 δε·
1075 3015 1200 3086 ἀνατρέπει
1213 3016 1257 3069 τὸν
1276 3016 1365 3086 τρόπον
1383 3018 1427 3081 τῆς
1439 3013 1572 3076 πολιτείας.
1612 3012 1760 3083 Ἆνατρέπων
1773 3010 1854 3067 δέτδν

253 3093 359 3161 ισμόν,
378 3114 389 3141 ν
407 3090 490 3166 έπάγει
507 3093 546 3145 δτι
563 3115 573 3141 ι
588 3098 623 3163 τῷ
635 3091 738 3162 ὀνόματι
756 3092 831 3161 μόνον
852 3089 1031 3159 καταλιμπάνει
1075 3096 1165 3167 τρόπον
1181 3095 1223 3147 καὶ
1241 3095 1297 3157 τινος
1315 3094 1436 3161 κανόνας,
1458 3093 1588 3164 &wetsten
1604 3088 1649 3159 τὴν
1666 3091 1737 3154 δόξαν
1757 3094 1801 3159 ηῆς
1813 3094 1859 3149 226.

253 3192 264 3218 ι
280 3170 339 3241 ύμῖν
355 3168 401 3236 τὴν
420 3172 538 3241 τιμωρίαν
553 3176 596 3224 τοῦ
610 3171 716 3242 δεσμοῦ,
737 3175 774 3241 τῷ
786 3168 868 3233 λέγειν
887 3168 920 3230 ὡς
937 3169 979 3220 δεῖ
994 3168 1033 3220 δε·
1075 3174 1147 3237 mg,
1161 3174 1219 3228 ΒΥ,
1525 3175 1527 3178 ’

254 3272 263 3296 ι
282 3250 411 3319 σμεῖσθαι,
424 3251 455 3321 τῇ
466 3250 492 3301 δέ
503 3247 606 3320 ἀληθείᾳ
620 3249 661 3301 καί
673 3254 708 3319 τῷ
720 3247 786 3319 ἔργῳ
799 3246 945 3317 ἀφαιρεῖται,
957 3248 1030 3315 παρέ·
1111 3270 1173 3323 729,
1189 3254 1230 3306 15.
1247 3250 1408 3321 Φιλοτιμίας]
1421 3243 1570 3318 Φιλοτιμέαν
1584 3246 1629 3313 τἠν
1645 3244 1718 3310 δόξαν
1728 3248 1807 3321 λέγει.
1824 3254 1857 3305 Α.

253 3350 264 3376 ι
281 3332 340 3398 χιονΙ
349 3328 432 3399 καιρόν
444 3331 521 3397 φυγῆς
533 3331 585 3389 τοῖς
602 3325 636 3398 μή
651 3327 808 3397 βουλομένοις
820 3323 986 3387 καταόαλείν,
999 3323 1031 3386 ῶς
1111 3332 1172 3400 730,
1186 3350 1213 3401 7,
1229 3326 1303 3383 Ἀλλὰ
1321 3327 1355 3400 μὴ
1372 3328 1400 3382 τὸ
1412 3331 1535 3399 προσῆν-ων
1548 3330 1624 3400 πονῇ]
1639 3329 1797 3400 Παραχρῆμ
1814 3349 1859 3382 m·

248 3403 318 3459 εἶπεν
332 3406 392 3459 ἀνω·
414 3428 425 3455 ι
444 3405 501 3458 ἀλλ’
516 3406 585 3460 ότδν
599 3407 683 3478 καιρδν
698 3405 821 3475 ἐκκλέψας.
842 3425 853 3453 ν
869 3401 935 3456 aaz&
947 3407 1031 3455 κοινοῦ
1074 3409 1205 3462 rafiam
1217 3410 1248 3463 t&
1259 3406 1385 3480 χρήματα,
1396 3404 1478 3461 ch.

245 3484 278 3537 δέ
286 3484 315 3538 τό
331 3485 395 3556 ᾤετο
406 3486 468 3538 δεῖν.
485 3485 591 3542 ATCV.
1066 3533 1068 3541 .
1110 3490 1172 3558 730,
1188 3491 1214 3543 8.
1241 3486 1362 3557 Ἐροῦμεν
1387 3483 1417 3551 νὴ
1438 3486 1483 3538 Δία
1504 3487 1556 3547 τοῖς
1570 3483 1713 3556 Ἕλλησιν]
1737 3483 1768 3538 ‘H
1789 3487 1862 3557 χάρις

288 3559 363 3636 ίίλλά
377 3559 419 3613 τδν
439 3562 522 3632 καιρόν
543 3560 672 3633 ἐκκλέψας]
688 3559 819 3631 Ἐκκλάψας
841 3559 884 3612 τδν
898 3556 1031 3627 ἠδικηκότα
1075 3565 1136 3637 μετὰ
1157 3567 1235 3637 θυμοῦ
1256 3565 1404 3636 μεμιγμένη,
1442 3563 1557 3639 Τοιοῦτος
1576 3564 1624 3634 γάρ
1647 3561 1745 3616 έστινδ
1767 3563 1859 3635 ῥήτωρ.

248 3639 294 3692 καί
305 3636 349 3704 τήν
361 3640 492 3709 παράδοσιν
512 3639 589 3692 αύτοῦ
608 3641 659 3701 τοῖς
673 3639 775 3704 ένδεκα,
788 3636 829 3690 διά
841 3639 870 3691 τδ
887 3637 930 3690 τδν
943 3638 1030 3691 τούτου
1074 3643 1172 3696 Διαλύει
1185 3642 1227 3705 τάς
1239 3640 1263 3703 έξ
1279 3641 1371 3707 ἀπάτης
1381 3640 1497 3702 διαθολάς
1507 3640 1549 3692 καί
1567 3638 1699 3711 διαφυγάς,
1715 3645 1751 3712 τῷ
1765 3641 1799 3713 μὴ
1818 3644 1861 3694 δυ-

251 3718 327 3786 νόμον
352 3718 458 3770 κελεύειν
474 3718 499 3771 έν
519 3719 639 3792 τῷδήμῳ
658 3719 800 3771 καθιστάναι
820 3719 876 3778 τούς
895 3716 1029 3787 ἐγγυητὰς,
1075 3720 1192 3788 νήσεοόοί
1206 3741 1229 3775 τι
1245 3724 1344 3787 ποιῆσαι
1357 3726 1405 3773 τῶν
1421 3719 1538 3773 δεόντων,
1558 3716 1664 3786 Ἐνάτην
1678 3718 1862 3790 δέκφυεονεέαν

250 3794 368 3847 ἀδύνατον
383 3796 410 3848 δέ
424 3794 490 3848 εἶναι
502 3796 639 3867 αῦθημερδν
653 3794 784 3863 ίκκλησίαν
798 3796 850 3867 ἅμα
863 3796 904 3849 καί
915 3796 1030 3863 δικαστή·
1074 3802 1117 3854 τὸν
1130 3799 1216 3853 ἔνατον
1232 3805 1297 3871 μῆνα
1310 3800 1386 3870 λέγει.
1399 3797 1482 3852 ΤίΝ.

250 3892 301 3942 ριον
315 3874 443 3945 γενέσθαι,
453 3874 486 3935 ῶς
497 3874 549 3925 ἀνω
559 3872 661 3945 τέμηται.
676 3877 706 3928 Ρ.
897 3876 899 3882 ’
1111 3879 1173 3947 730,
1188 3878 1233 3931 αδ.
1253 3878 1312 3931 Ἔτι
1322 3879 1415 3943 τοίνυν,
1428 3872 1450 3931 ὦ
1461 3874 1564 3947 ἀνδρες]
1578 3872 1659 3938 Τόπος
1670 3876 1779 3948 δεύτερος
1790 3875 1864 3942 οὗτος

286 3957 347 4024 γαδ,
363 3970 403 4007 ιι.
418 3953 465 4005 ίίαί
484 3953 540 4025 παρ’
554 3953 681 4025 ἀκόντων]
706 3952 770 4006 Ἀντί
787 3955 831 4006 τοῦ
849 3952 890 4005 καί
905 3952 974 4025 ύμίον
996 3952 1029 4024 μή
1075 3959 1119 4009 τοῦ
1132 3955 1235 4010 δυνατοῦ
1249 3955 1296 4010 ἀπδ
1310 3960 1353 4024 τῆς
1369 3956 1452 4027 χρείας
1461 3954 1625 4028 περλτάίιρά
1635 3955 1773 4017 καλδσια.,
1794 3954 1861 4009 λνα-

248 4031 407 4112 βουλομένων
420 4032 510 4085 έδωκεν
524 4032 608 4103 ἀφεσιν
620 4035 664 4087 τοῦ
677 4033 779 4102 δεσμοῦ.
794 4031 891 4085 ATCV.
1074 4037 1169 4107 φέροιτο
1177 4035 1200 4086 δ’
1214 4037 1244 4089 ἀν
1256 4035 1296 4089 ἐπὶ
1306 4035 1335 4089 τδ
1349 4034 1495 4104 ἀναγκαῖον,
1509 4035 1548 4087 δτι
1559 4032 1655 4104 ἀνάγκη
1665 4034 1791 4106 δεσμεύειν
1803 4036 1863 4098 τοδς

288 4117 351 4182 728,
366 4116 407 4176 νίν.
425 4110 458 4165 Ὃ
475 4110 615 4167 δέπολλῶν
637 4113 732 4178 όντων]
754 4110 857 4172 Δέκατος
878 4104 948 4172 οὗτός
965 4108 1030 4164 ίστιν
1075 4114 1217 4185 ὀφείλοντας
1228 4113 1280 4186 ίερά
1291 4115 1333 4167 καί
1344 4115 1399 4167 όσια
1411 4114 1547 4185 χρήματα,
1561 4113 1605 4166 ίνα
1618 4110 1809 4184 θύηταιτάίερά
1819 4116 1863 4168 καί

251 4189 284 4252 τίς
297 4190 326 4244 τδ
340 4190 488 4262 ἐπιχείρημα
501 4194 545 4258 τῆς
556 4190 679 4260 ἀσαφείας.
716 4188 791 4241 Ἐστι
801 4187 828 4240 δέ
837 4186 885 4241 ἀπὸ
894 4192 937 4242 τοῦ
951 4187 1031 4242 έλλεί·
1077 4192 1298 4265 μεταλαμόάνωσιν
1320 4193 1344 4246 οἱ
1367 4193 1506 4255 δικάζοντες
1533 4192 1575 4244 καί
1594 4190 1794 4259 ἐκκλησιάζοντες
1816 4190 1859 4245 καλ

250 4288 337 4331 ποντος
350 4265 480 4330 καίούτος.
521 4266 646 4322 Ἐλλείπει
658 4266 707 4339 γάρ
726 4272 762 4338 τῷ
774 4266 844 4339 νόμῳ
852 4265 881 4319 τδ
896 4265 929 4337 μή
946 4267 1031 4322 διειλέ·
1077 4272 1233 4342 βουλεύοντες
1245 4278 1292 4325 τῶν
1302 4273 1457 4343 τεταγμένων
1470 4270 1562 4342 μισθῶν
1575 4269 1786 4341 ύπδτῶννύμων.
1812 4269 1862 4323 ίίαλ

250 4349 309 4417 χθαι
318 4348 372 4417 περί
381 4352 429 4400 τῶν
442 4345 475 4417 μή
488 4348 654 4401 καθιστάντων
665 4346 722 4408 τούς
737 4346 865 4418 ἐγγυητάς.
887 4346 1032 4417 Σεσόφισται
1077 4351 1143 4405 ἔστιν
1164 4351 1179 4404 ό
1198 4351 1240 4423 μέν
1259 4352 1374 4423 πρότερος
1393 4351 1467 4413 τόπος
1480 4354 1524 4405 τοῦ
1538 4348 1649 4416 ἐνδόξου,
1672 4347 1728 4404 εἶτα
1747 4349 1796 4403 ἀπδ
1814 4356 1860 4403 τοῦ

249 4425 276 4477 δέ
285 4426 327 4478 καλ
339 4424 418 4487 οὗτος.
445 4424 476 4477 Εί
483 4425 532 4497 γὰρ
545 4425 578 4498 μή
591 4425 737 4492 καταστήσει
746 4426 801 4487 τοδς
813 4423 942 4495 ἐγγυητάς,
955 4425 1031 4492 δηλο-
1079 4428 1222 4500 ἀναγκαίου,
1238 4431 1296 4484 RY.

251 4507 302 4580 νότι
313 4507 377 4576 μένει
393 4505 528 4576 δεδεμένος.
569 4503 599 4558 ‘0
610 4504 635 4557 δὲ
647 4505 676 4558 τδ
686 4504 747 4557 κατὰ
759 4503 866 4575 ἔλλειψιν
882 4503 966 4557 λαθὼν
974 4506 1032 4575 πρδς
1111 4509 1174 4578 731,
1194 4512 1220 4570 ή.
1241 4507 1296 4561 Τῶν
1312 4506 1339 4562 ἔκ
1357 4511 1406 4560 τῶν
1424 4504 1503 4560 τελῶν
1520 4508 1657 4578 χρημάτων
1672 4509 1703 4578 τῇ
1719 4505 1857 4576 διοικήσει]

250 4586 278 4640 τό
293 4585 378 4639 ἑαυτοῦ
392 4586 510 4657 συμφέρον
530 4586 720 4650 κατεσκεύασεν,
744 4583 886 4645 ἀποδεικνύς
898 4584 936 4637 δτι
949 4584 1030 4638 ούδε·
1076 4587 1114 4659 Τῇ
1129 4587 1247 4653 διοικήσει
1261 4586 1305 4659 μάν
1324 4581 1366 4641 ούν
1383 4584 1451 4657 λέγει
1469 4587 1500 4658 τῇ
1518 4587 1615 4659 δαπάνῃ
1636 4586 1679 4640 καί
1694 4588 1746 4648 τοῖς
1759 4583 1860 4638 ἀναλῶ·

250 4664 350 4741 θήσεται
358 4663 403 4731 τήν
418 4662 498 4735 ἀρχὴν
514 4662 601 4725 ούδείς.
638 4662 732 4716 ίλίκοῦν
749 4661 804 4715 οῦδὲ
817 4662 963 4729 καταστήσει
977 4664 1032 4726 τούς
1078 4684 1146 4737 μασι.
1157 4666 1405 4737 Προσκαταόλήματα
1419 4665 1457 4731 δέ,
1470 4667 1536 4719 τοῦτ’
1544 4664 1596 4719 έστι
1605 4666 1636 4718 τά
1644 4665 1774 4736 ὀφείλοντα
1785 4684 1864 4736 προσ-

251 4743 378 4814 ἐγγυητάς·
393 4742 441 4798 εἷθ’
455 4746 470 4797 δ
481 4743 655 4816 παρελίλειπτο
669 4742 695 4795 έν
706 4745 759 4805 τοῖς
773 4740 908 4813 ἔμπροσθεν
918 4742 966 4796 άπδ
981 4749 1031 4797 τῶν
1076 4745 1260 4812 καταόληθῆναι
1270 4745 1303 4808 είς
1312 4744 1483 4815 ἀναπλήρωσιν
1493 4750 1542 4803 τῶν
1559 4742 1743 4815 ἀναλωμάτωνι
1756 4743 1804 4798 ἀπδ
1817 4744 1864 4815 μέν

249 4823 387 4894 προέδρων,
411 4826 485 4876 τοῦτο
506 4823 609 4878 ίνταῦθα
623 4820 751 4889 ἐξήτασεν,
772 4823 810 4874 ότι
823 4823 875 4883 τοῖς
895 4821 938 4892 μέν
959 4824 1032 4894 προέ·
1076 4823 1124 4896 γάρ
1134 4829 1183 4877 τῶν
1196 4825 1274 4877 τελῶν
1285 4830 1334 4877 τῶν
1349 4818 1397 4877 άπδ
1408 4828 1456 4876 τῶν
1468 4822 1576 4895 λιμένων
1588 4823 1629 4876 καί
1644 4827 1687 4888 τῆς
1703 4821 1868 4893 ἀγορᾶςάνη·

238 4904 315 4977 ’δροις
324 4902 434 4974 ἀνάγκην
446 4900 561 4969 ἐπέθηκεν
576 4900 717 4973 εἰσαγαγεῖν
735 4900 791 4963 τοῦς
805 4899 925 4972 ἐγγυητάς
940 4901 974 4965 είς
987 4904 1031 4957 τόν
1076 4904 1174 4957 λίσκετο
1184 4902 1216 4966 εἰς
1225 4902 1256 4957 τά
1266 4902 1318 4973 ἱερά
1327 4902 1369 4956 καὶ
1378 4900 1411 4964 εἰς
1422 4901 1451 4955 τδ
1464 4900 1610 4971 δικαστικόν
1615 4900 1656 4953 καί
1671 4899 1704 4961 εἰς
1717 4898 1747 4952 τδ
1758 4899 1866 4968 βουλτυ·

250 4984 346 5052 δῆμον,
367 4984 419 5045 τοῖς
435 4982 462 5036 δέ
479 4981 616 5052 δρείλουσιν
635 4979 750 5051 ούδεμίαν
772 4978 882 5051 ἀνάγκην
902 4984 1030 5054 προσάγει.
1076 4983 1144 5036 τικδν
1158 4982 1265 5043 καλτούς
1277 4982 1361 5043 ἱππέας
1368 4981 1409 5034 καί
1420 4978 1569 5036 τάτυιαῦταζ
1587 4979 1692 5034 Ἐπελδέ
1703 4977 1748 5032 οδκ
1761 4978 1868 5050 ἀντήρκει

253 5062 308 5115 nY.
1077 5061 1203 5116 ταῦτατὸ
1224 5056 1359 5133 χρήματα,
1380 5058 1500 5122 πολλάκις
1524 5060 1680 5131 προσετίθετο
1702 5057 1745 5112 καὶ
1771 5056 1866 5120 ἔξωθεν

288 5141 350 5206 γοδ,
364 5144 409 5194 αδ.
422 5140 471 5194 Τοῦ
483 5139 509 5193 δέ
526 5138 559 5213 μή
572 5140 768 5208 καταστήσαντος
781 5140 825 5193 ούκ
843 5139 879 5194 ένι
896 5140 1031 5213 δήπουθεν]
1078 5141 1148 5211 ἔτερα
1168 5142 1233 5211 παρά
1251 5157 1324 5196 τινων
1344 5139 1503 5215 ὀφειλόντων,
1521 5140 1537 5192 ἀ
1556 5139 1658 5194 ίιιάλουν
1677 5139 1866 5211 προσκαταθλή-

248 5217 309 5280 Πῶς
322 5216 369 5289 γάρ
385 5216 443 5292 όμή
456 5220 607 5288 καταστήσας
625 5218 744 5293 ἐγγυητάς
758 5220 843 5292 μέλλει
855 5218 921 5290 ίχειν
941 5219 1030 5291 έγγυη·
1078 5239 1152 5293 ματα.
1168 5221 1224 5274 RY.
