3967 5967
260 438 321 489 666
802 422 945 485 ΣΧΟΛΙΑ
969 425 1033 483 ΕΙΣ
1052 421 1326 483 ΛΗΜΟΣΘΕΝΙΙΝ.

296 557 359 627 495,
379 574 418 609 11.
434 555 490 608 Ὅτι
503 555 525 605 δ’
537 554 581 607 ούκ
597 554 648 607 ἔστι
660 557 667 623 ]
681 555 750 616 Λύσις
765 553 791 608 ἐκ
802 556 947 625 διαιρέσεως.
964 556 1041 608 ΒΥΡ.
1123 559 1187 624 497,
1210 554 1235 606 3.
1252 553 1383 624 [ίρύξενοι]
1405 552 1428 604 σί
1445 552 1622 623 ύποδεχόμενοι
1639 551 1764 619 ἀλλήλους
1777 552 1803 608 ἐν
1819 556 1877 618 ταῖς

296 639 359 707 495,
377 641 419 692 18.
441 637 524 688 Ιίαίτοι
539 635 560 687 εἰ
577 631 607 701 ήν
624 635 694 705 ἱερῶν
710 633 820 688 ἀτέλειαν
835 635 919 705 ἔχειν]
932 634 964 689 Εἰ
986 634 1040 688 ἀτε·
1088 633 1178 687 έαυτῶν
1191 633 1301 687 πόλεσιν.
1339 632 1423 685 Ἦσαν
1435 632 1462 686 δέ
1475 633 1516 684 καί
1531 632 1580 703 ἰδίᾳ
1595 633 1636 685 καλ
1649 637 1729 705 κοινῇ.
1752 635 1836 689 ΤΟΥ.

259 716 312 779 λεῖς
324 718 380 779 τούς
393 716 433 786 ἀφ’
449 714 574 785 Ἁρμοδίου
588 713 669 778 εἶπες,
685 713 762 776 ούδείς
775 715 797 767 δ’
809 713 897 782 ἀτελὴς
908 722 957 769 τῶν
971 716 1042 786 ίερῶν
1123 712 1241 785 Πρόξενος
1257 711 1272 765 ό
1289 711 1331 766 τδν
1355 711 1403 765 ἀπό
1423 711 1502 778 ἀλλης
1525 711 1620 773 πόλεως
1633 710 1815 783 ἀναδεχόμενος
1832 716 1877 766 καί

260 793 447 864 ἀναλωμάτων,
465 790 531 855 εἶπες
542 793 568 846 δέ
579 811 645 855 τινας
658 788 723 845 εἶναι
733 791 843 858 ἀτελεῖς,
858 799 907 855 πῶς
918 793 981 865 ίεραί
995 794 1043 846 λει·
1087 794 1207 863 προσόδου
1218 792 1352 862 φροντίζων
1367 795 1411 844 τοῖι
1422 790 1480 861 πρδς
1491 790 1533 843 τὸν
1548 791 1628 861 δῆμον
1640 789 1718 860 αύτῷ.
1731 792 1762 844 Ρ.

259 874 382 943 τουργίαι;
395 873 475 927 ΤΟΥ.
1124 875 1187 939 497,
1204 870 1245 922 13.
1257 868 1287 921 Εἰ
1301 867 1335 940 μή
1350 871 1423 940 μόνον
1434 868 1567 941 ἐξαρκέσει]
1578 868 1636 930 Τοῖς
1648 867 1710 921 κατὰ
1720 869 1774 936 δύο,
1785 871 1874 942 φησὶν,

295 952 358 1019 495,
374 948 694 1021 αε.Ἵναδέείδήτε]Ὅτι
706 949 754 1021 ούχ
766 950 835 1020 ίερῶν
846 949 957 1006 ἀτέλειαν
972 950 1043 1023 ἐχου-
1088 950 1117 1002 ἀν
1132 948 1257 1017 ἀδικηθείη
1280 949 1401 1020 λαόρίας,
1417 949 1455 1001 ότι
1476 948 1517 1000 καί
1541 953 1589 1002 τῶν
1613 947 1708 1000 δούλων
1731 947 1797 1023 αύτῷ
1816 948 1873 1004 ἴσον

259 1048 313 1094 σιν,
329 1029 395 1083 ἀλλά
408 1036 456 1084 τῶν
469 1028 604 1100 ἰγκυκλίων
614 1029 782 1101 λειτουργιῶν.
798 1030 826 1083 P.
1087 1025 1232 1095 ἐποιήσαντο
1250 1027 1353 1095 πολίτην
1372 1028 1587 1098 καταριθμεῖσθαι·
1604 1027 1646 1080 καί
1661 1026 1676 1080 ό
1695 1028 1739 1098 μὲν
1753 1032 1812 1092 παῖς
1827 1028 1874 1097 τὴν

294 1110 357 1180 495,
370 1126 415 1164 22.
431 1110 532 1180 Πρῶτον
542 1108 585 1180 μέν
600 1112 643 1177 τῆς
653 1109 756 1181 στήλης]
765 1109 848 1176 Στήλη
862 1109 933 1172 ξύλον
945 1112 960 1178 ή
974 1111 1043 1175 λίθος
1086 1107 1212 1179 προξενίαν
1227 1109 1293 1179 μένει
1307 1106 1391 1179 ἐχων,
1402 1106 1474 1169 αύτδς
1495 1106 1521 1160 δὲ
1532 1106 1572 1159 διό
1583 1110 1671 1161 τοῦτον
1685 1106 1876 1178 ἀφαιρεθήσεται

260 1188 428 1258 τετράγωνος,
443 1186 476 1249 εἰς
485 1188 513 1239 δν
530 1185 666 1258 ἐγέγραπτο
678 1186 709 1240 τό
723 1193 771 1241 τῶν
783 1190 890 1260 δωρεῶν.
904 1192 987 1246 ΤΟΥ.
1086 1190 1129 1254 τῆς
1140 1186 1258 1248 ἀτελείας.
1295 1185 1345 1238 Ἦν
1358 1186 1384 1239 δέ
1397 1186 1471 1238 αύτοΰ
1485 1184 1797 1257 ἀπελεύθεροςόΛυκιδσς,
1811 1186 1875 1249 ξενι·

295 1266 358 1336 495,
377 1270 422 1319 αθ.
444 1263 551 1318 ’Λκούετε
572 1272 621 1319 τῶν
644 1265 815 1338 ἀντιγράφων]
830 1268 986 1337 Ιίατασκευη,
1004 1271 1042 1322 ότι
1088 1271 1137 1319 κῶν
1151 1266 1177 1319 δέ
1195 1267 1381 1337 στρατευμάτων
1403 1262 1432 1333 ήν
1452 1263 1570 1337 ἡγεμών·
1590 1265 1623 1328 ῶς
1640 1267 1670 1318 ἀν
1689 1259 1733 1319 ούν
1750 1267 1876 1340 χρήσιμος

259 1344 304 1398 σύκ
317 1345 377 1398 εἰσίν
391 1344 417 1398 αί
431 1344 581 1416 λειτουργίαι
598 1341 669 1398 σίνται
682 1345 759 1417 ἱεραί,
770 1346 804 1409 ὡς
816 1347 933 1416 Λεπτίνης
945 1350 1042 1420 σοφίζε-
1087 1340 1156 1407 ούτος
1170 1343 1260 1412 ἠξιώθη
1278 1349 1322 1411 τῆς
1337 1343 1471 1407 πολιτείας.
1483 1346 1564 1398 ΤΟΥ.

258 1443 308 1479 ται,
319 1426 400 1478 ΤΟΥ.
1122 1429 1184 1494 497,
1202 1440 1244 1494 17.
1254 1424 1290 1477 Ού
1301 1424 1349 1494 γάρ
1359 1423 1424 1477 ἐστιν
1438 1422 1490 1477 οὔθ’
1505 1419 1576 1485 οὗτος
1585 1421 1636 1476 οὔτ’
1649 1422 1746 1493 ἀλλος]
1761 1422 1818 1495 &q
1834 1426 1875 1479 ότι

295 1507 358 1573 496,
371 1520 398 1556 α.
414 1503 516 1573 Καλῶς]
530 1502 615 1566 Καλῶς
629 1502 698 1574 ἔχει,
713 1500 747 1575 μή
765 1502 917 1575 ἀναγίνωσκε
929 1504 1039 1559 πλείονα.
1086 1503 1199 1574 πρόξενος
1213 1506 1248 1556 ὢν
1263 1503 1383 1575 ἐτύγχανε
1397 1504 1513 1568 Λυκίδας,
1532 1501 1573 1555 διό
1587 1506 1659 1556 τούτο
1675 1501 1763 1569 ἀτελής
1780 1500 1826 1572 ήν·
1844 1507 1875 1559 τδ

258 1583 339 1638 ΤΟΥ.
1086 1580 1134 1653 γάρ
1147 1581 1260 1652 πρόξενον
1273 1578 1339 1633 εἶναι
1352 1584 1396 1633 τού
1409 1578 1474 1634 εἰναι
1488 1581 1564 1648 ἀτελῆ
1583 1582 1696 1653 διαφέρει.
1734 1582 1770 1634 (λθ
1788 1584 1875 1654 μέντοι

295 1662 387 1733 Γράήας
399 1663 463 1724 όπως
478 1662 507 1715 ἀν
519 1659 544 1714 σί
557 1660 687 1732 πλούσιοι]
702 1660 820 1728 Λεπτίνης
833 1660 922 1733 ἐγραήνε
936 1661 975 1714 διὰ
985 1662 1040 1715 τού·
1086 1664 1158 1713 τούτο
1167 1660 1251 1731 λέγω,
1265 1662 1303 1714 θτι
1312 1660 1336 1713 οί
1343 1660 1453 1731 πρόξενοι
1462 1663 1504 1727 τῆς
1516 1662 1607 1731 δωρεᾶς
1618 1660 1678 1714 εἰσιν
1691 1660 1796 1724 ἀνάξιοι·
1809 1658 1874 1730 ήσαν

260 1759 303 1793 του
317 1746 360 1794 τοῦ
375 1741 452 1812 νόμου
471 1741 515 1793 ’ίνα
529 1740 735 1811 λειτουργήσωσιν
749 1739 773 1792 οί
787 1740 908 1795 πλούσιοι.
923 1741 1004 1796 ΤΟΥ.
1086 1737 1134 1810 γὰρ
1146 1739 1188 1792 καί
1198 1738 1309 1810 πρόξενοί
1322 1758 1384 1801 τινες
1392 1738 1502 1802 ἀτελεῖς·
1514 1739 1572 1791 ἀλλ’
1587 1740 1626 1793 ότι
1638 1740 1695 1794 ἀνευ
1710 1742 1874 1814 ψηφισμάτων

294 1824 357 1889 496,
380 1821 406 1874 3.
434 1821 538 1886 Μηδένα
556 1817 620 1872 εἰναι
637 1817 713 1885 ἀτελῆ
737 1819 922 1891 προσέγραφεν]
944 1818 974 1871 Εἰ
997 1815 1041 1873 σύν
1087 1815 1175 1889 είληφε
1188 1818 1280 1889 μηδείς.
1295 1819 1374 1874 ΤΟΥ.

259 1900 330 1970 ίερῶν
343 1899 420 1965 είσιν,
436 1898 513 1961 ούδείς
535 1898 561 1951 δέ
574 1895 663 1962 ἀτελής
683 1897 793 1962 τούτων,
807 1896 928 1968 ἀφώρισας
943 1898 969 1952 δέ
987 1900 1043 1962 τούς
1121 1900 1185 1966 497,
1196 1913 1240 1949 22.
1262 1894 1295 1949 Ὃ
1310 1896 1391 1949 τοίνυν
1410 1896 1517 1967 μάλιστα
1535 1897 1633 1950 πάντων
1651 1896 1741 1972 οἰμσι]
1755 1900 1875 1971 Τρέπεται

258 1977 298 2048 ἀφ’
315 1976 456 2049 Ἁρμοδίου,
469 1978 513 2032 ούκ
531 1977 578 2049 ἀρα
597 1976 664 2047 ίερά,
677 1975 744 2028 ἀλλά
759 1975 876 2047 ἐγκύκλια
899 1976 941 2030 καί
960 1980 1039 2032 κοινά.
1087 1972 1125 2028 ίπί
1139 1975 1182 2028 τόν
1196 1974 1311 2046 ἐπίλογον
1326 1973 1452 2041 έντεύθεν,
1470 1975 1600 2047 πληρώσας
1610 1977 1653 2030 τδν
1670 1977 1765 2049 ἀγῶνα.
1803 1980 1872 2033 Διαι-

259 2056 335 2118 Τέλος
346 2057 373 2111 δέ
386 2058 414 2111 τδ
428 2055 558 2125 ἀνάλωμα.
595 2055 631 2107 Τό
645 2052 784 2108 ἀναλίσκειν
798 2055 824 2109 δὲ
838 2054 871 2119 εἰς
884 2056 1041 2129 τάίεράλει-
1087 2055 1128 2123 pt?
1141 2053 1167 2107 δέ
1180 2053 1223 2108 τον
1236 2053 1352 2125 &stow
1371 2053 1458 2120 οἰςΐάν
1472 2057 1590 2122 ποιότητα
1603 2057 1768 2123 τῆςπόλευκ,
1784 2060 1825 2111 ὅτι
1842 2059 1872 2113 ὠ

258 2139 371 2206 τουργεῖν
384 2134 459 2190 έστίν.
473 2135 555 2188 ΤΟΥ.
1085 2131 1144 2202 πρός
1158 2130 1290 2200 Ἀθηναίων
1303 2133 1345 2187 καί
1360 2131 1508 2201 τῆςίκείνων
1523 2133 1588 2197 ἀξίας
1602 2134 1667 2189 ἐστίν
1680 2135 1833 2208 ἀφαιρεῖσθαι
1841 2140 1873 2193 τά

295 2219 357 2284 496,
380 2232 405 2283 7.
425 2212 517 2275 Ἡδέως
527 2213 549 2264 δ’
564 2212 593 2264 ἀν
613 2211 708 2284 ἔγωγε]
725 2211 769 2275 Εἰς
782 2212 873 2285 ἀπορον
887 2214 960 2269 αύτδν
974 2217 1040 2289 ἄγει,
1086 2210 1217 2281 δεδομένα·
1235 2213 1310 2283 θσπερ
1321 2210 1374 2265 ίστί
1385 2214 1459 2274 τόπος
1475 2211 1524 2267 ἀπο
1541 2217 1585 2267 τού
1598 2215 1739 2285 πρέποντος.
1777 2217 1874 2271 Γίνεται

261 2292 294 2343 Εἴ
302 2314 331 2362 γε
344 2293 407 2363 ίεραί
420 2286 490 2344 αύται
502 2291 666 2362 λειτουργίαι,
680 2291 757 2354 ούδείς
768 2292 794 2346 δέ
803 2292 871 2358 ἐκτός
883 2298 990 2363 τούτων,
1005 2300 1042 2353 δέ·
1087 2290 1113 2343 δὲ
1129 2289 1178 2344 ἀπὸ
1191 2295 1234 2344 τοῦ
1250 2293 1381 2363 πρέποντος
1392 2293 1465 2354 τόπος
1481 2292 1529 2363 οὗγ,
1543 2294 1602 2346 όταν
1621 2294 1650 2347 εδ
1666 2293 1780 2366 λαμπρόν
1793 2299 1873 2368 μόνον

259 2371 339 2433 διοκας
351 2371 377 2424 δέ
389 2370 419 2423 σύ
432 2368 559 2434 ἀτέλειαν,
570 2370 648 2435 τίνοςς
669 2368 728 2426 είπέ.
767 2370 894 2442 Σωγαλςίιι
908 2374 956 2446 γὰρ
968 2376 1041 2431 αὺτὸν
1086 2367 1128 2420 καί
1139 2367 1250 2439 εύπρεπές
1258 2370 1494 2440 κατασκευάζωμεν,
1505 2368 1571 2422 ἀλλὰ
1583 2369 1625 2423 καί
1638 2370 1666 2423 τδ
1681 2370 1807 2439 ἐναντίον,
1818 2394 1874 2428 του·

258 2447 357 2520 ἐπάγων
371 2448 404 2512 εἰς
418 2449 520 2520 ἀπορον.
532 2451 613 2504 ΤΟΥ.
1086 2448 1152 2500 τέστι
1165 2448 1195 2500 τύ
1215 2447 1317 2519 ἀκρατὲς
1337 2448 1378 2500 καί
1400 2449 1429 2502 τό
1443 2448 1556 2519 αἰσχρόν.
1594 2448 1717 2514 Ἕκαστος
1734 2452 1783 2524 γάρ
1799 2457 1874 2518 τόπος

294 2533 356 2598 496,
368 2549 393 2600 9,
414 2527 452 2583 Ἢ
466 2528 586 2601 ἐκείνους]
601 2529 662 2591 Τοδς
676 2530 809 2602 προγόνους
829 2531 1040 2599 τοοςδεοωχότας,
1087 2523 1232 2597 έκατέρωθεν
1248 2525 1301 2597 ἐχει
1314 2525 1359 2594 τήν
1372 2528 1521 2600 γυμνασίαν.
1560 2527 1689 2583 ίίάνταύθα
1702 2531 1749 2603 γάρ
1764 2531 1814 2587 ἀπό
1829 2540 1874 2587 τού

257 2607 333 2662 ΤΟΥ.
1088 2603 1192 2676 αἰσχροῦ
1203 2605 1245 2659 καί
1257 2609 1301 2659 τού
1314 2604 1435 2676 ἀπρεποῦς
1446 2606 1569 2678 λαμθόνει
1585 2608 1614 2661 τδ
1634 2607 1789 2681 ἐπιχείρημα.
1830 2613 1874 2677 Εἰς

293 2689 357 2754 496,
375 2684 417 2737 15.
431 2685 520 2750 Τίνος;
535 2684 551 2752 η
565 2689 609 2738 τοῖν
624 2687 763 2760 μετοικίου]
783 2688 869 2751 Παίζει
883 2690 978 2756 αύτούς,
993 2694 1040 2747 Tu.
1086 2684 1112 2738 δέ
1122 2689 1194 2738 τοῦτο
1208 2684 1282 2739 έλαόε
1297 2687 1371 2739 τόπον
1385 2692 1481 2758 πριῖιτον
1498 2686 1541 2758 μέν
1557 2687 1666 2752 ἐκεῖνον,
1682 2691 1720 2742 θτι
1735 2690 1829 2745 ἀτοκον
1843 2695 1874 2746 τό

257 2765 446 2833 ραννοκτόνους,
461 2763 549 2835 φησίν,
564 2763 608 2818 ούκ
619 2763 769 2838 ἀπαιτοῦμεν
785 2769 813 2821 τδ
827 2771 959 2841 μετοίκιον.
998 2773 1041 2827 Τε-
1086 2763 1168 2816 δοκεῖν
1186 2762 1280 2818 ἀπατᾶν
1298 2763 1508 2836 τοίςεῦοργέῐοε.
1532 2765 1644 2837 δεῦτερον
1666 2767 1693 2822 δέ
1711 2768 1753 2822 τδν
1766 2767 1815 2824 ἀπό
1828 2779 1873 2826 τοῦ

258 2841 328 2897 λοῖον
341 2843 367 2898 δέ
380 2843 408 2897 τδ
421 2847 529 2897 τοιοῦτο.
543 2844 625 2897 ΤΟΥ.
1087 2843 1244 2913 μαχομένου,
1260 2844 1299 2897 ότι
1311 2843 1354 2897 τδν
1373 2843 1504 2899 ἀπατῶντα
1517 2846 1560 2900 τδν
1577 2847 1657 2918 δῆμον
1672 2848 1808 2918 κολάζετε,
1828 2853 1871 2907 ἐόν

294 2925 356 2993 496,
378 2941 418 2994 ι7.
434 2922 632 2994 ίίροσδαύρισας]
648 2921 734 2977 Εἰπὼν
756 2922 831 2993 ἀτελῆ
851 2918 944 2999 μηδένα
957 2928 1039 2995 εἶναι,
1088 2921 1258 2993 ὖοοοχθμῑνος
1270 2943 1292 2976 τε
1308 2923 1341 2995 μὴ
1353 2925 1457 2997 ποῑίοῃ·
1470 2923 1556 2980 οἰκοῦν
1567 2926 1657 2997 ὁμοίως
1670 2927 1774 3002 αἰσχρόν
1786 2931 1873 2997 αύτούς

257 3000 321 3068 πλήν
335 3008 384 3056 τῶν
397 3001 437 3073 ἀφ’
454 3000 579 3073 Ἁρμοδίου
592 3001 634 3055 καί
646 3000 862 3075 Ἀριστογείτονος,
874 3007 899 3059 οἰ
911 3014 958 3062 τῶν
970 3009 1041 3082 ἱερῶν
1085 3003 1211 3072 φαίνεσθαί
1222 3003 1417 3074 παραδοίνοντοε
1430 3005 1472 3056 τοο
1483 3005 1571 3076 νόμον.
1583 3007 1664 3063 ΤΟΥ.

256 3080 301 3134 ούκ
317 3080 378 3134 εἰσίν
393 3080 497 3142 ἀτελεῖς.
514 3085 544 3135 Ρ.
1124 3076 1256 3149 Ἐπίλογος
1270 3082 1308 3133 ότι
1322 3079 1355 3142 εἰς
1367 3080 1450 3134 πολλὰ
1465 3082 1524 3152 μέρη
1539 3084 1630 3153 διαιρεῖ
1641 3084 1684 3137 τόν
1696 3083 1774 3156 λόγον
1787 3085 1871 3142 ἐπίλο.

292 3164 355 3230 496,
387 3163 428 3216 ιθ.
452 3156 535 3233 Ἐνῷ
557 3160 667 3232 τοσούτῳ
691 3161 720 3214 τό
738 3161 831 3230 πλῆθος
850 3166 923 3238 όντι]
955 3167 1041 3241 Ἐνῷ
1086 3174 1131 3226 γον
1145 3162 1241 3226 πρῶτον
1262 3156 1294 3219 είς
1308 3155 1351 3223 τὴν
1367 3159 1486 3225 ποιότητα
1505 3162 1548 3225 τῆς
1565 3159 1674 3223 πόλεως·
1690 3162 1802 3235 δεύτερον
1823 3165 1873 3221 ἀπὸ

257 3241 341 3312 χρόνῳ
359 3237 385 3292 ἐκ
407 3243 450 3293 τού
464 3240 575 3310 γενέσθαι
589 3239 632 3294 τδν
651 3238 787 3312 Ἁρμόδιον.
826 3244 873 3298 Καί
886 3247 952 3317 ὅμως
964 3248 1041 3311 ούδείς
1086 3239 1129 3288 ῐθΰ
1143 3234 1262 3306 ἆορέποῦς
1271 3236 1312 3289 καί
1325 3235 1428 3308 αἰσχροῦ
1441 3238 1482 3290 καί
1495 3237 1537 3293 ἀπ’
1549 3238 1643 3297 ἄλλων.
1659 3243 1798 3300 BFRSYP.

257 3317 404 3390 ἐλειτούργει
416 3319 519 3373 τούτων·
528 3320 592 3372 ῶστε
603 3319 695 3372 τούτων
708 3318 779 3391 εἰχον
790 3318 826 3375 ὧν
838 3324 868 3376 σύ
879 3324 958 3396 λέγεις
969 3327 1040 3398 ἱερῶν
1121 3318 1183 3383 497,
1203 3319 1247 3379 ού·
1262 3314 1293 3366 Εἰ
1308 3317 1355 3387 γάρ
1367 3335 1402 3379 τις
1415 3318 1495 3371 πάντα
1514 3320 1561 3371 ὅσα
1581 3320 1699 3388 Λεπτίνης
1717 3321 1786 3395 ἐρεῖ]
1804 3325 1873 3380 [ἰατά

258 3397 382 3451 ἀτέλειαν·
399 3397 440 3451 καί
458 3399 577 3468 μαρτυρεῖ
587 3401 633 3461 πᾶς
646 3397 660 3450 θ
672 3400 762 3469 χρόνος
780 3404 831 3464 τοῖς
848 3403 942 3474 λόγοις,
956 3408 1038 3460 Τρν,
1086 3393 1223 3465 συνδρομήν
1237 3398 1309 3450 τοῦτό
1322 3416 1381 3467 φησι
1391 3399 1473 3469 κυρίου
1483 3401 1617 3470 γενομένου
1628 3404 1672 3453 τοῦ
1687 3403 1774 3474 νόμου,
1790 3408 1873 3459 καίτοι

293 3482 356 3547 496,
371 3493 416 3530 21.
432 3475 490 3529 Ούτ’
509 3476 616 3547 ἐνεχθείς
634 3476 735 3549 αύτοῖς]
750 3479 813 3534 Ποτέ
827 3482 972 3553 προύληθείς
994 3505 1040 3556 χο.
1085 3473 1165 3543 κύριός
1179 3473 1244 3538 ἐστι,
1255 3475 1296 3527 καί
1310 3474 1383 3527 λύσαι
1397 3476 1470 3531 αύτδν
1483 3480 1614 3545 ζητοῦσιν·
1627 3478 1693 3531 ἀλλά
1710 3481 1751 3534 καί
1771 3482 1873 3545 λέγουσι

257 3556 343 3626 ρηγεῖν
359 3553 515 3608 ἀντιδίδωκεν
531 3552 630 3617 ἐκείνοις
643 3552 687 3620 τὴν
700 3554 785 3610 ἐαυτοῦ
798 3558 898 3626 υύσίαν,
913 3563 976 3616 ὥστε
988 3562 1040 3617 λει·
1086 3550 1148 3619 μετὰ
1158 3549 1202 3617 τὴν
1216 3552 1293 3622 ῑίίῦῑί
1309 3554 1398 3622 ww
1414 3556 1452 3608 5³1
1464 3554 1486 3607 Εἰ
1499 3555 1565 3609 καὶὸ
1586 3560 1661 3629 νόμος
1671 3560 1759 3626 ἴαλλε»
1779 3563 1870 3633 φησὶν,

256 3636 386 3705 τουργεῖν·
403 3632 475 3704 εἶχον
489 3633 537 3705 γάρ
550 3632 672 3689 ἀτέλειαν.
687 3635 768 3689 ΤΟΥ.
1085 3630 1142 3683 ἀλλ’
1156 3633 1222 3703 ὅμως
1236 3631 1316 3687 έκεῖνο
1329 3633 1432 3706 αἰσχρὸν
1453 3636 1507 3708 ἔχει
1515 3677 1523 3702 ,
1539 3640 1578 3692 ὅτι
1589 3638 1731 3704 ἀπατεῶνας
1744 3641 1808 3714 ύμᾶς
1821 3652 1871 3699 flav

291 3710 335 3774 Οἷς
346 3711 391 3765 υύκ
404 3711 545 3781 ἀκουστέον]
555 3713 697 3784 λεγομένοις
710 3718 786 3767 ταῦτα
797 3714 841 3769 ούκ
855 3716 999 3774 ἀκουστέον·
1010 3724 1039 3775 ἂν
1085 3709 1217 3782 οὖερῖῑῖῶν
1228 3716 1305 3767 ποῑῑῗ·
1326 3714 1426 3786 ἀφαιρεῖ
1434 3715 1482 3787 γάρ
1495 3716 1539 3784 τὴν
1551 3720 1657 3791 δωρεάν.
1674 3722 1751 3777 ΤΟΥ.

258 3790 377 3845 τάναντία
392 3791 474 3863 λέγειν
488 3791 581 3854 τούτοις
592 3791 749 3863 τολμήσωσι,
765 3791 798 3864 μή
809 3793 918 3851 ἀκούετε.
932 3800 1014 3855 ΤΟΥ.
1120 3794 1224 3859 4961·
1251 3790 1353 3863 ὍοῳΥ
1367 3793 1426 3865 ύμῖν
1450 3800 1498 3848 τῶν
1519 3796 1604 3850 ἄλλων
1624 3797 1739 3869 αἴσχιον]
1764 3800 1804 3852 διὰ
1825 3799 1871 3869 τήν

291 3876 354 3941 496,
369 3888 414 3925 αα.
430 3871 487 3924 Ἔτι
500 3871 581 3925 τοίνυν
596 3869 837 3941 ίσωςέπισύροντες]
854 3872 979 3942 ’Λντίθεσις
991 3880 1040 3935 ἀπὸ
1084 3868 1203 3935 ποιότητα
1219 3873 1266 3921 τῶν
1283 3867 1424 3937 Ἀθηναίων.
1461 3872 1525 3945 Πρδς
1538 3874 1602 3928 ἀλλο
1617 3876 1643 3930 δέ
1655 3878 1697 3929 καί
1711 3877 1776 3932 ἀλλο
1795 3879 1872 3935 έλαόε

256 3954 299 4017 τῆς
312 3951 443 4018 ποιότητος
456 3957 504 4004 τῶν
524 3949 671 4021 εἰληφότων.
687 3951 787 4003 BFRY.
809 3951 844 4004 Τδ
859 3953 902 4024 μέν
918 3954 1040 4030 ἐπισύροο.
1084 3947 1126 4001 τόν
1142 3947 1215 4001 αύτδν
1229 3950 1320 4020 νόμον·
1333 3948 1388 4003 ἐκεῖ
1397 3950 1440 4021 μέν
1454 3952 1513 4022 προς
1527 3950 1571 4019 τὴν
1590 3952 1699 4026 ἰγγύηο,
1718 3956 1823 4011 {nawa
1844 3959 1872 4015 ο]

255 4048 294 4091 τες
303 4027 358 4083 ἀντὶ
371 4035 415 4083 τοῦ
426 4030 588 4100 διασύροντες.
611 4028 685 4082 Ἔστι
696 4029 718 4080 δ’
729 4028 745 4096 ἡ
758 4029 877 4095 ἀντίθεσις
890 4034 950 4103 αθτη
965 4039 1038 4094 πάλιν
1084 4026 1143 4097 ποθί
1157 4026 1202 4092 τὴν
1213 4026 1309 4095 ἀπάτην
1323 4035 1372 4081 τῶν
1386 4029 1529 4102 εύεργετῶυ.
1538 4035 1619 4088 ΤΟΥ.

256 4104 304 4159 ἀπδ
317 4110 360 4173 τῆς
376 4108 506 4174 ποιότητος
525 4112 574 4160 τῶν
590 4105 742 4177 εἰληφότων·
762 4108 867 4182 διαφέρει
888 4111 914 4165 δέ
930 4120 967 4185 τῷ
984 4121 1038 4172 κατ’
1119 4109 1182 4175 498,
1198 4111 1225 4162 6.
1239 4107 1272 4160 Εί
1290 4105 1325 4178 ἐφ’
1337 4103 1359 4179 ᾧ
1371 4111 1423 4171 τοῖς
1440 4109 1542 4179 ἀλλοις]
1558 4113 1606 4165 Δεῖ
1617 4111 1660 4183 μέν
1678 4112 1727 4184 γάρ
1736 4113 1768 4167 τό
1778 4112 1871 4187 αἰσχρά

255 4183 340 4255 ἀρχάς
353 4184 396 4255 μέν
414 4182 531 4256 ἀορίστως
549 4184 616 4247 τινίις
633 4184 756 4239 αἰτιᾶσθαι
770 4193 818 4241 τῶν
835 4190 985 4261 εἰληφότων,
999 4195 1039 4249 ἐν.
1083 4186 1198 4257 φεύγειν,
1214 4186 1321 4257 μάλιστα
1339 4188 1366 4241 δέ
1378 4189 1460 4243 ἐκεῖνα
1474 4190 1572 4254 ἀαύτύς
1589 4190 1623 4263 μή
1636 4195 1715 4246 ποιεῖν
1732 4199 1868 4265 παραινεῖς.

255 4264 332 4316 ταῖιθα
345 4262 371 4316 δέ
383 4264 436 4316 κατ’
451 4264 530 4335 ὄνομα
542 4263 675 4334 διαρρήδην
686 4265 799 4335 προήχθη
814 4270 853 4321 ὅτι
865 4271 1039 4344 Μεγαρεῖςχα]
1083 4263 1161 4325 Οἶδας
1180 4265 1228 4335 γάρ
1246 4265 1317 4327 αύτδς
1336 4267 1375 4320 ότι
1390 4269 1499 4339 πονηρά,
1515 4272 1553 4325 διδ
1572 4273 1613 4325 καί
1634 4272 1746 4337 κωλύεις·
1766 4276 1808 4328 καὶ
1823 4276 1869 4328 ἄλ.

254 4340 405 4408 Μεσσήνιοι,
419 4343 477 4412 ὅπερ
491 4342 545 4394 κατ’
558 4340 625 4405 εἰδός
638 4341 711 4396 ἐστιν.
721 4344 802 4399 ΤΟΥ.
1082 4342 1132 4405 λως
1152 4342 1196 4396 ούκ
1212 4343 1317 4414 ἐρεῖςὼς
1337 4344 1381 4398 ούκ
1392 4345 1474 4410 οἶδας·
1492 4349 1563 4415 αύτύς
1575 4351 1622 4423 γίιρ
1635 4353 1677 4405 καί
1690 4352 1866 4427 ἀπηγόρεοσας,

290 4423 353 4488 496,
368 4424 413 4473 26.
431 4420 582 4493 Μαστιγίαι]
595 4421 679 4488 κακοί,
693 4424 812 4494 πονηροί,
827 4429 953 4497 μαστίγων
965 4432 1036 4499 αξιοι,
1082 4422 1163 4476 ΤΟΥ.

254 4496 356 4559 δοῦλοι,
372 4498 444 4568 φησί,
465 4499 506 4550 καί
520 4498 574 4553 σύδέ
592 4494 660 4554 ούτοι
672 4502 793 4571 χρηστοί,
809 4502 919 4559 ἀτέλειαν
940 4507 1035 4579 έχουσι,
1118 4505 1180 4570 499,
1194 4504 1236 4564 Ῑίι·
1252 4499 1336 4564 Ὅπως
1346 4504 1420 4574 μηδὲ]
1435 4503 1470 4558 ὧν
1490 4506 1688 4580 ίόίᾳφολᾶξοῑοΥ
1698 4513 1748 4581 ἂν]
1764 4512 1868 4567 Ἄτοπον

254 4574 373 4642 Λεπτίνης
384 4575 411 4628 δέ
425 4574 511 4648 ἔλεγεν
529 4579 566 4632 ότι
578 4579 620 4632 καί
633 4579 718 4632 δοῦλοι
731 4582 771 4633 καὶ
784 4584 922 4651 Μεσσήνιοι
937 4586 1036 4658 ἐχουσιν
1084 4580 1132 4652 γὰρ
1146 4580 1195 4651 ἰδίᾳ
1214 4582 1257 4651 μί]
1279 4600 1303 4634 tt
1321 4586 1401 4636 πθίῑῗί
1410 4583 1582 4655 ’φυλέῐῖῑοθαῑ
1594 4589 1728 4656 ὡςοαοθίν
1751 4595 1824 4656 ἰθῑοῗί
1841 4592 1868 4646 δέ

257 4651 379 4707 ἀτέλειαν.
420 4652 590 4728 Ἐπισύροντες
609 4658 634 4712 δέ
649 4651 703 4711 οίον
726 4657 856 4732 είςέδαφος
871 4664 983 4729 ἕλκοντες
997 4670 1038 4721 καί
1082 4660 1141 4713 αὖῖο
1155 4661 1277 4713 ποῑῑῗΨῦ
1294 4680 1318 4714 τί
1331 4661 1353 4712 δ’
1368 4663 1398 4715 ἅ]
1413 4682 1448 4727 τίς
1462 4666 1557 4738 &prust
1572 4668 1637 4740 φίλῳ
1650 4668 1727 4734 ίῑίοίι
1740 4647 1867 4742 0¹3¹&-

253 4730 443 4799 διαθάλλοντες,
463 4732 532 4788 ούδέν
551 4735 639 4804 ἀληθές
653 4736 777 4807 λέγοντες.
814 4740 943 4812 Μέμνηται
957 4745 982 4797 δὲ
996 4747 1037 4798 καί
1081 4741 1160 4809 ρεῖται
1174 4737 1258 4791 αύτόν.
1269 4739 1351 4795 ΤΟΥ.

254 4817 304 4865 τῶν
315 4810 459 4884 όνομάτωυ·
477 4813 530 4870 οἶδε
545 4815 594 4888 γάρ
607 4818 645 4868 ότι
661 4815 689 4867 σύ
705 4815 806 4885 βλάπτει
818 4818 901 4877 αύτόν.
918 4824 998 4877 ΤΟΥ.
1117 4821 1180 4887 493,
1198 4833 1242 4872 21.
1270 4816 1325 4889 Ἐφ’
1339 4814 1376 4883 οἷς
1387 4820 1469 4893 ῐῧρῑῐο
1483 4820 1565 4893 ἕλεθ’]
1581 4822 1615 4895 ίίθ
1628 4825 1689 4878 ὄίῐα
1704 4826 1786 4889 ἕξων·
1804 4829 1868 4884 δούτῑ

289 4893 352 4958 496,
378 4893 422 4946 28.
442 4890 521 4945 Ὅταν
545 4896 638 4961 ταῦτα]
662 4890 693 4944 Ἥ
718 4893 784 4957 λύσις
814 4898 876 4951 κατὰ
911 4898 1035 4956 ἔνστασιν.
1081 4895 1171 4965 ἠξιώθη
1187 4898 1216 4951 τό
1233 4896 1301 4970 ἔχειν
1318 4901 1421 4971 δωρεάν.
1445 4902 1475 4955 Ἥ
1491 4904 1517 4958 δέ
1533 4904 1652 4969 σύνταξις·
1665 4905 1866 4983 ἐφόίςτδέχειν

253 4967 374 5028 ΒΤίίΥΡ.
467 4990 471 4999 ·
1082 4978 1163 5050 εύρετυ
1176 4981 1319 5051 γράφεσθαι.
1331 4984 1412 5039 ΤΟΥ.

290 5049 352 5116 497,
368 5064 395 5101 2.
409 5046 480 5120 Ὅτῳ
494 5047 528 5119 μὴ
540 5049 651 5121 ψήφισμα
662 5050 677 5116 ί]
689 5051 782 5124 νόμος]
796 5051 836 5104 διθι
848 5058 891 5106 τού
901 5057 977 5128 νόμου
989 5058 1035 5129 ήή·
1115 5057 1151 5111 Ού
1164 5060 1218 5124 δεῖ,
1233 5061 1321 5131 φασίν,
1336 5061 1402 5133 ἔχειν
1414 5062 1456 5130 τήν
1465 5065 1558 5137 δωρεέιν
1573 5065 1607 5139 μή
1620 5069 1770 5136 πεποιηκότα
1783 5066 1867 5124 ἀκτῖνα

253 5143 339 5194 φισμα.
380 5123 507 5196 Ἔννόμως
518 5126 566 5198 γάρ
580 5128 658 5182 έδίδου
667 5130 777 5202 ψήφισμα
792 5136 835 5184 τού
844 5133 923 5204 δήμου
933 5156 938 5166 ·
949 5136 1035 5207 θμοιον
1082 5136 1117 5208 ἐφ’
1132 5132 1169 5199 οἷς
1187 5138 1262 5205 αύτήν
1274 5141 1365 5212 εύρετο.
1383 5144 1413 5195 Ρ.

253 5200 301 5274 γὰρ
313 5208 348 5271 τῷ
361 5204 439 5276 νόμῳ.
452 5206 532 5261 ΤΟΥ.
1116 5222 1179 5287 496,
1192 5236 1236 5273 σε.
1250 5219 1316 5274 Ιίατὰ
1331 5221 1372 5273 τον
1388 5224 1484 5297 νόμον]
1497 5225 1559 5280 κατὰ
1576 5226 1618 5280 τόν
1632 5225 1717 5285 αδτόν.
1753 5226 1866 5304 Ἧνγδρ
