3967 5967
767 497 809 567 11.
831 496 1079 558 ΟΛΥΠΘΙΑΚΟΣ
1099 495 1134 556 Β.
1692 508 1754 561 541

150 626 322 699 θτισχνιῖσθαι
340 626 489 698 παραδοῦναι
506 623 568 696 ἡμῖν
587 622 632 692 τήν
654 623 805 697 Ἀμφίπολιν.
848 625 933 682 ’Υπισ-
979 646 1024 699 μεν
1042 631 1087 680 τοῦ
1103 627 1234 698 προσώπου
1247 626 1350 697 πότερον
1363 625 1628 698 ψεκτδνήέπαινιτόν.
1665 627 1760 685 Είτοί.

151 708 291 780 χνιῖτογδρ
297 709 385 761 σιύσειν
398 704 473 772 αύτήν
480 709 533 768 τοῖς
545 705 685 774 Ἀθηναίοις,
692 707 713 760 εί
721 705 754 779 μή
760 708 932 779 προσδίξαιντο
978 725 1020 760 νυν
1033 706 1058 760 ἐν
1069 710 1129 761 πᾶσι
1143 710 1196 769 τοῖς
1208 706 1297 760 εἴδεσιν
1309 706 1325 773 ή
1342 709 1442 775 ποιότης
1451 707 1601 776 ἐξετάζεται,
1615 710 1671 763 τίνα
1681 711 1758 782 φήσο·

151 789 206 851 τούς
226 788 367 850 Ὀλυνθίους
385 786 419 850 τίς
431 787 514 858 φιλίαν
533 786 575 839 καί
585 788 729 858 συμμαχίαν
748 788 816 841 δοῖεν
838 787 931 850 αθτοῖς.
978 802 1024 856 μεν
1035 783 1100 838 εἶναι
1112 783 1157 851 τήν
1170 785 1286 856 διαφοράν
1300 784 1349 840 άπό
1367 806 1393 840 τε
1413 792 1462 841 τῶν
1477 788 1561 841 ίλλων
1578 789 1680 843 καὶτῶν
1700 810 1757 844 σκο-

154 866 199 930 ’Et
208 864 244 921 ὧν
257 868 394 929 πεισθίντες
409 864 638 933 ’λθηναῖοιτούτσυς
654 865 783 934 άπήλασαν
796 868 869 933 τίως,
886 868 933 922 πά-
977 869 1045 929 ταῦνς
1058 865 1088 917 τθ
1100 862 1165 927 είδος
1174 866 1346 936 κανονίζομεν.
1362 865 1402 918 Ἀν
1419 864 1462 938 μίν
1481 868 1600 939 τιμωρίαν
1611 866 1759 940 βουλόμενοι

151 945 192 1000 λιν
204 948 231 1001 δί
242 945 315 1018 εἶχον
332 946 391 1017 πρδς
401 944 487 1008 αύτούς
497 946 591 1017 φιλίαν.
628 944 693 1001 Πῖτα
707 946 796 1018 όρῶνό
811 947 934 1009 Φίλιππος
977 941 1065 996 λαθεῖν
1085 941 1130 1009 τὴν
1144 945 1264 1012 ποιότητα
1275 942 1436 1014 ἐξετάζωμεν,
1450 946 1574 999 δικανικὸν
1587 946 1617 999 τδ
1631 944 1711 1010 εἶδος·
1727 949 1758 1002 ἐν

152 1026 191 1080 ότι
206 1025 374 1097 άσθενεῖπρδς
388 1024 531 1088 Ὀλυνθίους
542 1025 700 1097 μαχόμενος,
713 1025 754 1078 διδ
764 1026 793 1080 τδ
806 1023 840 1097 μή
856 1027 933 1079 καθα·
977 1021 1004 1076 δέ
1015 1022 1074 1094 πρὸς
1087 1023 1116 1077 τὸ
1138 1026 1258 1096 συμφίρον
1280 1022 1473 1089 άποόλίπσντες,
1492 1026 1713 1097 συμόουλτυτικόν·
1728 1028 1758 1081 &v

151 1112 198 1177 ρι’ῦς
207 1106 343 1173 ἀποστῆναι
355 1103 434 1158 αῦτδνν
443 1104 499 1166 τούς
510 1102 665 1172 Ἆθηναίους,
677 1106 841 1177 χαρισάμενος
850 1104 934 1167 αύτοῖς
976 1100 1004 1154 δέ
1014 1102 1074 1173 πρὸς
1085 1104 1114 1157 τδ
1124 1102 1201 1157 καλὸν
1212 1104 1288 1176 μόνον
1302 1108 1463 1171 σκοποῦντες,
1473 1103 1633 1160 ἐπιδεικτικὸν
1646 1107 1758 1178 γίγνεται

151 1185 197 1253 τήν
222 1187 355 1240 Ποτίδαιαν
371 1183 505 1252 άττίστησεν
529 1182 673 1252 Ἀθηναίων·
698 1184 758 1256 φησί
776 1184 825 1256 γάρ
841 1186 879 1238 ότι
892 1183 934 1238 καί
977 1181 1094 1245 τδείδος.
1107 1185 1156 1239 RS.

149 1267 251 1329 τούτους
262 1265 397 1333 ἠπάτησεν.
434 1264 500 1336 Ὅρα
513 1261 616 1328 δθπῶς,
632 1263 707 1320 εἰπὼν
720 1263 858 1333 Ἀθηναίους
869 1263 933 1332 ήπα
1013 1260 1220 1331 Τθθρυλούμτνόν
1233 1262 1437 1332 ποτε]ίίίγουσιν
1452 1263 1490 1315 θτι
1504 1262 1588 1316 Πύδνα
1598 1265 1692 1335 χωρίον
1706 1264 1760 1316 θία-

151 1347 239 1414 τῆσθαι
262 1346 304 1399 καί
325 1344 483 1408 Ὀλυνθίους,
506 1343 561 1406 τούς
584 1341 719 1411 ’λθηναίους
736 1342 875 1415 προίταξεν,
890 1343 933 1396 ίνα
977 1341 1104 1406 κιδονίας,
1125 1341 1245 1395 Ποτίδαια
1267 1339 1294 1394 δέ
1311 1343 1355 1406 τῆς
1378 1339 1486 1410 Θρᾴκης·
1511 1340 1589 1408 καλή
1614 1341 1656 1413 μίν
1675 1342 1759 1395 Πύδνα

150 1426 301 1496 συγγνώμην
321 1422 412 1493 ίχωσιν
430 1421 557 1477 Ὀλύνθιοι
571 1422 679 1494 δεύτεροι
698 1422 855 1496 άπατιύμενοι
871 1421 934 1495 μετὰ
977 1420 1083 1487 ύπήκοος
1103 1417 1134 1488 ήν
1157 1419 1327 1492 Φιλίππιρ,η
1352 1419 1379 1473 δί
1400 1421 1520 1474 Ποτίδαια
1539 1424 1592 1483 τοῖς
1615 1421 1757 1489 Ἀθηναίοις.

154 1500 291 1570 Ἀθηναίους
310 1503 367 1564 τοῦς
380 1503 545 1573 σοφωτάτους·
561 1502 590 1556 τδ
600 1501 660 1557 αῦτδ
671 1503 698 1557 δέ
708 1503 872 1575 θρυλούμενον
889 1501 932 1573 μίν
981 1497 1096 1571 Ἐγίνετο
1107 1501 1134 1554 δέ
1145 1520 1204 1554 ποτα
1218 1497 1262 1565 τὴν
1278 1498 1321 1570 μίν
1334 1499 1467 1552 Ποτίδαιαν
1488 1498 1623 1567 ἀντιστῆναι
1640 1501 1699 1572 πρὸς
1709 1502 1759 1555 Φί-

150 1580 207 1650 παρ’
219 1579 292 1651 ἡμῖν,
308 1578 444 1652 άπόρρητον
456 1580 619 1653 δίπαρὰτοῖς
634 1580 759 1649 Ἕλλησιν
776 1583 816 1639 όν.
833 1582 931 1636 S'PCV.
977 1577 1078 1645 λιππσν,
1093 1577 1138 1646 τήν
1155 1578 1181 1633 δέ
1193 1580 1289 1632 Πύδναν
1302 1579 1361 1650 πρὸς
1371 1581 1426 1643 τούς
1440 1578 1588 1648 Ἀθηναίους.
1630 1580 1759 1653 Ἕκάτερσι

185 1658 302 1731 Σκοπίῦν]
319 1659 402 1713 αῦτόν.
415 1661 446 1714 Ρ.
977 1655 1022 1721 δὲ,
1037 1658 1063 1710 οἵ
1076 1677 1103 1711 τε
1116 1657 1237 1725 1Αθηναῖοι
1248 1658 1313 1711 καλό
1324 1658 1460 1725 Φίλιππος,
1473 1664 1522 1712 τῶν
1535 1658 1602 1713 ίδίων
1613 1659 1757 1733 ἐπεθύμουν.

188 1753 235 1806 192
248 1741 294 1801 εί·
306 1736 358 1806 Τὴν
374 1738 417 1810 μέν
428 1737 549 1811 ἡμιτίραν
561 1738 689 1811 σδήθειαν]
703 1740 754 1795 Ούκ
765 1737 834 1794 εἶπεν
850 1739 934 1811 ύμκτί·
976 1737 1059 1791 Τοῦτο
1076 1732 1120 1791 οθν
1135 1736 1220 1809 ίλιγεν
1237 1737 1251 1790 ό
1265 1737 1399 1804 Φίλιππος,
1415 1740 1454 1793 ότι
1465 1739 1494 1792 τδ
1506 1739 1671 1811 θρυλούμενον
1686 1746 1760 1796 τοῦτο

149 1834 205 1886 ραν,
219 1816 303 1871 διὰτὸ
317 1817 422 1890 ἐπαχθὲς
437 1819 480 1872 καλ
494 1818 580 1872 ίαυτθν
596 1820 723 1873 συνάπτων
736 1818 932 1892 τῷίγκλήματι.
977 1814 1019 1868 καί
1029 1817 1181 1887 ποθούμενον
1195 1814 1221 1869 ἐν
1241 1815 1371 1888 ἀπορρήτῳ
1380 1819 1562 1872 κατασκευάσω.
1600 1821 1758 1878 Διάτίδίέν

150 1893 218 1947 Φασλ
227 1897 253 1950 δί
261 1915 324 1958 τινες
335 1897 463 1968 σημαίνειν
473 1897 518 1964 τήν
528 1897 638 1964 εύήθτιαν
651 1899 701 1971 [ού]
713 1901 817 1953 πάντοτε
828 1892 932 1970 μωρίαν,
980 1893 1112 1967 άπσρρήτιρ
1122 1916 1129 1962 3
1141 1896 1186 1948 ἵνα
1196 1893 1230 1968 μή
1246 1894 1355 1968 ἑκάτεροι
1376 1897 1493 1968 μαθόντες
1503 1898 1669 1968 φυλάξωνται,
1690 1903 1717 1955 οἵ
1731 1921 1758 1958 τε

152 1971 210 2025 άλλ’
226 1973 292 2028 ἐστιν
316 1976 356 2029 ότε
374 1979 501 2046 πραότητα
518 1978 560 2029 καί
573 1975 701 2032 ἐπιείκειαν
715 1977 759 2031 καί
776 1977 806 2032 τθ
820 1977 930 2032 ἁπλοῦν·
977 1974 1136 2028 Ποτιδαιᾶται
1152 1975 1194 2029 καί
1209 1977 1233 2028 οἱ
1249 1976 1376 2031 Πυδναῖοι.
1414 1975 1558 2048 Θεόπομπος
1574 1979 1601 2033 δί
1616 1999 1690 2051 φησιν
1716 1983 1756 2036 ότι

152 2052 212 2123 ὅπερ
226 2054 268 2105 καὶ
279 2057 323 2105 νῦν
340 2054 454 2125 βούλεται
467 2055 605 2126 σημαίνειν.
621 2056 723 2110 mcv.
743 2053 879 2125 Ἆπλότητα
892 2057 934 2110 καί
977 2055 1032 2124 περί
1043 2055 1138 2122 Πύδνης
1150 2055 1225 2127 μόνον
1240 2054 1282 2107 καί
1294 2055 1439 2120 Φιλίππου,
1451 2057 1495 2111 ίνσ
1504 2060 1540 2130 δῷ
1550 2059 1621 2123 αύτδς
1633 2061 1676 2133 μὲν
1689 2060 1759 2131 Ἆθη·

150 2129 338 2203 άπονηρευσίαν.
353 2135 384 2187 ί).
978 2133 1054 2195 ναίοις
1077 2132 1230 2206 Ἀμφίπολιν,
1252 2132 1347 2202 δέξηται
1371 2137 1398 2189 δὲ
1419 2137 1476 2206 παρ’
1496 2138 1575 2192 αύτῶν
1595 2139 1640 2206 τήν
1661 2141 1758 2196 Πύδναν

186 2211 282 2267 Τδκατ’
293 2212 506 2285 άρχὰς]Πράττους
515 2212 780 2288 ἐδειξτνήπατημίνους
792 2214 933 2283 Ἀθηναίους
977 2208 1149 2267 αύτοῦυύσιιν.
1188 2213 1278 2267 Παλτδ
1292 2213 1484 2285 άπόρρητονδέ,
1498 2216 1542 2269 ἵνα
1556 2215 1590 2289 μή
1607 2221 1724 2290 μαθόντες
1734 2223 1759 2277 οί

150 2292 242 2362 σφόδρα
253 2293 337 2355 δεινῶς
348 2293 435 2355 αύτούς
451 2292 557 2358 ἐκείνους
569 2296 689 2366 μάρτυρας
706 2298 750 2361 τῆς
764 2294 874 2357 άπιστίας
885 2294 933 2347 Φι·
978 2293 1097 2347 Πυδναῖοι
1116 2293 1279 2365 φυλάξωνται.
1317 2294 1352 2347 Ού
1367 2292 1560 2366 γὰρέόούλοντσ
1573 2298 1639 2353 εἶναι
1657 2301 1759 2356 ύπδτδν

56 2400 59 2405 -
149 2370 238 2424 λίππου
260 2372 420 2443 ποιούμενος,
438 2369 495 2426 εἶτα
511 2375 553 2427 καί
564 2374 667 2428 πιθαυθν
686 2380 762 2429 ποιῶν
781 2373 811 2428 τδ
825 2373 933 2435 πολλούς
977 2373 1115 2428 Φίλιππον.
1128 2374 1227 2428 STCV.

151 2447 241 2511 άλλους
252 2439 392 2516 ήπσῖτῆσθαι
404 2450 470 2522 παρά
479 2456 522 2505 τοῦ
532 2453 680 2515 Μακεδόνος.
719 2453 750 2506 Et
757 2454 806 2525 γάρ
817 2455 841 2507 σί
853 2456 932 2525 σοφόν·
1017 2470 1060 2523 19,
1075 2456 1120 2508 σθ.
1139 2451 1189 2518 Τήν
1203 2453 1226 2505 δ’
1244 2451 1380 2507 Ὀλυνθίων
1397 2453 1496 2527 φιλίαν]
1513 2453 1570 2510 'Aah
1584 2463 1667 2512 κοινοῦ
1681 2460 1710 2514 τδ
1720 2461 1759 2515 τύ·

149 2536 275 2583 τατοιτιῖιν
289 2527 419 2597 Ἑλλήνων
431 2530 602 2599 ἠπατήθησαν,
614 2534 639 2586 τί
647 2533 782 2604 παράδοξον
793 2533 934 2595 Ὀλυνθίους
977 2532 1053 2602 ρίσκω
1066 2533 1297 2604 προσαγαγόμενον.
1335 2531 1400 2603 ’Ὀρα
1418 2532 1494 2587 δλύτι
1508 2533 1547 2589 ἐπὶ
1568 2536 1611 2607 μέν
1626 2536 1759 2608 Ἀθηναίων

149 2607 191 2659 καὶ
205 2608 358 2673 θετταλούςς
373 2610 432 2681 πρὸς
446 2610 472 2663 δὲ
489 2611 587 2673 τούτους
603 2612 646 2665 καλ
660 2614 790 2679 συνέστησε
803 2612 848 2679 τήν
863 2613 933 2669 ποιά·
978 2610 1089 2678 εύήθειαν
1101 2610 1181 2677 εἶπεν,
1196 2609 1236 2665 ἐπί
1247 2611 1274 2665 δέ
1295 2609 1431 2665 ’Ὀλυνθίων
1449 2612 1542 2684 φιλίαν.
1557 2616 1620 2669 sTc

148 2704 211 2752 τητα
224 2692 273 2740 τῶν
287 2686 434 2742 Ὀλυνθίων.
457 2687 504 2743 Ἐκ
515 2690 610 2744 πολλοῦ
627 2690 675 2762 γὰρ
690 2687 718 2744 εδ
730 2692 862 2747 διάκεινται
875 2693 934 2766 πρδς
1012 2706 1058 2759 20,
1076 2708 1100 2745 τ.
1112 2691 1278 2762 Συμμάχους]
1294 2691 1350 2753 τούς
1363 2690 1533 2755 Ποτιδαιάτας.
1548 2696 1596 2751 SP.

149 2765 194 2831 τήν
207 2765 290 2820 πόλιν.
307 2767 357 2820 Rs.
1013 2785 1058 2834 σο,
1074 2785 1101 2823 υ.
1124 2768 1259 2841 Ἐκείνοις]
1271 2768 1327 2835 ήτοι
1342 2772 1396 2832 τοῖς
1404 2770 1539 2826 Μακεδόσι.
1552 2773 1579 2826 S.

188 2860 231 2913 19,
245 2842 289 2896 25.
301 2841 452 2909 ’λπήλαυνόν
463 2847 535 2917 τινες]
546 2847 604 2900 Δέον
613 2846 689 2902 εἰπεῖν
699 2847 842 2916 ἀπηλάσατε
852 2849 931 2922 ύμεῖς,
1012 2844 1150 2910 δετταλοῦς
1162 2848 1189 2902 δέ
1204 2849 1263 2918 νῦν]
1276 2846 1384 2911 Εἰκότως
1394 2848 1449 2910 τούς
1460 2848 1597 2913 Θετταλούς
1606 2851 1759 2918 τελευταίους

150 2920 228 2993 ήγὰρ
238 2920 309 2983 πόλις
322 2924 389 2977 παῖσα
402 2919 458 2990 ήνί]
471 2928 543 2977 τοῦτο
555 2925 678 2992 ποιήσασα
689 2946 695 2957 ·
707 2926 722 2979 ό
735 2926 761 2980 δέ
773 2926 806 2990 είς
819 2929 874 2991 τούς
887 2929 931 3001 δή·
976 2923 1103 2993 ήπάτησεν
1115 2926 1149 2990 ῖος
1164 2926 1272 2999 εύγιρεῖς
1285 2928 1358 2990 δντας
1377 2928 1419 2981 καί
1439 2925 1473 2998 μὴ
1492 2930 1635 2996 δυνηθίντας
1648 2932 1697 2987 άπὸ
1716 2939 1759 3001 τῆς

150 3019 222 3072 τορας
242 2999 377 3055 διωθεῖται
402 3002 431 3055 τὸ
454 3001 579 3075 ἔγκλημα.
622 3004 792 3076 Ἐρρανςικῶς
814 3008 841 3061 δὲ
863 3007 932 3064 dm
984 3000 1121 3058 Ὀλυνθίων
1137 3006 1180 3059 καί
1196 3004 1325 3073 Ἀθηναίων
1340 3004 1757 3078 άπάτηςσωφρονισθήναι.ΒΠ8λί.

151 3078 330 3147 ίνθίνδε,οίον
344 3080 393 3135 άπθ
405 3087 453 3135 τῶν
471 3079 612 3150 Ἀθηναίων,
629 3082 677 3138 άπδ
689 3088 732 3139 τοῦ
744 3087 837 3158 χωρίου
852 3090 932 3161 ὥσπερ
1013 3099 1064 3149 2⁰,
1080 3086 1106 3138 5·
1119 3084 1221 3157 Ὄθωε]
1237 3084 1355 3139 λι(θθθθῡθο
1368 3087 1418 3139 BS·
1432 3085 1507 3140 ’Ἐπὶ
1524 3085 1551 3140 δέ
1565 3087 1594 3141 τὸ
1612 3093 1699 3162 σχῆμα
1717 3110 1760 3145 πε-

151 3165 195 3215 τοῦ
210 3160 382 3232 Ἐλίου(ύπερ
396 3161 480 3233 βωμὸν
491 3160 545 3232 ἔχει
554 3166 597 3216 τοῦ
612 3161 722 3218 Ἐλίουθ
742 3165 790 3219 άπὸ
801 3172 850 3220 τῶν
869 3165 934 3235 Ἀθη·
976 3162 1061 3232 ριοχή.
1075 3164 1103 3217 S.

150 3241 225 3293 ναίων
239 3239 266 3293 ἐκ
278 3244 321 3293 τοῦ
335 3242 445 3312 δευτέρου
459 3241 520 3312 μετά
540 3248 584 3295 τοῦ
606 3240 645 3297 Ἦ.
665 3244 726 3298 cod.
741 3248 771 3301 B.
781 3244 803 3318 ),
819 3245 878 3300 ἔνθα
892 3249 933 3301 καί
1014 3239 1117 3295 Ὅνττνα
1128 3241 1156 3296 οῦ
1166 3242 1340 3314 πεφενάκικεν]
1354 3240 1425 3296 Ἐπεί
1438 3244 1601 3314 στρατηγικὸν
1616 3242 1763 3300 εἶναιδοκεῖ

154 3316 318 3390 Ἡρακλεῖδαι
344 3318 482 3388 ἐσώθησαν,
508 3319 650 3388 ἀπήλαυνον
673 3318 741 3378 οῦτοι
766 3325 822 3388 τούς
843 3326 931 3390 ίτίτας.
976 3319 1152 3394 τὸφῑθαείίῑῑί
1168 3323 1224 3384 τοὺς
1234 3321 1380 3393 πολεμίους,
1393 3320 1434 3374 ῧῑθ
1446 3321 1666 3389 ῐῦθῐῠίθθλλᾱθῑθ
1684 3323 1759 3379 εἶπὼθ

150 3401 295 3453 BERSTV.
976 3405 1026 3452 τῶν
1038 3399 1105 3473 αύτῷ
1118 3402 1293 3472 χρησαμένων,
1306 3403 1345 3455 δτι
1356 3401 1480 3462 Φίλιππος
1499 3400 1528 3454 ού
1545 3402 1601 3464 τούς
1613 3403 1758 3474 πολεμίους,

186 3480 270 3549 Τινες]
284 3479 307 3532 οί
325 3480 405 3551 τούτῳ
418 3480 587 3551 χαριζόμενοι.
601 3483 631 3537 P.
977 3475 1043 3528 ἀλλὰ
1059 3478 1115 3540 τούς
1127 3477 1211 3549 φίλους
1232 3476 1330 3550 άπατᾷ·
1350 3483 1424 3533 τοῦτο
1443 3478 1469 3533 δί
1482 3478 1593 3542 άπιστίας
1612 3482 1757 3552 τεκμήριον.

189 3574 231 3625 19,
246 3573 290 3626 27.
303 3557 337 3609 Τδ
352 3556 533 3630 θρυλούμενον]
553 3557 652 3614 Ἧετάτα
670 3560 717 3633 γὰρ
729 3560 794 3634 ἡμᾶς
812 3563 893 3636 λέγων
904 3564 933 3618 τδ
976 3553 1080 3626 Εἴρθῐᾰῑ
1089 3556 1115 3611 δέ
1125 3557 1141 3625 θ
1153 3557 1215 3620 λέξις
1227 3557 1275 3611 ἐπὸ
1288 3562 1332 3625 τῆς
1342 3559 1447 3629 φενάκης
1454 3598 1462 3625 τ
1473 3561 1516 3625 τῆς
1524 3560 1659 3630 πρυῦθῑτῆς
1669 3561 1758 3632 κόμης,

151 3635 314 3706 θρυλούμενον
328 3638 384 3708 παρ’
401 3636 460 3706 ύμῖν
474 3638 607 3707 κατορθοῦν
624 3636 649 3691 ἐν
661 3637 803 3713 ἀπορρήτῳ·
818 3640 933 3713 ἐθρύλουν
977 3634 1030 3701 ἥτις
1042 3636 1123 3690 ἕνεκεν
1140 3635 1233 3704 άπάτης
1250 3636 1360 3708 γίνεται·
1374 3637 1543 3707 προσποιεῖται
1555 3636 1603 3709 γάρ
1614 3639 1760 3710 περιτιθίναι

151 3714 199 3786 γίιρ
213 3717 275 3770 πάνυ
289 3716 349 3770 αύτδ
362 3719 503 3780 ποθοῦντες.
526 3714 555 3771 ‘0
569 3719 596 3773 δὲ
608 3725 677 3785 νοῦς,
694 3720 767 3784 αύτδς
780 3724 838 3794 όπερ
859 3723 932 3790 ήᾶρή.
977 3714 1071 3784 κόσμον
1087 3715 1160 3785 όνπερ
1176 3714 1204 3768 ού
1218 3717 1341 3783 κέκτηται.
1358 3716 1483 3773 FIOEV.

150 3793 240 3861 λεσθε,
261 3798 334 3849 τοῦτο
355 3799 456 3862 ποιῆσαι
475 3795 546 3868 ἔλεγε
561 3800 620 3870 σιγῇ
628 3838 636 3864 ,
649 3799 693 3851 ἵνα
714 3797 747 3870 μή
771 3802 888 3871 μαθόντες
909 3804 933 3856 οί
1012 3808 1057 3858 20,
1071 3795 1097 3848 3·
1113 3788 1299 3867 'omp0BV-]
1313 3795 1468 3866 Σῦίίῑίωθίί·
1485 3792 1636 3867 ίίθθίίθμθθ
1647 3796 1760 3851 ”mm

150 3872 256 3928 ἐναντίοι
272 3875 425 3930 κωλύσωσιν,
466 3876 579 3932 ’Έστιδθ
596 3879 703 3932 τοῦτοό
727 3879 848 3952 Ὧρωπός.
885 3884 933 3939 'lv'
981 3869 1125 3926 θολωθία·
1138 3874 1235 3926 BTCP·
1249 3872 1354 3945 Ὅσθῑθι
1369 3873 1438 3945 W,
1453 3873 1545 3941 ῧῑέἵῆς
1559 3874 1760 3948 ἐῖθθίαῦίίῖθί*

150 3948 204 4019 ούν,
217 3955 292 4025 φησί,
307 3953 341 4026 μή
354 3955 531 4010 ἐναντιωθῶσιν
545 3957 569 4011 οἱ
582 3957 698 4026 Θηῦαῖοι,
711 3960 790 4031 λάθρα
801 3961 860 4016 αῦτδ
873 3984 932 4020 κατ·
977 3951 1063 4021 istm>
1071 3951 1148 4015 05³⁰>ss
1156 3952 1249 4024 ὄφῑίλῑῑ
1259 3953 1300 4006 θῑέ
1311 3958 1354 4021 τῆς
1363 3956 1479 4025 γίώῦῑως
1491 3955 1664 4026 Μύαῑρεθῆίαῑ
1673 3956 1759 4012 πάλιν.

149 4035 230 4103 ορθοῖ.
267 4033 318 4088 Ἦν
337 4035 384 4108 γὰρ
399 4034 489 4107 μεταξυ
499 4040 543 4104 τῆς
557 4039 677 4102 Βοιωτίας
688 4040 787 4094 καὶτῶν
803 4039 932 4111 Ἀθηναίων
976 4030 1076 4086 RSTV·

150 4112 165 4165 ί
181 4112 300 4184 Ὠρωπὸς,
316 4116 376 4169 ΑΗ,
1012 4125 1057 4176 σο,
1078 4128 1120 4164 το.
1135 4109 1181 4163 Διδ
1193 4112 1305 4185 τούτων]
1319 4111 1487 4184 άγνοοόντων,
1499 4113 1541 4166 καί
1559 4112 1599 4166 διδ
1610 4119 1684 4169 τοῦτο
1696 4115 1759 4169 άπα·

185 4191 270 4244 Οθτδν
283 4191 407 4314 Ὧμυπδν,
416 4194 497 4266 ὥσπερ
504 4193 530 4249 ἐν
539 4196 637 4268 τῷκατ’
647 4196 764 4269 Αἰσχίνου
771 4201 811 4271 (p.
820 4204 882 4266 όήθ,
894 4205 930 4273 1),
975 4191 1104 4256 ί’θθίίῖωθ
1119 4193 1149 4246 Ρ·

149 4262 274 4331 σημαίνει,
285 4262 316 4314 άλ
335 4262 433 4331 ’ἐπειδὴ
447 4264 594 4337 ’θμφίπολιν
602 4266 646 4335 τήν
657 4267 697 4323 ἐπὶ
705 4270 801 4343 Θρᾴκης
811 4270 932 4343 ύπίσχετο
1011 4270 1058 4323 Διὰ
1071 4278 1119 4325 τῶν
1133 4272 1229 4341 αύτῖον]
1243 4271 1276 4334 είς
1292 4276 1384 4342 γνῶσιν
1404 4270 1528 4324 ἐλθόντων
1547 4273 1586 4325 ότι
1605 4271 1756 4341 ήπάτηνται·

149 4341 237 4392 σιύσειν
260 4343 467 4415 (παραδώσεινθ)
485 4348 538 4407 τοῖς
554 4344 702 4414 Ἀθηναίοις,
728 4348 751 4403 εί
775 4348 809 4421 μή
830 4353 931 4423 προσδί-
976 4349 1081 4403 διθκατ
1096 4350 1339 4422 αύτοῦίρμήσουσιν,
1353 4351 1384 4402 Ρ.

149 4416 232 4478 ξαιντο
244 4419 300 4481 τοῦς
312 4417 463 4485 Ὀλυνθίους.
500 4424 535 4476 Τδ
547 4424 574 4478 δί
586 4425 656 4491 αύτδ,
671 4428 700 4482 τδ
712 4429 876 4501 θρυλούμενον
888 4431 932 4505 μίν
1011 4446 1056 4495 20,
1074 4447 1115 4483 11.
1130 4430 1223 4483 Ἕνεκα
1234 4429 1338 4499 ἐαυτοῦ]
1347 4427 1406 4480 ἀλλ’
1415 4427 1463 4498 σύγ
1476 4429 1546 4480 ῖνεκα
1559 4427 1647 4483 αύτῶν.
1664 4432 1694 4484 Ρ.

150 4497 207 4567 παρ’
218 4496 289 4568 ύμῖν,
304 4497 441 4570 ἀπόρρητον
456 4500 482 4555 δθ
495 4502 560 4573 παρὰ
572 4505 625 4566 τοῖς
636 4503 762 4574 Ἕλλησιν
776 4509 814 4561 δν.
852 4509 897 4561 Διὰ
908 4513 932 4564 τί
981 4522 985 4527 “
1011 4526 1057 4575 σο,
1076 4526 1118 4563 τυ.
1135 4510 1247 4581 Καιροῦ]
1265 4507 1321 4562 δντλ
1334 4512 1378 4561 τοῦ
1392 4507 1503 4579 άτυχίας.
1518 4509 1567 4563 BS.

150 4575 176 4629 δέ
186 4575 356 4650 ύποσχόμενος
371 4575 484 4651 ἐπίορκον
496 4580 602 4653 ἐλίγξειν
614 4584 658 4639 τδν
667 4587 802 4654 Φίλιππον,
822 4590 931 4664 οὗδαμοῦ
1011 4604 1055 4653 20,
1073 4592 1114 4651 τό.
1133 4588 1281 4658 Παρελθὼν]
1295 4586 1330 4639 ’ίδ
1341 4589 1428 4657 σχῆμα
1437 4586 1579 4657 πρόκλησις.
1592 4588 1689 4644 BTCP.

148 4656 204 4728 περ]
214 4655 335 4728 ἐπῑθρείθς
348 4655 542 4729 ἐμνημόνευσενς
559 4663 598 4715 δτι
609 4662 641 4726 ὡς
656 4664 858 4739 ὁμολογούμενον
872 4668 931 4722 αύτδ
1010 4665 1116 4719 Μᾶλλον
1129 4667 1151 4719 δ’
1161 4666 1220 4737 ύμῖν
1231 4665 1349 4736 δειξάτω]
1370 4665 1406 4718 Tb
1418 4663 1687 4737 σχήμαέπιδιίρθωσις.
1701 4668 1756 4725 m

147 4737 274 4808 παρέλιπε.
312 4735 394 4804 Δῆλον
414 4737 461 4808 γάρ
475 4739 513 4791 θτι
524 4738 550 4793 ἐν
563 4735 601 4804 οίς
612 4744 750 4799 συνετίθετο
762 4746 820 4817 πρὸς
830 4746 872 4809 τίς
885 4748 930 4801 πό·
974 4746 1053 4799 Τοῦτο
1066 4746 1165 4817 λέγεται
1177 4745 1350 4818 ἐπανόρθωσις.
1389 4745 1420 4797 El
1434 4743 1477 4817 ἐμέ
1490 4742 1548 4816 γάρ,
1562 4744 1646 4815 φησίν,
1659 4743 1757 4809 άνάξιον

148 4816 199 4878 λαις
211 4817 253 4870 καί
269 4816 354 4887 όρκους
366 4815 463 4884 ἐδίδου,
478 4820 606 4891 παρίόαινε
618 4822 645 4876 zi
657 4823 700 4887 τὰς
713 4827 845 4894 συνθήκας,
858 4829 930 4899 παρί-
975 4826 1071 4898 νομίζει
1087 4830 1132 4880 τοῦ
1147 4827 1245 4898 μαθεῖν,
1258 4825 1318 4897 ύμῖν
1330 4825 1442 4889 δειξάτω.
1479 4823 1544 4895 Ὅρα
1562 4824 1589 4878 δέ
1602 4830 1652 4886 πῶς
1671 4826 1700 4879 τί)
1713 4826 1757 4897 μίν

148 4893 216 4948 ὅθῑίῑ
227 4894 269 4948 καί
277 4895 333 4958 τθθς
344 4896 438 4966 ὅρκους.
459 4896 518 4951 Ἔτι
529 4899 589 4971 πρθς
597 4902 676 4976 τούτῳ
688 4902 788 4958 κάκεῖνο
801 4909 928 4974 ζητητίον.
974 4907 1114 4982 άμφίόολον
1128 4910 1220 4983 ἔφυγε,
1235 4910 1264 4964 τδ
1278 4909 1305 4963 δὲ
1316 4908 1519 4980 ὁμολογούμενον
1536 4907 1634 4961 ίλαότν.
1676 4907 1758 4981 Ἀμφί·

149 4971 309 5045 Καταδρομήν
328 4977 435 5031 ποιεῖται
455 4982 499 5031 τοῦ
513 4978 672 5048 Μακεδόνος,
689 4984 743 5035 καθ’
759 4986 789 5052 ἣν
812 4989 931 5055 ποιότητα
975 4987 1050 5041 όολον
1066 4987 1109 5059 μέν
1124 4988 1173 5060 γάρ
1184 4988 1213 5041 τδ
1230 5009 1242 5038 ι
1262 4987 1357 5059 λεγίτω
1371 5006 1412 5056 μοι
1426 4987 1464 5039 δτι
1478 4984 1522 5038 οῦκ
1535 4984 1601 5038 ἐστιν
1614 4984 1724 5053 άσθενής.
1742 5009 1755 5036 κ

148 5050 251 5115 ἐξετάζει
264 5055 293 5109 τδ
303 5057 445 5127 πρόσωπον,
459 5058 501 5111 καλ
509 5059 587 5131 φαμὲν
598 5059 663 5114 εἶναι
674 5063 878 5133 οτομῦουλευτικθν
888 5067 930 5120 τόν
974 5067 1010 5120 'fb
1022 5066 1048 5121 δέ
1061 5067 1274 5140 ὁμολογούμενον,
1293 5087 1304 5116 ι
1323 5066 1362 5119 δτι
1376 5066 1400 5118 οί
1420 5064 1597 5136 ίξηπατημένσι
1613 5063 1642 5117 ού
1659 5067 1756 5120 πιστεύ·

148 5131 236 5202 λόγον.
276 5132 383 5207 Ὀμοίως
394 5136 420 5191 ἐν
430 5145 466 5211 τῷ
479 5139 541 5193 κατὰ
554 5139 747 5212 Ἀριστοκράτους
756 5142 801 5210 τὴν
811 5147 930 5215 ποιότητα
978 5165 1099 5201 ισουσιν.
1117 5148 1286 5202 »BHSTCV.
1304 5145 1401 5199 Eadem
1411 5145 1500 5217 paullo
1513 5145 1588 5198 aliter
1600 5147 1657 5200 An.

148 5208 251 5274 ἐξετάζει
265 5212 309 5279 τθν
330 5217 488 5290 Χαριδήμου,
507 5221 548 5273 καί
561 5221 638 5292 φαμὲν
658 5221 723 5275 εῖναι
742 5224 866 5278 δικανικόν
887 5227 929 5280 τδν
1010 5243 1059 5293 πο,
1076 5244 1119 5297 ιγ.
1138 5227 1209 5299 Παρδ
1228 5224 1274 5293 τήν
1292 5224 1372 5279 αῦτῶν
1386 5224 1471 5293 άξίαν]
1483 5226 1640 5291 Τοῦτο,ίνα
1652 5226 1755 5283 πιθανθν

149 5290 235 5363 λόγον.
279 5291 386 5366 Ὀμοίως
401 5296 428 5352 ἐν
441 5302 494 5363 τοῖς
506 5299 676 5365 ἐπιδιικτιποῖς
685 5302 805 5372 ποιότητα
821 5302 930 5369 ἐξιτάζσ·
974 5308 1065 5381 ποιήσῃ
1083 5309 1121 5362 δτι
1132 5306 1178 5374 τήν
1199 5306 1337 5378 ἐλευθερίαν
1349 5304 1526 5377 άγαπήσουσιν.
1544 5304 1571 5361 S.
