3967 5967
669 482 781 544 xvm.
804 484 895 546 ιιευι
917 486 995 547 τοι
1017 473 1232 555 εἰεοιινοτ.
1692 482 1774 550 ειο·

191 609 233 665 Ἐν
247 609 275 665 ού
285 610 364 664 δέοντι
379 610 576 684 ιωμῦεθηκυῖιιν]
590 610 718 675 Ὀνειδίζει
731 614 820 685 τρόπον
830 613 885 669 τινά
894 619 930 686 τῷ
975 611 1075 680 Ἐπειδὴ
1090 613 1158 669 είπεν
1172 613 1216 669 ούκ
1229 612 1284 677 εἰξα
1293 614 1345 677 οῦδ·
1358 613 1522 685 ύπεχώρησα,
1538 614 1580 667 καί
1594 614 1685 687 ίμελλό
1698 634 1750 682 τις,

149 692 221 763 δήμῳ
238 690 279 743 διδ
298 693 342 744 τοῦ
362 691 492 761 προσώπου
510 695 553 759 τῆς
576 692 677 762 βουλῆς·
702 691 754 746 ἔστι
774 692 817 765 μέν
832 693 880 765 γάρ
897 694 930 755 ύες
971 691 1015 745 τδν
1035 690 1177 763 ἀντίτεχνον
1197 692 1298 759 ἐννοῶν,
1321 693 1434 748 ύπσνοεΐν
1457 693 1491 756 ὣς
1510 694 1558 765 ἀρα
1575 693 1659 766 ῥήτορι
1672 693 1753 767 ῥήτωρ

148 769 288 841 ἀνθρώπους
300 770 410 841 ἀγνοεῖν.
446 768 533 834 Τδδί,
547 767 573 824 ἐν
586 769 615 845 ού
624 771 717 835 δίοντι,
730 772 840 826 τοιοῦτόν
851 770 927 837 ἔστιν,
972 770 1106 839 ἰθάσκηνε·
1124 772 1163 825 διδ
1178 772 1221 825 καί
1239 775 1369 843 σοφώτατα
1383 773 1485 845 μετάγει
1503 771 1547 839 τὴν
1559 771 1639 831 αἰτίαν
1653 775 1711 845 πρδς
1724 776 1754 829 τδ

148 848 199 902 (ἰύκ
212 848 312 921 άγνοεῖν
323 848 372 902 ἐδτι
380 847 594 920 διδοχθίνταςίιπδ
607 853 651 904 τοῦ
663 850 779 922 ῥήτορος,
792 851 834 905 καί
845 849 928 905 εῦνουν
972 849 1147 921 εύφημότερον,
1160 849 1192 903 τά
1203 851 1285 904 δίκαια
1298 855 1342 919 τῆς
1354 851 1449 914 πόλεως
1469 851 1498 907 ού
1515 852 1645 924 προύδωκα
1662 853 1751 925 φήσας.

149 927 249 998 ἔχοντες
267 929 409 999 δημηγόρον
422 925 467 994 τήν
484 927 616 996 ίπιθουλήν
637 928 665 983 σθ
683 930 811 998 συνήκατε.
849 929 927 997 Συνη-
970 928 1051 982 TCV.

147 1008 249 1061 πίστατο
266 1013 302 1080 τῷ
322 1006 455 1083 συμόούλφ
474 1006 489 1061 θ
508 1008 629 1079 προδότης
646 1008 689 1061 καί
706 1007 769 1080 θμάς
786 1007 927 1079 ἐγοήτευσε.
1009 1023 1071 1078 αρτ,
1085 1011 1128 1062 26.
1142 1007 1193 1060 Οθκ
1205 1005 1315 1080 ἀπόχρη]
1326 1009 1371 1073 ούκ
1379 1009 1469 1082 ἀρεστά
1478 1011 1521 1084 (“)

146 1086 226 1142 TCV.
1007 1104 1070 1158 τρο,
1085 1102 1129 1157 αφ.
1142 1086 1252 1159 Συνιίον]
1268 1091 1454 1161 συνερχόμενος.

181 1181 251 1236 271,
275 1182 317 1235 ¹7·
341 1164 389 1219 ίίαί
405 1165 578 1237 συλλαόοῦσα]
594 1168 748 1238 πανταχόθεν
771 1166 925 1238 άγρεύσασα,
1010 1182 1072 1236 272,
1088 1169 1133 1221 αθ.
1152 1165 1280 1239 Ἐλήφθη]
1295 1167 1416 1239 ἐφωράθη.

146 1242 190 1309 τήν
215 1245 291 1315 θήραν
316 1244 361 1298 ούκ
383 1243 531 1300 ἀπολύσασα.
568 1247 752 1309 Κατασκευάζει
773 1245 800 1300 δέ
820 1244 860 1299 διά
885 1249 928 1313 τῆς
1007 1245 1069 1313 αρθ,
1084 1261 1108 1299 ι.
1123 1243 1228 1317 Συνήει]
1242 1246 1388 1318 συνήρχετο.

145 1326 223 1395 φυγῆς
235 1321 280 1389 τήν
299 1323 426 1378 ύπόνοιαν·
447 1323 476 1377 σθ
489 1324 537 1396 γάρ
552 1326 581 1377 ἀν
600 1325 666 1379 οθτω
678 1326 813 1388 σπουδαίως
827 1324 926 1397 ἰφυγεν,
1011 1322 1187 1396 Ἀπεδόθησαν]
1199 1326 1301 1397 φανεραί
1312 1324 1435 1397 ἐγίνοντο.

146 1400 212 1473 εἰμή
227 1403 325 1474 συνήδει
339 1403 373 1465 ὡς
384 1402 514 1465 ύπεύθυνος
528 1399 568 1470 ήν.
582 1404 659 1460 ch.
1011 1397 1243 1473 Ἐκατομῦαιῶνος)
1257 1402 1401 1475 άπριλλίου.

187 1480 398 1552 Ἐπανήγαγενύις
408 1480 486 1554 θμάς]
495 1481 585 1536 θίασοι
593 1486 637 1549 τῆς
643 1481 779 1549 λίξεωςτήν
792 1482 925 1554 ἀκρίύειαν.
1007 1479 1078 1532 Ούτω
1090 1500 1141 1542 πως
1154 1479 1225 1553 ἔχει]
1239 1481 1272 1544 ύις
1287 1481 1371 1553 μέλλω
1384 1482 1476 1554 λέγειν.

150 1557 249 1627 Ἐπειδὴ
268 1559 316 1632 γάρ
329 1557 397 1615 ιίπεν
415 1560 489 1614 αύτδν
503 1559 551 1616 άπδ
568 1564 611 1628 τῆς
622 1560 752 1630 ἐκκλησίας
762 1563 794 1615 δι’
807 1561 926 1633 Αἰσχίνην
1012 1555 1170 1630 Ὗπηρετῦιν]
1185 1560 1305 1630 μισθωτός
1317 1561 1363 1614 ὤν.

145 1641 298 1712 πεφευγέναι,
318 1641 406 1712 κυρίως
428 1637 483 1694 εἰπε
496 1640 526 1694 τδ
549 1640 713 1713 ἐπανήγαγεν,
737 1641 770 1704 εἰς
790 1643 833 1696 τδν
853 1640 927 1695 αύτδν
1007 1636 1042 1690 Ού
1061 1637 1154 1691 τίθεται
1177 1640 1269 1711 ταῦτα]
1293 1636 1370 1709 ήγουν
1391 1638 1436 1694 ούκ
1455 1638 1558 1712 ἀνριθιῦς
1577 1642 1755 1712 μνημονεύεται

143 1722 217 1774 τύπον
227 1714 296 1783 αύθις
304 1721 450 1789 κατέστησεν
463 1718 558 1786 αύτδνή
568 1718 655 1791 βουλή,
668 1719 692 1782 ἰξ
703 1714 731 1772 οό
743 1721 861 1774 σέσωσται
869 1719 926 1789 πρό-
971 1721 1048 1772 ταῦτα
1058 1719 1115 1790 παρ’
1126 1719 1185 1792 ύμῖν
1197 1718 1228 1773 τά
1241 1721 1382 1792 πράγματα.

149 1818 230 1870 τερον.
249 1800 332 1853 TCV.
1007 1797 1065 1850 (ῥόδ’
1081 1799 1112 1865 ἣν
1126 1800 1267 1871 προσῆκεν]
1283 1800 1374 1854 δεύσετε
1387 1800 1476 1873 τούτῳ.

180 1894 243 1947 αρτ,
258 1894 303 1932 αο.
318 1876 455 1948 Τοιγαροῦν
468 1875 546 1930 εἰδυῖα
559 1879 636 1930 ταῦτα
648 1875 665 1942 ἢ
678 1873 755 1947 βουλή
766 1874 782 1943 ἐγ
794 1874 818 1938 ἐξ
833 1875 928 1947 Ἀρείου
1008 1876 1120 1950 Φαύλῳ]
1134 1881 1214 1948 κακῷ.

144 1956 243 2026 πάγου]
256 1955 375 2010 Συνάπτει
388 1955 436 2022 ζειαί
456 1956 538 2027 ἕτερον
560 1955 697 2026 πολίτευμα
715 1958 759 2022 τῆς
779 1954 869 2026 βουλῆς
889 1954 928 2007 εύ-
1007 1959 1075 2025 αρή,
1099 1972 1123 2010 1.
1138 1954 1226 2028 λθτῷ]
1239 1959 1275 2028 τῷ
1289 1954 1406 2030 Αἰσχίνῃ.

146 2036 235 2107 καίρως
247 2035 302 2089 κατ’
315 2033 436 2105 Αἰσχίνου
449 2033 596 2107 λεγόμενον.
629 2034 675 2087 Καὶ
688 2033 740 2088 ἐστι
750 2031 927 2100 κάνταῦθατήν
1012 2030 1178 2105 Ἐσεσύλητο]
1191 2032 1380 2101 ίσκυλεύθησαν.

146 2115 276 2184 δαιμονίαν
293 2113 367 2168 αύτοῦ
392 2121 553 2167 κατοπτεῦσαι
571 2112 653 2184 φύσιν.
689 2112 745 2166 Ἵνα
758 2113 806 2185 γὰρ
821 2110 854 2185 μὴ
870 2111 927 2185 δόξῃ
1009 2110 1157 2185 Ἀνθρωπος]
1171 2113 1185 2167 θ
1197 2112 1329 2176 Φίλιππος.

146 2195 230 2266 χάριτι
243 2193 411 2265 Δημοσθίνους
423 2193 552 2264 γεγονίναι
568 2191 598 2246 τδ
611 2196 654 2246 τοῦ
668 2190 844 2263 Ἀντιφῶντος,
861 2189 927 2245 εἰσά·
1012 2189 1041 2245 ‘0
1057 2193 1192 2264 βάσκανος]
1207 2193 1357 2265 όφθονερός.

144 2293 184 2343 γει
203 2270 249 2340 τήν
274 2269 366 2344 βουλήν
386 2269 462 2338 αύτίγν
476 2271 531 2324 καθ’
550 2268 636 2337 αύτήν,
656 2269 700 2324 ούκ
717 2269 743 2324 ἰκ
759 2274 804 2324 τοῦ
824 2267 925 2341 ῥήτορος
1008 2275 1071 2340 ῦ7ίιν
1088 2276 1116 2327 6.
1138 2270 1339 2344 ’ίαμθειοφάγος]
1353 2270 1528 2347 ἰαμόογράφος.
1544 2274 1576 2328 R.

144 2354 386 2424 κατογινύσκουσαν,
401 2351 444 2405 καί
458 2352 527 2407 ποιεῖ
544 2349 606 2407 κατά
625 2354 668 2416 τῆς
681 2350 798 2425 πονηρίας
810 2348 927 2419 Αἰσχίνου
1011 2347 1066 2404 ‘ra'
1081 2349 1142 2422 ἐμοῦ
1155 2351 1207 2405 τότ’
1220 2349 1330 2422 ἔχοντα]
1347 2349 1402 2403 ἀντὶ
1419 2354 1463 2405 τοῦ
1479 2350 1531 2422 ἐμέ.

144 2429 189 2498 τὴν
202 2431 281 2503 ψῆφον
294 2433 338 2498 τῆς
349 2430 439 2501 βουλῆς
456 2429 480 2492 ἐξ
493 2427 635 2501 ἀμφοτόρων
650 2427 760 2499 βεθαίαν.
772 2428 854 2482 TCV.
1006 2430 1084 2483 Ταῦθ’
1096 2430 1183 2502 ότερα]
1196 2429 1227 2483 τίι
1238 2428 1287 2501 ἐμά
1300 2430 1451 2502 ψηφίσματα.

181 2527 242 2580 αρε,
257 2526 302 2564 αα.
319 2510 419 2581 Τούτῳ]
432 2514 468 2581 τῷ
483 2507 597 2581 Αἰσχίνῃ.
612 2509 643 2562 Ρ.
1007 2507 1127 2580 Τούτων]
1140 2514 1189 2562 τῶν
1201 2507 1267 2580 ἐμῶν
1278 2508 1448 2580 ψηφισμάτων.

180 2607 241 2660 271,
257 2591 301 2643 τό.
321 2586 484 2660 Προεθεσθε]
500 2586 665 2659 προεκρίνατε.
678 2588 709 2642 Ρ.
1007 2587 1102 2659 Ὥσπερ
1114 2588 1170 2643 ούδί
1181 2587 1304 2659 ἔγραφεν]
1318 2586 1375 2640 ἀλλ’
1390 2586 1462 2661 ἔλεγε
1479 2585 1534 2663 μίν,
1552 2585 1597 2640 ούκ
1614 2586 1709 2659 ίγραφε
1726 2587 1753 2641 δέ

179 2667 292 2739 Κυρίαν]
303 2666 347 2732 τὴν
361 2665 451 2737 βουλήν
463 2669 507 2719 τοῦ
521 2663 611 2735 Ἀρείου
619 2666 709 2733 πάγου.
719 2666 748 2717 Ρ.
971 2667 1074 2721 πλείονα
1084 2663 1121 2720 ὧν
1135 2666 1230 2739 εἴρηκα.
1468 2684 1477 2696 ’

180 2764 242 2815 271,
259 2764 304 2816 ορ.
324 2745 370 2798 ίίαὶ
382 2748 458 2799 ταῦτα
472 2743 520 2799 ἀπδ
532 2741 575 2797 τοῦ
591 2744 676 2815 βωμοῦ
689 2743 807 2814 φύρουσα]
823 2740 930 2812 Ἀναιρεῦ
1011 2742 1233 2817 Ἐπεξειργάσατο]
1249 2741 1289 2799 ἰπί
1302 2745 1355 2806 τοῖς
1365 2744 1488 2817 προτέροις
1497 2741 1636 2814 εἰργάσατο.

149 2826 180 2879 τὰ
198 2825 368 2897 ύφορμοῦντα,
392 2824 436 2877 ἵνα
453 2821 486 2895 μή
510 2823 652 2891 δυσμένειάν
676 2840 712 2883 τις
732 2820 872 2892 μαρτυρήσῃ
897 2824 928 2892 τῇ
1011 2822 1257 2896 Ἐκνίψῃ]καθάρῃς.

148 2903 237 2976 βουλῇ.
252 2905 335 2959 TCV.
1008 2901 1187 2973 Πεπραγμόνα]
1197 2901 1230 2964 είς
1242 2902 1299 2965 τούς
1313 2900 1457 2975 Ἀμφισσεῖς.

181 3000 244 3053 ²71·
264 2985 309 3038 αθ.
327 2980 386 3037 Ἀπδ
398 2984 442 3034 τοῦ
466 2980 565 3052 βωμοῦ]
587 2977 642 3047 ήτοι
665 2980 704 3033 θτι
725 2975 817 3032 ἰκεῖθεν
830 2978 928 3051 λαμθά-
1008 2980 1083 3035 λαλῶ
1096 2981 1140 3054 δί]
1153 2981 1325 3055 ἐπικαλοῦμαι.

145 3081 221 3116 νουσα
232 3061 274 3125 τύις
288 3061 380 3135 ψήφους
392 3060 468 3123 ούτως
482 3059 579 3124 ἐδίδου,
590 3059 606 3126 ή
616 3060 655 3113 ότι
667 3056 709 3121 τάς
722 3060 808 3129 χεῖρας
818 3055 928 3112 ἐπιθεῖσα
1008 3061 1070 3130 τρύ,
1093 3078 1116 3114 1.
1131 3061 1180 3114 Τοῦ
1194 3063 1337 3133 πράγματος
1352 3058 1508 3131 ἀπτόμενον]
1523 3058 1656 3130 γενόμενον
1671 3056 1753 3110 Πυλα-

146 3146 182 3213 τῷ
199 3142 276 3214 βωμῷ
287 3139 328 3194 καί
342 3140 432 3193 θύουσα
445 3138 563 3210 μετατίθει
572 3137 615 3201 τὰς
629 3139 703 3210 χεῖρα
715 3134 754 3191 ἐπί
766 3136 808 3199 τάς
819 3136 926 3207 ψήφους,
971 3139 1058 3211 γόραν.

145 3220 179 3282 ὡς
191 3216 518 3292 μηδίνγπρδςίχθρανβλλά
529 3218 626 3280 δικαίως
634 3217 786 3288 ψηφίζεσθαι.
797 3214 928 3269 BSFYHR
1010 3215 1138 3288 Ἀνόητον]
1158 3215 1331 3288 ἔστερημίνον.

145 3302 226 3356 TCV.
1006 3295 1037 3348 Τί
1047 3290 1091 3350 σύν
1100 3297 1128 3367 ;]
1142 3296 1207 3358 τίνος
1221 3290 1264 3349 οθν
1277 3296 1349 3350 ἕνεκα
1359 3294 1513 3365 κατήραμαις

181 3396 244 3451 αρτ,
262 3395 286 3432 1.
305 3376 428 3448 Ἦνέχθη]
441 3374 538 3443 συνίόη.
552 3376 582 3430 Ρ.
1007 3375 1180 3446 Διετεινάμην]
1202 3372 1243 3426 διά
1259 3373 1376 3428 συντόνου
1389 3373 1494 3439 σπουδῆς
1513 3369 1680 3442 ἀπηρνούμην.
1699 3370 1753 3427 ΒΡ.

181 3475 249 3531 2742.
267 3456 417 3527 ιοζΟύκοῦν
429 3457 471 3509 θτε
485 3454 572 3508 τούτου
585 3450 735 3525 μέλλοντος]
752 3451 813 3512 Δοίις
826 3448 928 3517 ἑκάστης
972 3453 1185 3524 Διῖσχυρισαίμην.

153 3537 283 3609 μαρτυρίας
296 3535 342 3603 τήν
357 3536 437 3590 πίστιν
450 3537 541 3605 χρῆται
552 3532 639 3585 λοιπδν
652 3529 814 3604 ἐνθυμήματι.
855 3526 889 3582 Ἦ
902 3527 929 3582 δί
1012 3530 1058 3585 Ἐν
1080 3537 1116 3604 τῷ
1133 3530 1259 3602 δημοσίῳ]
1281 3529 1342 3603 οίκιμ
1359 3528 1495 3605 δηλονότι,
1511 3526 1537 3599 ἐν
1555 3517 1577 3607 ᾧ
1596 3525 1620 3580 οἱ
1639 3527 1753 3609 δημόσιοι

147 3615 257 3678 σύνταξις
276 3613 425 3674 ίπικίνδυνος
443 3612 487 3666 καί
508 3610 685 3681 σολοικοφανής
704 3628 766 3663 τισιν
792 3607 925 3680 ἐνομίσθη·
972 3611 1062 3682 χάρται
1075 3609 1179 3665 ἔκειντο.

148 3695 345 3768 μεταχειριστίον
360 3692 386 3746 δέ
400 3689 476 3758 αύτήν
488 3690 581 3755 ούτως,
598 3686 743 3761 άμείθοντας
758 3687 812 3760 μὲν,
824 3687 893 3742 ούδίν
903 3686 929 3741 δέ
1012 3688 1055 3752 Ἐξ
1065 3686 1101 3759 ᾖεν
1113 3689 1202 3760 ταῦτ’]
1224 3689 1240 3740 ἃ
1251 3692 1383 3758 κατηγορῶ
1390 3685 1433 3739 τὸν
1446 3684 1573 3757 Αἰσχίνην.
1633 3746 1635 3750 ,

147 3775 176 3829 τδ
189 3775 302 3846 παράπαν
323 3771 411 3835 ἔξωθεν
433 3771 615 3844 ἐπεισάγοντας.
653 3768 747 3822 Ούκούν
766 3769 826 3834 θτε,
844 3766 929 3822 τούτου
1012 3767 1174 3839 ’Υποληφθή]
1186 3766 1301 3839 δοξασθῇ.

148 3852 283 3925 μέλλοντος
297 3852 389 3924 λόγειν,
400 3849 542 3923 προσέταξεν
562 3849 636 3923 ἐτέριρ
651 3848 768 3917 δηλονότι
779 3846 872 3918 λέγειν,
889 3846 930 3900 καὶ
1012 3847 1057 3903 Ἐν
1074 3848 1211 3921 Ἀμφίσσῃ]
1226 3845 1342 3918 Ἀμφίσση
1353 3845 1423 3908 πόλις
1435 3848 1478 3914 τῆς
1491 3845 1620 3918 Λοκρίδος·
1639 3844 1754 3917 Ἐλάτεια

147 3933 274 4000 ἀπήλασεν
285 3924 388 3998 αύτδνή
405 3929 490 4002 βουλή.
529 3928 613 3993 Τίνσς;
630 3931 673 3997 τῆς
686 3927 815 3989 συνδικίας.
831 3927 910 3980 ch.
972 3929 1000 3984 δὲ
1014 3929 1116 4001 μεγίστη
1130 3927 1201 3989 πόλις
1213 3930 1257 3993 τῆς
1267 3922 1389 3988 Φωκίδος.
1401 3927 1453 3981 FP.

182 4028 245 4081 ²7²·
263 4014 306 4074 τίς.
321 4010 371 4063 Τοῦ
385 4011 481 4064 νεανίου
491 4007 596 4078 τούτου]
611 4011 654 4060 τοῦ
672 4005 696 4069 ἐξ
710 4006 830 4077 ἐπάρσεως
846 4008 930 4076 μωροῦ
1012 4003 1119 4078 ᾙρέθη]
1135 4004 1275 4076 προεκρίθη.

146 4094 198 4154 τοῖς
216 4090 289 4145 ούτοῦ
307 4089 499 4163 πολιτεύμασινΙ
517 4086 545 4141 ού
570 4084 618 4159 γάρ
637 4088 734 4158 ὅμοιον,
756 4084 873 4152 δηλονότι
893 4081 930 4146 σίς
1007 4085 1253 4157 Συγκατασκευάσας]
1265 4082 1430 4157 τῷΦιλίπεαρ
1442 4082 1568 4150 δηλονότι.

27 4182 30 4186 ’
146 4169 206 4242 ἐμοῦ
220 4171 361 4240 κατηγορεῖ.
370 4170 401 4223 Ρ.
1012 4159 1515 4235 Ἐκπαρακλήσεως]άπδπαρακινήσεως
1527 4156 1706 4231 τοῦλίσχίνου.
1741 4214 1744 4221 ,

183 4266 247 4318 271,
266 4254 308 4304 ιθ.
327 4247 370 4311 Ὧς
382 4248 407 4303 ίν
421 4246 527 4320 αἰσχύνῃ
539 4246 649 4313 ποιήσων
669 4243 714 4311 τήν
735 4243 822 4313 πόλιν]
843 4242 929 4314 αίσχυ-
1009 4242 1108 4314 Αἰτίαν]
1126 4242 1224 4314 μίμψιν.

48 4304 51 4307 ¹
148 4333 197 4382 νῶν
211 4325 255 4392 τὴν
269 4327 352 4383 πόλιν.
369 4330 400 4382 Ρ.
425 4325 574 4394 Ἐνήλλαξεν
590 4325 604 4379 θ
619 4325 702 4396 ῥήτωρ
722 4323 870 4392 ἐξεπίτηδες,
891 4320 930 4375 σί·
1009 4315 1346 4391 Ἥτιςδίήφύσις]ήάρχή
1360 4321 1409 4369 τῶν
1424 4315 1585 4386 πραγμάτων.

151 4426 211 4480 μαι,
229 4406 259 4460 τά
272 4406 389 4481 ῥήματα,
403 4404 448 4473 τήν
463 4399 566 4461 ἀτοπίαν
579 4409 623 4471 τῆς
636 4404 762 4461 Φιλίππου
775 4407 874 4477 γνώμης
885 4404 930 4470 δη·
1010 4399 1210 4469 Συνεσκευάσθη]
1224 4396 1286 4467 μετά
1298 4398 1342 4450 τοῦ
1355 4394 1431 4448 δόλου
1443 4394 1542 4469 γέγονε.

150 4488 212 4554 λῶν,
236 4487 288 4542 ἐπεί
305 4487 400 4558 πρῶτόν
422 4504 458 4548 τις
474 4485 585 4557 ίλίγχειν
604 4483 697 4555 ὀφείλει
718 4483 761 4538 τύν
784 4483 929 4547 ἀδικοῦντα,
1009 4477 1145 4549 Συντεθέν]
1159 4476 1328 4531 σεσκευασθίν.

150 4565 206 4622 εἶτα
219 4565 401 4636 καταισχύνειν.
413 4564 494 4618 TCV.
1015 4556 1151 4627 Ἱστορίαν]
1164 4560 1266 4627 γνῶσιν.

185 4663 248 4716 τρε,
262 4662 306 4702 20.
321 4643 368 4696 Καὶ
378 4643 465 4714 πολλῷ
477 4641 556 4714 ῥίοντι
565 4643 620 4695 καθ’
631 4641 711 4719 ύμῶν]
725 4640 816 4712 λόγους
825 4644 931 4697 κινοῦντι
1010 4645 1073 4706 276,
1086 4651 1114 4688 ²·
1128 4632 1230 4704 Κᾱκῶε]
1245 4629 1378 4703 ἇνόκδρωςο
1392 4658 1429 4670 -
1442 4626 1529 4705 Q]
1539 4629 1576 4713 θ’]
1589 4625 1716 4711 ww.

52 4710 56 4717 ⁴
149 4726 219 4794 δίκην
228 4724 355 4796 ῥεύματος.
370 4726 400 4778 Ρ.
415 4722 505 4776 Σκόπει
514 4720 792 4792 κάνταῦθατόμίγεθος
802 4724 846 4788 τῆς
853 4740 929 4794 μεγα-
1013 4713 1058 4768 Ἐκ
1071 4717 1115 4781 τῆς
1128 4712 1226 4783 χώρας]
1242 4709 1316 4778 αύτῆς
1328 4707 1453 4777 δηλονότι.

150 4804 249 4866 λονοίας
267 4807 311 4857 τοῦ
332 4802 448 4875 ῥήτορος,
465 4801 504 4855 θτι
521 4800 563 4854 καί
582 4801 671 4864 δοκῶν,
688 4799 722 4861 ὣς
734 4797 830 4854 οίονταί
851 4819 929 4863 τινες,
1013 4795 1127 4866 ’Τδεῖτο]
1140 4792 1212 4864 χρεία
1222 4785 1263 4859 ήν.

151 4885 284 4954 θαυμάζειν
298 4883 342 4938 τδν
360 4881 479 4949 Πύθωνα,
496 4878 553 4934 ούδί
570 4877 706 4949 ἐπιστήμην
720 4876 785 4951 αύτῷ
798 4876 853 4933 οθδέ
864 4879 931 4932 σίνε·
1009 4874 1141 4944 Διϊίντων]
1154 4872 1236 4924 δίοδον
1249 4869 1383 4923 διδόντων.
1399 4895 1436 4908 -
1445 4864 1530 4937 Ἀύτιῖι]
1544 4868 1580 4938 πρ
1589 4860 1716 4934 Φιλίππιρ.

152 4983 190 5017 σιν
203 4963 379 5035 ἐμαρτύρησεν,
391 4958 458 5013 ἀλλά
467 4960 496 5013 τδ
509 4957 598 5031 ῥοῶδες
611 4958 653 5013 καί
663 4957 743 5011 λάλον
758 4956 840 5020 ἁπλῶς
849 4976 930 5030 περιτ·
943 4990 947 5011 .
1009 4955 1052 5027 Τῷ
1063 4952 1165 5024 πολίμαρ
1177 4950 1320 5022 κρατοῦντι]
1337 4945 1382 5017 τήν
1397 4944 1468 5021 ἰσχύν
1483 4944 1568 5016 ἔχοντι
1580 4940 1615 5007 τίς
1625 4941 1669 4995 τδν
1679 4940 1754 4995 πόλε-

106 5092 108 5098 .
151 5043 211 5095 τόν·
227 5042 286 5113 άπερ
299 5040 328 5096 ού
344 5041 432 5111 τίχυης
445 5037 551 5106 ἀληθοῦς
563 5038 675 5110 γίγνεται
688 5036 817 5110 σύμθολα,
835 5034 946 5108 ῥητορι-’
976 5054 1033 5108 μον,
1048 5038 1158 5088 νικῶντι.

152 5124 204 5220 πῆςκ
213 5119 240 5174 δέ
252 5120 285 5184 ὡς
299 5119 375 5175 εἰπεῖν
390 5117 483 5173 εἰδωλα
496 5117 606 5195 μᾶλλον.
642 5115 686 5173 Διδ
697 5115 739 5169 καί
755 5114 843 5189 θρασύν
857 5114 930 5171 αύτδν
1010 5116 1047 5170 T&
1061 5113 1104 5186 μίν
1115 5106 1345 5183 παρακρούσασθαι]
1355 5104 1388 5168 ῑίς
1398 5102 1453 5159 tw&
1465 5103 1509 5179 βέθ
1521 5101 1653 5175 mim·

153 5199 483 5350 εἶπῖήαῗιέέίέείίαέῗέίῆς
502 5278 597 5341 πόλεως
614 5275 673 5347 οθχί
690 5272 817 5346 προύδωκα
834 5274 932 5347 δίκαια]
1003 5287 1035 5347 γ’)
1049 5283 1138 5334 scholia
1147 5279 1291 5340 quibmklt
1303 5288 1351 5326 non
1367 5275 1479 5336 αὼστίρίε
1488 5277 1539 5331 σεῦ,
1549 5276 1619 5325 υοίΡ
1633 5241 1753 5331 mni.
