3967 5967
267 461 323 512 ras
980 458 1155 522 Diilttlils

264 577 444 661 Ἀλέξανδρος,
455 571 535 657 εἶπεν,
549 581 578 643 δν
590 585 731 669 ψηφίζεσθε
753 590 824 666 θεόν,
837 591 903 670 ipo'u'
922 587 1047 672 νεώτερός
1089 614 1189 667 γοντος.
1206 592 1318 674 dipsas
1329 594 1358 654 di
1375 594 1421 655 τδν
1435 594 1485 674 μὲν
1496 582 1601 657 lluticv
1616 599 1717 674 cineis,
1733 598 1774 659 δτι
1788 598 1871 661 naid·

262 669 328 729 fati.
340 694 353 721 ν
366 671 409 732 Cf.
425 672 466 731 id.
480 692 512 750 p.
530 673 597 750 pilii,
611 678 643 736 C.
1088 703 1138 760 περ
1153 681 1254 757 οίκίσν,
1270 685 1306 751 τίς
1323 682 1356 755 ἣν
1380 683 1461 745 ὄνειον
1480 684 1627 768 εἰσφέρεται
1645 687 1731 765 γάλα,
1744 687 1825 748 κακόν
1843 712 1870 748 τε

632 767 676 825 13.
1088 770 1192 837 πάντως
1203 771 1273 851 ἔχειν
1285 771 1434 850 νομίζομεν,
1443 771 1511 833 cino
1519 774 1646 834 νεαλπολεν
1659 776 1761 856 ἀνάγκη
1771 784 1870 851 νοσεῖν,

301 843 382 903 Idem
395 848 542 907 Demosth.
566 872 590 911 c.
608 872 645 927 αφ
668 877 677 917 z
693 854 740 917 Ἐν
754 858 777 917 δ’
789 855 914 939 Ἀρκαδίᾳ
927 857 973 917 καί
986 859 1043 918 λοι·
1087 859 1123 924 εἷς
1137 858 1169 931 ἦν
1181 858 1322 933 Ἀθηναίων
1337 860 1465 939 πρεσὸείσ
1479 862 1665 942 παραγίνεται·
1674 863 1719 924 οὖν’
1734 862 1762 923 δὲ
1776 854 1869 941 dupo-

262 931 349 1010 δορίαν
360 937 406 992 τοῦ
419 936 520 997 Πυθίου
535 938 581 998 καλ
590 945 638 1001 τοῦ
651 944 834 1022 Δημοσθένους
845 945 965 1026 periodus
979 944 1043 1027 πρὸς
1086 945 1179 1018 σθένην
1194 948 1304 1027 στρέψαι
1318 947 1348 1007 τὸ
1360 949 1529 1027 παράδειγμα
1543 950 1681 1031 φήσαντα,
1693 953 1740 1033 καὶ
1753 952 1785 1013 ab
1798 952 1869 1032 γάλα

260 1020 391 1093 ἀλλήλους
410 1023 513 1106 ιῖρηαον
536 1031 550 1088 b
565 1028 708 1112 Φύλαρχος
729 1036 756 1094 iv
770 1034 898 1115 ίκνλησίφ
907 1080 916 1109 ,
931 1042 977 1096 τοῦ
994 1034 1041 1112 pir
1086 1033 1116 1092 r'b
1130 1034 1212 1095 δνειον
1232 1038 1272 1119 ἐφ’
1285 1036 1369 1117 ὑγιεία
1384 1038 1430 1098 καλ
1446 1038 1506 1106 τοὺς
1527 1038 1677 1112 Ἀθηναίους
1691 1039 1735 1102 itti
1749 1039 1869 1123 σωτηρίᾳ

258 1108 323 1191 υσίρ
337 1115 389 1173 τῶν
405 1114 584 1200 Μακεδόνων,
602 1122 648 1180 τοῦ
662 1120 763 1204 δ’ὑτίρ
783 1128 835 1184 τῶν
846 1124 982 1197 Ἑλλήνων
997 1124 1042 1184 λέ·
1084 1124 1273 1204 παραγίνεσθαι
1288 1130 1341 1186 τῶν
1352 1124 1505 1189 νοσούντων.

310 1392 344 1437 m

854 1513 942 1602 [ΙΙ.
967 1513 1248 1659 DEMADES.

299 1714 313 1742 ι
336 1693 378 1750 De
393 1695 528 1753 Demadis
547 1698 652 1777 rebus,
664 1704 750 1775 quem
775 1712 805 1758 et
825 1703 991 1761 brevissime
1011 1714 1039 1760 et
1083 1706 1262 1779 aliommqne
1276 1704 1428 1760 hominum
1448 1700 1601 1762 doctorum
1621 1703 1710 1766 libris.
1750 1705 1867 1779 Quanto

255 1781 397 1839 verissime
409 1780 510 1841 Velleii
523 1788 617 1844 verbis
629 1786 674 1870 (a,
687 1788 746 1871 68)
763 1796 905 1867 ingeniare
918 1812 1038 1869 nequam
1082 1795 1157 1850 enim
1172 1793 1267 1849 studio
1279 1793 1369 1849 facete
1378 1793 1559 1868 graviterque
1568 1792 1647 1850 dicta
1656 1804 1738 1851 aetate
1751 1796 1866 1851 alexan·

256 1866 339 1927 fuisse
355 1871 476 1944 dixeris,
499 1886 565 1949 post
587 1879 623 1933 D.
648 1880 851 1938 Ruhnkenium
871 1882 953 1959 (hist.
974 1883 1036 1939 crit.
1082 1883 1164 1940 drina
1179 1883 1297 1939 collecta
1320 1883 1378 1938 siut
1396 1882 1492 1937 multis
1510 1884 1646 1957 exemplis
1660 1894 1784 1943 constat.
1824 1891 1864 1942 At

253 1973 283 2028 p.
301 1974 335 2026 7¹
358 1958 441 2035 sqq.)
458 1976 550 2036 nuper
566 1979 757 2038 exposuerunt
772 1972 810 2026 H.
831 1970 947 2044 Lhardy
961 1970 1036 2044 (Be-
1078 1970 1143 2043 jure
1157 1971 1305 2045 quaritur,
1315 1982 1412 2026 utrum
1421 1969 1527 2046 scripta
1543 1972 1592 2027 illa
1605 1973 1730 2046 genuina
1744 1972 1862 2048 fuerint,

253 2046 356 2116 rolini,
380 2047 470 2123 1834)
485 2061 513 2107 et
528 2052 563 2109 G.
579 2053 616 2111 G.
630 2056 784 2131 Pluygers(
796 2061 881 2136 flagae
902 2059 1037 2131 Comitis,
1081 2078 1148 2116 ana
1168 2060 1331 2117 rhetoribus
1347 2058 1413 2117 licta
1427 2071 1456 2117 et
1476 2060 1610 2118 Demadis
1627 2063 1736 2117 nomini
1750 2081 1863 2138 suppo-

258 2132 370 2212 1836),
390 2138 559 2211 quibuscum
584 2147 743 2218 comparari
766 2159 901 2222 possunt,
921 2166 984 2222 quae
1007 2150 1037 2204 in
1081 2150 1144 2206 sita.
1186 2153 1228 2207 Ac
1243 2148 1353 2223 dequo
1373 2149 1461 2222 paulo
1485 2150 1592 2204 certius
1612 2149 1736 2221 judicari
1757 2153 1863 2224 possit,

253 2222 474 2282 Zimmermanni
484 2227 592 2285 diurnis
604 2248 657 2307 ego
672 2232 763 2305 1835,
776 2254 811 2308 77
822 2250 852 2292 et
865 2241 900 2296 Α.
913 2235 1037 2294 Wester·
1080 2248 1168 2294 exstat
1191 2237 1380 2312 fragmentum
1400 2234 1460 2312 περὶ
1483 2238 1530 2305 τῆς
1553 2234 1734 2302 δωδεκαετίας.
1777 2239 1862 2310 Quod

253 2328 373 2367 mannus
396 2312 488 2386 1837,
504 2315 542 2372 26
563 2321 776 2394 explicavimus.
820 2325 904 2384 ldae
920 2345 983 2400 quae
1001 2327 1034 2384 G.
1080 2343 1243 2399 quanquam
1266 2323 1442 2398 aplerisque
1466 2323 1631 2380 hominibus
1645 2324 1740 2381 doctis
1755 2326 1862 2400 genui-

252 2397 439 2474 Kiesslingins
459 2404 766 2485 inLycurgeisp.161
793 2431 858 2488 sqq.
880 2413 1037 2489 disputarit
1079 2431 1148 2468 num
1167 2412 1267 2469 baberi
1284 2414 1344 2468 scio
1365 2413 1471 2488 (unum
1490 2414 1608 2468 nomino
1628 2413 1659 2470 1.
1680 2414 1862 2487 Spengeiium

252 2481 300 2560 [et
314 2486 513 2564 Demhardyus
527 2495 557 2548 in
579 2496 726 2554 Addendis
741 2498 777 2556 ad
799 2498 918 2557 Suidam
938 2503 979 2573 ll,
1004 2522 1033 2576 ο,
1079 2520 1173 2576 συναγ.
1192 2521 1266 2578 τεχν.
1288 2519 1320 2574 p.
1338 2498 1412 2575 54),
1429 2510 1523 2556 tamen
1545 2511 1621 2557 certa
1637 2501 1708 2555 mihi
1727 2501 1863 2558 videntur

251 2591 282 2648 p.
303 2575 376 2631 1812
390 2576 412 2651 ].
455 2582 518 2637 lloc
539 2582 605 2639 loco
619 2587 690 2644 nibil
713 2589 827 2646 videtur
850 2592 1035 2664 quaerendum
1079 2587 1245 2644 adulterinae
1257 2590 1375 2664 originis
1385 2588 1489 2644 indicia
1505 2590 1603 2648 inesse.
1626 2590 1777 2645 Sententiae
1788 2608 1862 2664 qute-

251 2678 311 2716 ssse
324 2664 377 2717 nisi
389 2664 460 2735 boc,
480 2679 576 2725 utrum
599 2674 740 2730 Demades
761 2677 870 2750 aliquid
894 2679 1033 2753 scriptum
1077 2677 1136 2731 sitae
1155 2695 1208 2732 nec
1223 2686 1319 2733 tamn
1336 2692 1444 2751 magun
1463 2676 1728 2751 gravitatis,sermo
1752 2676 1862 2734 fucatus

251 2749 409 2822 reliquerit,
422 2771 460 2808 an
473 2774 536 2828 quae
550 2759 576 2813 ei
592 2762 680 2817 tribui
703 2764 796 2819 solent
808 2768 954 2840 supposita
966 2768 1032 2826 sint.
1077 2782 1172 2838 neque
1180 2767 1275 2820 natira
1286 2766 1334 2820 illa
1349 2764 1482 2821 facilitate
1494 2775 1522 2820 et
1533 2765 1641 2821 facetiis
1653 2766 1742 2834 sanis,
1754 2763 1861 2838 quibus

251 2839 293 2893 Ac
307 2837 407 2896 Cicero
421 2841 538 2915 quidem
553 2847 632 2903 Bruti
646 2848 663 2923 §
679 2849 714 2907 36
731 2853 770 2907 ait
786 2867 794 2906 :
811 2859 846 2922 is,
861 2860 939 2924 crp'ur
952 2857 1033 2910 uuila
1078 2853 1234 2909 Demadern
1246 2854 1409 2909 excelluisse
1421 2863 1530 2909 veteres
1542 2863 1623 2923 testes
1633 2870 1860 2909 omnesconsen·

250 2935 487 3004 exstautscriprn,
507 2936 657 2995 Demades.
700 2939 833 2995 Similiter
844 2942 1034 3012 Quintilianus
1078 2941 1152 2996 tiunt
1164 2940 1243 3016 (cic.
1260 2952 1333 3000 orat.
1349 2941 1449 3016 §90),
1461 2942 1591 3016 insignis,
1601 2960 1646 2998 res
1666 2960 1730 3015 quae
1743 2956 1859 2998 narrar·

250 3015 319 3075 lust.
331 3029 404 3073 orat.
418 3036 446 3072 a.
460 3036 507 3090 17,
525 3020 559 3077 13
573 3038 581 3076 ι
596 3025 694 3099 Neque
706 3032 781 3081 eru'm
797 3026 955 3105 (Demades)
970 3049 1032 3086 ora·
1077 3037 1125 3084 tur
1141 3031 1340 3086 communibus
1357 3030 1451 3086 verbis
1462 3031 1551 3105 magis
1561 3040 1634 3087 tecte
1648 3048 1734 3103 φυοιυ
1748 3030 1828 3105 qnod
1842 3050 1861 3087 a

250 3106 337 3160 tiones
354 3105 475 3162 scribere
486 3120 528 3164 cst
539 3130 637 3181 ausus,
656 3125 686 3168 ut
702 3132 765 3171 eum
779 3118 895 3172 risulcum
915 3120 1034 3175 ualuisse
1076 3116 1218 3188 Demade,
1229 3119 1345 3174 bomine
1359 3116 1495 3172 diumrno
1510 3134 1562 3173 usu
1575 3116 1755 3191 prudentiam
1773 3128 1860 3173 nacto

249 3195 278 3246 in
291 3193 407 3250 dicendo
418 3200 547 3279 sciamus.
560 3198 640 3255 Idem
653 3216 699 3261 ta.
720 3222 765 3273 ro,
780 3211 819 3279 49
836 3226 843 3263 :
858 3207 984 3280 Ideoque
1003 3214 1033 3263 iu
1077 3222 1279 3280 permagnam,
1294 3208 1453 3261 necessario
1470 3206 1664 3280 requisiveris,
1681 3217 1813 3261 accurate
1829 3216 1860 3261 et

250 3282 687 3359 agendociurismmorquosdam
702 3291 775 3346 nihil
785 3299 941 3366 posteritati
951 3314 1031 3351 man·
1076 3294 1192 3365 praecise
1203 3292 1357 3367 explicatae.
1398 3294 1469 3349 Cum
1478 3294 1628 3349 veteresin
1641 3292 1769 3351 Demade
1779 3295 1859 3368 inge-

248 3372 374 3441 rurisque
395 3386 461 3424 moa
484 3372 574 3427 literis
586 3377 746 3449 reliquisse,
770 3390 801 3434 ut
824 3379 975 3449 Periclem,
1003 3394 1034 3437 ut
1076 3381 1117 3435 nii
1139 3382 1299 3438 felicitatem
1313 3381 1498 3451 admirentur,
1520 3401 1576 3456 qua
1590 3390 1636 3437 res
1650 3383 1709 3438 fere
1727 3398 1781 3438 acu
1795 3392 1857 3438 tan·

249 3455 415 3513 Demadem.
430 3459 537 3516 Contra
552 3462 652 3519 Suidas
668 3482 696 3534 1,
715 3484 725 3521 1
745 3484 775 3539 p.
795 3472 867 3530 nair
882 3469 916 3527 li.
931 3489 938 3526 z
956 3465 1033 3545 ἔγρα·
1075 3486 1142 3543 gere
1156 3471 1254 3526 solitus
1265 3472 1315 3539 sit,
1328 3471 1375 3525 hic
1386 3488 1451 3527 eum
1463 3472 1594 3545 ambages
1604 3472 1761 3544 quaesivisse
1774 3470 1858 3527 dixe-

249 3544 297 3623 ψεν
313 3542 501 3623 tenimentis
514 3548 578 3629 πρὸς
590 3548 763 3627 Ὀλυμπιάδα
779 3557 826 3623 τῆς
843 3556 937 3614 ἑαυτοῦ
950 3554 1032 3614 δωδε-
1077 3557 1124 3623 ris.
1167 3558 1244 3623 Nec,
1259 3559 1282 3613 si
1296 3559 1359 3631 quis
1372 3567 1606 3641 par-temptantum
1618 3568 1724 3613 exstare
1737 3574 1856 3614 encusn-

248 3630 372 3706 καετίσς,
387 3632 516 3712 Ἱστορίαν
533 3636 595 3717 περί
607 3637 695 3710 Δήλου
709 3640 755 3699 καὶ
769 3644 816 3710 τῆς
834 3640 960 3720 γενέσεως
978 3646 1031 3703 τῶν
1075 3645 1166 3714 verit,
1177 3643 1318 3718 intelligas
1329 3687 1337 3713 ‚
1350 3644 1497 3718 quomodo
1512 3656 1579 3720 post
1591 3662 1623 3701 ea
1636 3662 1698 3716 quae
1707 3652 1857 3717 supersunt

248 3725 351 3793 Λητοῦς
363 3723 465 3781 παίδων
487 3727 564 3802 (quo
578 3729 645 3785 loco
657 3731 728 3803 quid
743 3733 838 3789 verbis
849 3731 913 3809 πρὸς
926 3730 1029 3809 Ὀλυμ·
1077 3730 1115 3786 ad
1127 3731 1244 3788 brevem
1257 3743 1286 3788 et
1299 3742 1395 3806 aptam
1407 3750 1502 3788 rerum
1515 3743 1655 3806 gestarum
1664 3733 1857 3786 narrationem

247 3807 331 3864 πιάδα
351 3809 512 3868 faciendum
524 3814 561 3869 sit
576 3833 636 3870 non
650 3817 757 3890 liquet,
778 3838 942 3895 quanquam
962 3821 1032 3877 mihi
1076 3817 1172 3875 redire
1191 3821 1329 3895 potuerit.
1371 3821 1474 3876 Fateor
1494 3819 1580 3893 igitur
1593 3837 1638 3874 me
1654 3819 1688 3873 iis
1711 3819 1856 3890 assentiri,

248 3897 364 3971 quidem
383 3900 545 3956 Ruhnkenii
567 3905 641 3959 ratio
656 3905 676 3962 i.
698 3906 728 3963 d.
744 3910 893 3981 proposita
909 3913 1031 3967 maxime
1077 3907 1127 3978 qui
1155 3907 1345 3983 fragmentum
1367 3906 1439 3962 illud
1463 3906 1584 3961 rhetoris
1608 3904 1728 3977 alicujus
1754 3906 1857 3962 fraude

247 3987 418 4063 probatur).
462 3991 562 4064 Neque
574 4003 685 4049 tantum
693 3993 872 4066 Dffeusiouis
883 4000 957 4056 illins
966 4020 1032 4074 pars
1076 3993 1176 4051 ficium
1189 3995 1350 4063 etDemadi
1365 3995 1502 4048 tributum
1515 3997 1712 4049 effeminant·
1754 3993 1857 4066 N²q¹¹⁹

249 4074 378 4147 quaedam
392 4078 422 4132 in
435 4079 531 4135 multis
544 4078 625 4136 libris
644 4087 843 4159 manuscriptis
856 4100 968 4144 servata
980 4090 1032 4146 ad·
1075 4083 1151 4136 ‘iiim
1170 4082 1326 4156 quidquam
1343 4081 1371 4136 3¹¹
1386 4094 1421 4136 Φ
1438 4079 1573 4150 traditur,
1587 4080 1655 4153 q⁰l¹¹
1670 4079 1751 4136 simile
1765 4098 1800 4135 ⁰¹
1820 4083 1858 4137 55⁸

246 4163 303 4220 hue
317 4167 720 4236 exstat,sedetiam10annes
732 4174 832 4228 Tzemn
841 4174 913 4230 Chii,
931 4173 960 4248 5,
974 4176 1029 4241 342
1076 4187 1141 4240 quae
1164 4169 1201 4225 de
1221 4167 1348 4249 Demade
1370 4177 1554 4222 narrarentur
1578 4166 1686 4221 hauriri
1718 4167 1855 4241 potuerit

246 4272 311 4328 sqq.
326 4255 355 4324 6,
372 4256 407 4312 16
421 4274 483 4330 sqq.
500 4266 529 4312 et
544 4277 597 4313 112
613 4277 687 4334 sqq,
704 4262 870 4335 anonymus
882 4264 1029 4338 Seguerii,
1075 4258 1130 4328 Qui
1143 4255 1240 4312 dedita
1252 4274 1338 4330 opera
1352 4253 1485 4313 fraudem
1500 4255 1579 4309 illam
1592 4254 1729 4329 arguerit,
1738 4256 1857 4310 memini

245 4343 387 4418 interpres
400 4345 515 4401 Hesiodi
527 4347 662 4404 videntur
674 4352 780 4424 scripta
789 4352 917 4425 quadam
930 4353 1030 4410 Dema·
1077 4346 1230 4411 neminem,
1239 4342 1288 4398 ⁸²d
1299 4342 1432 4398 dnbllassi
1444 4344 1480 4400 Α·
1491 4342 1642 4398 Boeffllius
1655 4344 1766 4398 03000·
1777 4343 1857 4415 lmbL

247 4431 291 4485 dis
305 4433 397 4487 oculis
414 4443 442 4487 et
455 4435 587 4490 manibus
600 4439 790 4511 usurpavisse.
833 4440 906 4495 Nam
919 4441 1030 4514 reliqua
1076 4433 1218 4505 Ailmp·
1235 4429 1595 4500 ²46930¹¹im¹⁵d03³u¹¹
1612 4430 1683 4488 illst·
1700 4431 1854 4505 eioqngr.

245 4520 513 4593 saneomnia,quae
531 4512 671 4578 Demades
684 4523 786 4581 dixisse
799 4538 940 4598 narratur,
955 4527 1031 4582 simi·
1079 4518 1138 4595 l'p·
1159 4517 1217 4574 33⁰
1241 4517 1298 4593 (ct.
1323 4518 1437 4593 Lhardi
1462 4519 1484 4578 l·
1514 4519 1544 4580 d·
1570 4540 1601 4594 P·
1629 4518 1700 4593 ¹3),
1722 4519 1858 4592 Pluygers

245 4601 286 4660 lia
301 4616 367 4661 sunt
387 4624 503 4679 eorum,
518 4626 581 4682 quae
598 4610 736 4680 Isocrati,
756 4611 1031 4682 Demostheni,aliis
1073 4626 1102 4682 p.
1116 4606 1153 4679 75
1168 4625 1227 4681 sq.,
1241 4608 1289 4662 alii
1300 4608 1391 4662 multi.
1433 4607 1554 4664 Accedit
1566 4607 1645 4681 quod
1659 4609 1689 4661 in
1704 4606 1784 4662 bravi
1802 4605 1854 4661 illo

245 4694 333 4750 tribui
348 4694 487 4765 vidimus,
500 4696 650 4772 desumpta
666 4699 713 4755 illa
727 4718 761 4755 en
773 4700 1029 4775 peripateticorum
1047 4725 1053 4737 ·
1073 4698 1231 4774 fragmento
1244 4696 1322 4754 haud
1333 4713 1427 4772 pauca
1438 4698 1580 4753 vocabula
1593 4696 1737 4771 legrmtur,
1751 4694 1858 4768 quibus

246 4861 320 4910 tratis
330 4860 401 4910 rebus
414 4860 490 4911 audes
500 4857 597 4911 dicere?
609 4881 623 4906 ν
639 4882 650 4907 a
664 4863 811 4926 Enimvero,
822 4864 914 4927 inquit,
927 4864 1030 4915 Alexan·
1075 4862 1182 4923 dixisse,
1196 4861 1402 4924 qinemadmodum
1424 4862 1565 4914 crederetur
1582 4861 1670 4911 domus
1686 4859 1710 4910 iu
1732 4872 1804 4923 quam
1819 4858 1858 4910 iac

247 4927 300 4990 der,
315 4942 388 4992 quem
403 4942 446 4978 sos
462 4929 535 4980 deum
552 4929 649 4982 decreto
669 4939 751 4984 restro
769 4933 863 4996 tacitis,
881 4938 939 4983 natu
955 4946 1030 4995 quam
1075 4933 1195 4983 asininum
1215 4934 1326 4996 infertur,
1341 4934 1441 4983 omuino
1454 4933 1535 4997 aliquo
1552 4932 1753 4989 ministorne,
1767 4931 1800 4979 ita
1817 4944 1858 4980 ur·

252 5013 297 5063 ego
306 5000 386 5050 minor
397 5001 465 5050 eat.»
1076 5004 1131 5053 bem
1144 5016 1241 5067 quoque
1250 5005 1383 5054 necessario
1398 5003 1510 5053 vitiosam
1522 5015 1588 5064 esse,
1599 5004 1623 5052 in
1637 5014 1710 5063 qnam
1725 5000 1857 5051 itirmien·

364 5072 374 5085 ‘
619 5077 656 5125 ta.
1074 5076 1107 5124 sis
1122 5075 1208 5137 legatio
1223 5075 1330 5137 veuirot;
1349 5088 1404 5124 eam
1422 5074 1605 5124 similitudinem
1623 5073 1656 5123 lia
1671 5071 1858 5123 abemostlrena

216 5179 221 5188 .
279 5142 430 5206 Phylarchus
439 5146 521 5193 narrat
532 5143 558 5194 in
570 5144 669 5194 Arcadia
682 5144 799 5208 Pyiiraam
808 5146 832 5195 ct
842 5144 1029 5196 Demosthenem
1075 5149 1212 5209 inversam,
1225 5149 1253 5197 ut
1266 5149 1291 5196 et
1307 5147 1344 5196 tac
1356 5146 1476 5196 moinum
1488 5145 1596 5195 unitatis
1616 5143 1770 5195 restituenda
1782 5152 1858 5192 cause

248 5214 272 5262 in
286 5213 401 5264 concione
415 5212 525 5263 convicia
543 5206 630 5263 mutuo
647 5215 747 5277 iecisse,
760 5212 837 5266 altero
851 5215 1029 5276 Macedonum,
1075 5218 1200 5282 importari
1215 5219 1306 5278 solere,
1326 5220 1352 5268 et
1367 5217 1527 5268 Athenienses
1549 5217 1646 5280 montes
1668 5216 1772 5267 niumm
1794 5214 1857 5264 male

248 5284 324 5335 altero
342 5287 483 5335 Graecorum
497 5297 595 5334 mirsam
615 5289 708 5347 agents.
740 5287 770 5337 D
793 5287 909 5350 Pytheam
931 5288 1030 5351 quidem
1076 5286 1217 5341 {ramatum
1228 5289 1309 5341 venire
1322 5289 1475 5339 consuevisse
1486 5286 1589 5338 diceret.

1976 5014 1978 5093 ί

1976 5104 1977 5173 l

1975 5180 1977 5227 i
