3967 5967
708 460 805 522 xxn.
829 462 929 522 ΚΑΤΑ
953 459 1232 521 ΑΝΔΡΟΤΙΩΝίλΣ.
1712 463 1770 513 695

166 592 248 661 ίλουλή
263 589 306 647 οὐν
320 592 386 648 ἐστιν
400 592 504 648 ἐνταῦθα
518 593 574 663 περὶ
585 591 705 656 ἐκδάσεως
717 598 762 649 τού
774 594 943 666 ψτῃίσματσς,
990 592 1055 646 πολύ
1066 593 1180 663 σημαίνει
1193 590 1222 644 εδ
1236 590 1320 651 σέδας·
1333 587 1388 641 οὐδέ
1402 586 1481 640 ἄλλου
1496 586 1539 657 μέν
1556 586 1647 655 πατέρα
1662 584 1774 655 τολμῶν-

166 677 191 729 τί
203 676 249 746 όρα
263 674 391 740 έκδήσεται
403 673 427 735 ἐξ
443 671 517 725 αὐτοῦ
531 673 647 744 θστερον,
662 671 710 727 είτε
724 672 817 743 άγαθδν
836 671 885 727 εἴτε
905 673 946 725 καί
990 692 1031 735 τος
1045 671 1204 735 ἀποκτεῖναι,
1219 670 1262 723 τδν
1276 668 1382 740 ἐμαυτοῦ
1402 673 1453 730 πῶς
1473 669 1502 719 ἂν
1524 667 1571 736 άρα
1583 664 1698 737 έμίσουνς
1719 663 1774 735 ἔχει

166 755 258 815 άλλως.
298 753 371 807 Ἔστι
390 752 505 822 δέλόγσς
516 752 701 823 δευτερολογία·
720 751 798 824 δγάρ
810 751 945 823 Εὐκτήμων
990 751 1039 823 γὰρ
1053 750 1150 817 πολλὴν
1161 752 1269 805 ἐπίτασιν
1279 755 1321 816 τῆς
1331 749 1422 809 αἰδοῦς.

164 835 237 888 εἰπὼν
256 839 350 904 πρῶτος
362 832 387 886 έν
406 833 524 902 δευτέροις
543 831 558 884 6
577 832 698 902 Διόδωρος
717 831 795 902 λέγει.
832 832 875 884 Διδ
889 829 946 884 ούτε
1028 831 1090 900 593,
1105 828 1406 899 ιίς.ίέατασκιυάσας]λ’ὐ
1422 825 1464 896 μέν
1478 825 1657 886 κατασκευάσας
1666 825 1773 879 ύττοπτον

164 914 291 985 προοίμιον
306 912 359 982 ίχει
372 912 387 964 5
400 911 475 983 λόγος
485 910 540 965 ούτι
549 911 664 981 διήγησιν
676 911 717 963 διὰ
730 912 844 978 τοιαύτην
855 910 944 977 αἰτίαν,
990 909 1032 962 καλ
1050 912 1137 981 δμοιον
1151 915 1186 980 τῷ
1198 910 1322 980 προτέρῳ·
1340 908 1368 959 τό
1389 905 1415 958 δὲ
1428 903 1482 976 περὶ
1499 908 1542 970 τῆς
1562 903 1672 965 άσεύείας
1684 907 1727 969 τῆς
1741 903 1778 967 εἰς

165 994 293 1063 έπειδήπερ
306 991 344 1046 άεί
357 992 385 1046 τδ
397 993 525 1064 προοίμιον
541 993 613 1046 ίνεκα
627 991 752 1063 θεραπείας
760 998 808 1045 τῶν
821 990 946 1062 ἀκροατῶν
990 989 1047 1052 τούς
1062 991 1251 1061 κατοιχομένους
1265 992 1377 1041 τοιοῦτον
1394 981 1440 1052 ἦν·
1455 984 1499 1036 οὐκ
1510 982 1616 1049 ἠδύνατο
1631 981 1773 1054 Ἀνδροτίων

164 1076 276 1146 λέγεται,
290 1073 306 1140 ίη
322 1073 349 1127 δέ
363 1074 475 1144 διήγησις
489 1075 561 1141 ίμεκα
574 1077 618 1127 τού
641 1072 733 1135 διδάξαι
746 1072 802 1135 τούς
815 1072 947 1135 ἀκούοντας
990 1070 1065 1139 φόνου
1079 1070 1228 1140 κατηγορίαν
1242 1067 1305 1121 κατὰ
1321 1071 1364 1120 τοῦ
1385 1065 1508 1135 Διοδώρου
1522 1063 1668 1130 ποιήσασθαι
1683 1062 1716 1134 μὴ
1738 1067 1773 1117 ών

163 1160 213 1217 πῶς
231 1154 284 1225 ἔχει
306 1154 335 1207 τδ
349 1157 392 1219 τῆς
411 1153 554 1216 ύποθέσεως.
592 1153 642 1205 Τοῦ
665 1147 708 1205 οὐν
722 1154 818 1223 πρώτου
832 1152 947 1223 λέγοντος
990 1150 1035 1202 τὀύ
1050 1152 1228 1220 πεφονευμένου
1242 1148 1370 1219 συγγενής.
1408 1145 1494 1207 Λύτοῖς
1515 1144 1563 1215 γάρ
1583 1145 1665 1214 μόνοις
1682 1143 1773 1214 ἐπιτρὲ·

168 1233 216 1300 ήδη
227 1234 268 1286 καί
282 1234 474 1303 θεραπεύσαντος
485 1231 541 1293 τοδς
561 1230 733 1302 άκροατόιςδιδ
748 1236 796 1284 τῶν
811 1231 945 1301 προοιμίων
990 1248 1076 1282 πουσιν
1089 1229 1114 1283 οἱ
1126 1231 1208 1301 νόμοι.
1246 1227 1365 1299 Γράφεται
1379 1220 1423 1278 οὐν
1442 1224 1485 1278 τδν
1503 1222 1608 1293 άδελφδν
1622 1228 1665 1277 τοῦ
1683 1223 1773 1296 άνηρη·

163 1315 205 1366 καὶ
217 1314 356 1375 διδάξαντος
370 1313 400 1366 τδ
410 1314 511 1383 πρᾶγμα
524 1311 564 1363 διὰ
578 1315 621 1377 τῆς
631 1312 814 1375 καταστάσεως,
830 1312 946 1381 περιττόν
992 1309 1079 1379 μένον,
1093 1310 1161 1363 θεῖον
1175 1310 1236 1361 ὄντα
1248 1311 1292 1360 τού
1305 1307 1443 1376 Διοδώρου,
1456 1302 1580 1367 άσεύείας,
1589 1305 1628 1356 ότι
1637 1305 1773 1374 συνδιατρί·

162 1391 228 1446 ἐστιν
241 1393 277 1446 ἔτι
290 1393 334 1445 τδν
345 1393 454 1463 δεύτερον
464 1391 570 1462 λέγοντα
582 1388 644 1444 αὐτά
657 1390 731 1444 πάλιν
744 1389 831 1444 εἰπεῖν.
855 1389 945 1444 Ἰστέον
991 1388 1029 1441 δει
1041 1388 1107 1460 αὐτῷ
1118 1388 1271 1459 διεφθαρκότι
1289 1387 1332 1440 τὸν
1356 1387 1463 1455 πατέρα,
1485 1384 1539 1436 δέον
1557 1381 1694 1444 ἐπεξελθεῖν
1715 1384 1774 1454 ὐσέρ

161 1472 190 1524 δέ
206 1473 245 1524 δτι
259 1471 302 1524 δύο
314 1472 400 1542 τρόποι
415 1471 462 1524 είσλ
474 1470 673 1542 δευτερολογίας,
688 1470 703 1522 ό
716 1488 742 1523 τι
755 1468 796 1522 έπλ
812 1474 861 1521 τῶν
878 1467 946 1520 ι’διω·
990 1465 1097 1539 άδελφού
1109 1470 1253 1535 τεθνηκότος
1300 1465 1335 1518 Τδ
1348 1464 1374 1519 δέ
1392 1466 1420 1517 δν
1434 1463 1454 1518 εί
1469 1464 1556 1529 συνὲόη
1575 1461 1775 1523 ώςπολλῶνκαί

162 1557 236 1604 τινῶν
256 1550 360 1621 άγώνων
380 1552 422 1604 καί
447 1550 519 1605 όέπέ
540 1556 589 1603 τῶν
607 1550 742 1619 δημοσίων.
786 1547 946 1602 Γίνονταιδέ
990 1547 1109 1601 τοιούτων
1128 1545 1155 1600 έν
1175 1549 1227 1608 τοῖς
1251 1546 1413 1615 δικαστηρίοις
1434 1543 1628 1613 πιστευομένων,
1647 1543 1693 1594 κᾶν
1708 1539 1773 1614 μήή

162 1629 274 1700 έκάτερος
290 1630 381 1692 ούτως·
401 1628 442 1683 ἐπὶ
464 1628 506 1702 μέν
529 1634 577 1682 τῶν
594 1627 721 1681 ἰδιωτικῶν
735 1626 750 1680 6
766 1621 800 1690 είς
814 1629 949 1699 κατηγορεῖ
991 1625 1084 1694 άληθῆ,
1122 1626 1196 1688 Αὐτός
1207 1626 1234 1679 δέ
1244 1624 1359 1696 έπικρίνει
1369 1623 1409 1675 διὰ
1423 1627 1467 1676 τοῦ
1480 1621 1525 1675 οὐκ
1536 1622 1602 1675 έστιν
1615 1620 1726 1691 οὐδεμία,
1741 1622 1774 1683 ὡς

162 1715 210 1762 τῶν
223 1711 377 1774 διωκόντων,
392 1708 447 1762 εἶτα
460 1709 474 1761 6
485 1708 580 1779 φεύγων
601 1707 775 1779 ἀπολογεῖται,
794 1704 849 1760 εἶτα
871 1706 945 1761 πάλιν
991 1706 1221 1780 άποδεχόμενοςτύς
1231 1706 1329 1769 πόλεις,
1341 1703 1363 1758 εἰ
1377 1703 1410 1776 μὴ
1424 1704 1544 1765 δέξαιντο.

161 1789 176 1842 6
191 1792 270 1861 ἕτερος
283 1791 419 1862 κατήγορος
432 1793 578 1861 κατηγορεῖ,
593 1787 648 1842 εἷτα
659 1788 674 1841 6
687 1788 782 1859 φεύγων
796 1787 870 1842 πάλιν
884 1786 945 1842 άπο·
1028 1788 1090 1857 593,
1105 1804 1150 1842 22.
1180 1785 1249 1857 Ἐγὼ
1270 1785 1351 1838 τοίνυν
1369 1784 1463 1854 ταῦτα]
1484 1779 1585 1847 Ἐπειδὴ
1603 1781 1707 1842 ἁλόντος
1730 1786 1774 1833 τοῦ

161 1869 275 1936 λογεῖται
286 1870 328 1922 καί
340 1872 397 1940 πρδς
414 1874 511 1924 τούτου.
554 1867 613 1923 Ἐπὶ
625 1868 652 1921 δέ
663 1874 712 1922 τῶν
726 1868 851 1939 δημοσίων
865 1867 889 1920 οί
903 1868 945 1920 δύο
992 1867 1056 1919 θείου
1071 1866 1113 1920 καί
1124 1866 1195 1927 αὐτὸς
1206 1864 1311 1937 ἐμελλεν
1332 1863 1418 1933 ἔνοχος
1436 1862 1533 1916 ἕσασθαι
1547 1861 1588 1914 καλ
1604 1860 1772 1923 κινδυνεύσαι,

162 1949 244 2021 ἐφεξῆς
254 1952 415 2022 κατηγόρουν,
432 1949 511 2004 εἷταδ
522 1951 618 2021 φεύγων
628 1949 686 2020 πρδς
699 1946 744 2014 τήν
759 1955 808 2001 τῶν
818 1949 861 2001 δύο
874 1968 947 2017 κατη·
990 1946 1006 2012 ἢ
1021 1948 1059 1999 ότι
1071 1947 1196 2000 συνεπόνει
1207 1944 1310 2016 τῷθείῳ
1322 1943 1418 2014 γέροντί
1429 1961 1455 1995 τε
1467 1942 1520 1995 όντι
1533 1940 1691 2011 καλδεομένῳ
1699 1958 1773 2008 συνη-

161 2031 247 2100 γορίαν
258 2029 413 2101 ἀπελογεῖτο,
426 2033 482 2083 ΑΗ.
990 2027 1076 2097 γόρον.
1115 2025 1242 2097 Ἔμφασιν
1259 2024 1284 2076 δέ
1299 2022 1352 2093 ἔχει
1373 2022 1402 2076 τδ
1416 2021 1482 2092 ἐγώ,
1503 2017 1557 2074 οἷον
1578 2020 1592 2072 6
1619 2019 1716 2086 ίδιιύτης
1733 2020 1774 2072 καλ

199 2104 300 2169 ίίύτοςό
314 2107 389 2179 λόγος
404 2108 464 2179 μετέ
482 2108 537 2170 τούς
552 2107 715 2170 Φιλιππικούς
726 2108 821 2179 πρῶτός
832 2107 883 2161 ἐστι
896 2114 945 2161 τῶν
990 2106 1087 2177 άπειρος
1102 2109 1248 2177 περιγέγονε
1262 2104 1394 2176 τῷδικαίῳ
1408 2106 1452 2155 τού
1471 2102 1586 2171 τεχνίτου
1602 2099 1700 2153 τούτου.
1738 2098 1773 2150 To

163 2187 302 2256 δημοσίων.
344 2184 484 2258 Ὁμολογεῖ
495 2187 521 2240 δέ
541 2185 585 2252 τὴν
605 2186 727 2258 ἔχθρανύ
748 2191 891 2257 κατηγορῶν
913 2187 946 2249 έος
990 2188 1017 2242 δέ
1037 2190 1076 2242 καί
1095 2188 1137 2243 τδν
1160 2188 1238 2240 άλλον
1261 2186 1367 2257 χρόνον,
1390 2183 1466 2238 οἱονεί
1487 2182 1606 2242 ἀθάνατος
1628 2180 1716 2250 έσσμαι
1739 2185 1774 2249 τῷ

164 2266 350 2334 προαδικηθεὶς,
373 2270 405 2337 τῇ
426 2266 562 2337 κατηγορίᾳ
583 2264 734 2337 άμυνόμενος
781 2263 836 2317 Ἵνα
858 2264 885 2318 δέ
909 2262 943 2337 μὴ
989 2268 1165 2337 προηδικηκότι
1179 2267 1326 2337 κατήγορος.
1364 2266 1400 2317 Δι’
1416 2260 1452 2317 ὧν
1466 2262 1492 2317 δέ
1506 2264 1613 2333 σφοδρῶς
1628 2260 1772 2332 άγανακτεῖ,

159 2344 217 2417 δόξῃ
231 2345 304 2415 μόνος
317 2345 538 2417 ώςφιλοπράγμων
551 2347 715 2417 κατηγορεῖν,
728 2345 946 2408 δείκνυσινώςκαλ
989 2346 1031 2400 διά
1051 2347 1145 2401 τούτων
1161 2348 1190 2401 τδ
1209 2347 1311 2418 μέγεθος
1330 2342 1366 2398 ὧν
1392 2343 1481 2412 ύπέστη
1501 2342 1586 2408 δηλοῖ.
1623 2341 1658 2392 Tb
1679 2339 1705 2393 δέ
1720 2340 1773 2410 μεθ’

159 2424 238 2477 άλλον
251 2422 360 2492 ἠδίκηκε.
399 2426 531 2497 Προείρηκε
546 2425 595 2496 γάρ
606 2425 761 2496 Εὐκτήμων,
775 2424 817 2477 καὶ
828 2423 880 2477 ἔστι
891 2425 944 2478 δευ·
989 2426 1075 2498 ὐμιῗιν,
1094 2425 1149 2479 οἷον
1164 2425 1225 2497 μετύ
1238 2432 1287 2479 τῶν
1299 2423 1464 2495 ἠδικημένων.
1506 2418 1605 2486 Ἐπειδὴ
1619 2420 1646 2474 δέ
1663 2418 1774 2484 εἷπεν,ἃ

159 2505 292 2575 τερολογία
305 2510 349 2559 τοῦ
364 2506 486 2577 Διοδώρου
502 2505 516 2557 6
531 2505 619 2575 λόγος·
642 2507 698 2559 όθεν
716 2503 784 2570 καὶῆ
800 2506 945 2566 κατάποσις
990 2507 1121 2579 παρέλιπεν
1133 2505 1272 2576 Εὐκτήμων
1286 2505 1350 2575 ἐρῶ,
1360 2506 1404 2557 ἵνα
1418 2502 1451 2575 μή
1471 2501 1586 2574 ἀντιπέσῃ
1608 2502 1646 2553 δτι
1660 2500 1775 2561 συνειδὼς

160 2584 322 2639 ἐπιλέλοιπεν,
360 2584 456 2638 Εἰδέναι
471 2584 498 2637 δέ
518 2583 566 2656 χρὴ
580 2586 619 2638 δτι
635 2584 660 2638 έν
679 2580 715 2646 οίς
734 2583 776 2655 μέν
792 2585 820 2636 ἂν
841 2583 942 2656 ἐγχωρῇ
989 2585 1103 2656 ἄχρηστα
1112 2582 1346 2656 παρέλιπεν,έπάγει
1354 2585 1392 2635 ότι
1400 2581 1582 2653 ώφέλιμάέστιν
1590 2581 1649 2653 ύμῖν
1661 2581 1772 2635 ἀκούσαι.

159 2664 308 2728 λανθάνειν,
325 2663 481 2735 ἀρνησόμεθα
498 2664 528 2717 τδ
542 2665 574 2715 δι’
587 2664 678 2735 ἔχθραν
691 2665 852 2733 κατηγορεῖν
872 2663 946 2727 ένοίς
1028 2666 1088 2735 593,
1102 2666 1147 2717 23.
1169 2663 1239 2734 [ίαρό
1263 2663 1368 2734 μικρὸν]
1390 2661 1545 2733 Σημειωτέον
1566 2660 1610 2726 τήν
1634 2660 1712 2723 λέξιν,
1735 2662 1774 2715 δτι

159 2743 185 2794 δὲ
200 2742 313 2808 ἐπίδηλος
326 2740 341 2807 ⁵1
359 2743 502 2813 δυσμένεια,
518 2743 546 2795 τδ
560 2742 696 2813 ὁμολογεῖν
707 2742 889 2812 πιθανώτερον,
902 2743 945 2795 ίνα
990 2742 1061 2814 ζήλῳ
1078 2744 1226 2796 Θουκυδίδου
1244 2742 1446 2813 μεταρρυθμίσθη.
1487 2739 1604 2802 ίίάκεῖνος
1620 2738 1668 2810 γάρ
1682 2738 1769 2794 εἶπεν·

161 2819 195 2889 μὴ
215 2820 313 2889 ἁλῶμεν
339 2820 364 2873 ἐν
388 2824 440 2882 τοῖς
461 2824 574 2891 φανεροῖς
602 2820 666 2873 ούτω
683 2820 836 2891 ψευδόμενοι.
875 2822 945 2893 Λέγει
993 2843 1004 2870 ν
1027 2821 1140 2889 ἐνίκησαν
1152 2822 1217 2892 παρά
1230 2822 1292 2876 πολύ
1308 2844 1320 2870 ν
1335 2820 1390 2873 άντλ
1403 2825 1448 2874 τού
1460 2818 1523 2873 κατὰ
1536 2819 1609 2875 πολύ.
1647 2819 1718 2871 (δύτω
1731 2819 1774 2872 καλ

158 2893 219 2950 οὐν·
250 2899 382 2969 νομοθέτης
408 2919 449 2970 μοι
472 2901 574 2970 γέγονεν
597 2899 750 2970 Εὐκτήμων·
777 2900 891 2971 πείθομαι
913 2905 944 2973 τῇ
990 2899 1121 2970 ένταύθαέγ
1136 2905 1200 2973 παρά
1211 2903 1324 2973 πρόθεσις
1335 2901 1390 2955 άντλ
1400 2904 1444 2955 τοῖν
1458 2901 1520 2954 κατά
1533 2900 1609 2954 ἐστίν.
1625 2903 1682 2956 ΑΒ.

160 2979 263 3048 γνώμη·
288 2977 357 3044 ζηλῶ
371 2979 413 3031 τόν
427 2978 587 3034 διδάσκαλον.
625 2977 710 3044 δίεστὴ
729 2978 755 3033 δέ
769 2978 870 3046 ήθουςίη
885 2983 944 3052 πρό-
1026 2982 1087 3051 593,
1105 2987 1149 3046 τό.
1171 2983 1205 3035 Τ“ο
1219 2984 1329 3053 πέμπτον
1352 2982 1438 3053 μέρος]
1457 2980 1611 3051 θεόφραστος
1626 2979 1652 3033 ἐν
1666 2986 1702 3052 τῷ
1719 2981 1774 3051 περὶ

159 3074 226 3117 τασις
237 3059 363 3126 φαίνεται,
379 3055 419 3109 διά
432 3057 460 3110 τδ
475 3056 517 3110 ἐὰν
529 3057 576 3127 άρα
589 3055 642 3119 οίύς
654 3076 680 3110 τε
693 3052 725 3111 ὦ.
763 3057 857 3128 (λύγλο
872 3055 942 3124 εἷπε,
990 3061 1073 3132 νόμων
1097 3061 1170 3131 φησίν
1186 3063 1225 3114 ότι
1241 3061 1407 3114 πεντακοσίων
1431 3060 1509 3113 όντων
1535 3065 1584 3112 τῶν
1607 3060 1728 3112 δικαστῶν
1751 3058 1773 3112 εί

161 3135 242 3204 θαρρῶ
252 3136 347 3197 πάντως
358 3136 427 3203 δίκην
441 3136 514 3189 αὐτδν
525 3134 710 3206 εἰσπράξασθαι,
723 3134 789 3189 ἀλλὰ
801 3138 944 3208 πειράσομαι
990 3139 1063 3192 έλαδε
1076 3140 1104 3193 τδ
1115 3139 1189 3193 πλέον
1201 3141 1270 3211 μέρος
1281 3145 1329 3192 τῶν
1340 3139 1425 3210 ψήφων
1435 3138 1449 3191 6
1461 3138 1689 3209 κατηγορούμενος,
1702 3137 1772 3192 οὐδέν

159 3211 202 3265 έόν
221 3214 268 3284 άρα
284 3212 335 3275 οἶός
355 3233 381 3268 τε
394 3210 426 3269 ὦ.
447 3244 484 3255 -
498 3213 564 3266 ίίατά
586 3215 717 3284 παράθεσιν
738 3215 764 3269 δέ
783 3220 902 3286 προῆκται
916 3217 944 3271 τδ
989 3216 1083 3287 ἔπασχε
1095 3218 1190 3282 δεινδν,
1208 3216 1266 3268 ἀλλ’
1280 3215 1414 3270 άπελύετο·
1427 3215 1449 3269 εἰ
1462 3216 1489 3270 δέ
1502 3216 1516 3269 6
1529 3216 1666 3288 κατήγορος
1681 3215 1714 3288 μὴ
1728 3237 1772 3287 με·

158 3295 296 3366 προοίμιον.
335 3293 411 3348 Ὅθεν
432 3293 529 3366 ἐγένετο
552 3293 592 3346 καλ
620 3295 780 3366 μακρότερον.
818 3296 944 3367 Συγκρίνει
989 3295 1076 3348 τέλαύε
1094 3295 1156 3349 τότ’
1169 3296 1255 3366 μέρος,
1272 3293 1329 3346 ἀλλ’
1342 3294 1366 3347 οί
1382 3295 1495 3349 πλεῖστοι
1508 3295 1671 3366 τῷφεύγοντι
1688 3294 1772 3366 έψηφί·

159 3373 208 3444 γάρ
223 3378 275 3436 τοῖς
296 3376 437 3445 γενομένοις
456 3374 510 3427 κατ’
524 3372 682 3444 Εὐκτήμονος
699 3376 759 3446 άπερ
773 3374 844 3437 αὐτός
857 3373 943 3444 ἠδίκη-
989 3393 1065 3427 σαντα
1076 3415 1083 3439 ,
1094 3374 1154 3445 πρδς
1168 3381 1204 3447 τῷ
1217 3374 1354 3442 ἡττηθῆναι
1366 3370 1411 3438 τὴν
1425 3374 1495 3441 δίκην
1518 3374 1561 3427 τδν
1578 3374 1717 3445 κατήγορον
1731 3375 1773 3428 καί

158 3468 215 3515 ται,
229 3453 270 3503 καὶ
283 3453 371 3523 φησὶν,
384 3448 454 3515 ούτος
475 3452 517 3523 μέν
532 3451 580 3525 γάρ
595 3452 627 3515 εές
640 3454 758 3525 χρήματα
770 3453 941 3523 ἐπεύουλεύθη.
989 3452 1121 3525 ἐζημιοῦτο
1134 3455 1227 3525 χιλίαις
1237 3455 1375 3525 δραχμαῖς,
1391 3452 1413 3506 εί
1430 3454 1457 3507 δέ
1472 3453 1590 3524 μετέλαύε
1603 3453 1770 3525 τύᾶμπσν,

195 3533 258 3600 593,
276 3551 298 3588 ι.
315 3532 393 3603 Ὅπερ
406 3533 558 3605 Εὐκτήμων]
579 3530 614 3586 Ἦ
628 3536 710 3596 στάσις
724 3535 891 3604 πραγματική.
908 3566 944 3576 -
988 3533 1081 3599 ἡττᾶτο
1103 3535 1162 3606 μέν,
1186 3533 1215 3587 οὐ
1235 3532 1283 3604 μὴν
1299 3532 1441 3602 έζημιούτο.
1482 3531 1606 3600 Ἐζητήθη
1621 3533 1647 3586 δέ
1667 3533 1745 3587 διὰτί
1758 3534 1773 3587 6

158 3608 216 3663 Ὅτι
231 3607 301 3674 ούτος
314 3612 328 3664 6
348 3612 423 3684 λόγος
438 3613 499 3683 μετέ
513 3614 569 3675 τούς
586 3614 749 3675 Φιλιππικούς
761 3614 870 3685 δεύτερός
893 3612 944 3668 ἔστι
992 3613 1135 3685 ’λνδροτίων
1151 3612 1184 3686 μὴ
1204 3613 1349 3684 μεταλαδέυν
1363 3613 1393 3666 τδ
1407 3614 1518 3683 πέμπτον
1533 3614 1604 3684 μέρος
1621 3618 1671 3667 τῶν
1685 3614 1772 3685 ψήφων

159 3694 207 3741 τῶν
221 3691 357 3761 δημοσίων.
377 3722 412 3733 -
429 3690 570 3764 Ὁμολογεῖ
578 3692 623 3760 τὴν
638 3692 759 3764 έχθρανδ
780 3701 942 3765 κατηγορῶν,
989 3694 1033 3747 οὐκ
1052 3693 1180 3765 ἠτιμώθη,
1196 3692 1263 3747 ἀλλὰ
1281 3693 1399 3765 χρήματα
1421 3692 1512 3756 ίδωκε,
1532 3693 1574 3746 καὶ
1594 3697 1671 3747 ταῦτα
1684 3695 1773 3747 Λυσίου

158 3768 192 3830 ὡς
204 3771 372 3840 προαδικηθεὶς
386 3776 417 3843 τῇ
430 3774 567 3844 κατηγορία
583 3772 744 3844 ἀμυνόμενος.
763 3775 795 3828 Β.
810 3771 943 3844 Ἐνόμισάν
989 3774 1116 3844 λέγοντος.
1154 3774 1264 3845 Λέγομεν
1274 3774 1312 3826 δτι
1322 3772 1337 3826 6
1348 3771 1374 3826 έν
1387 3772 1451 3844 τρισί
1462 3773 1625 3844 δικαστηρίοις
1634 3773 1774 3844 ἡττώμενος

159 3868 223 3911 τινες
235 3855 308 3904 τοῦτο
326 3850 390 3904 εἶναι
401 3854 530 3924 προοίμιον
542 3872 548 3885 ·
561 3852 605 3906 οὐκ
617 3851 668 3905 ἔστι
682 3852 723 3917 δέ,
738 3853 771 3905 δι’
785 3855 815 3921 ἣν
828 3855 943 3926 προείπα-
989 3852 1014 3906 έν
1029 3855 1152 3924 διαφόροις
1164 3854 1320 3924 πράγμασιν,
1340 3846 1410 3915 ούτος
1422 3852 1455 3915 ὣς
1469 3854 1619 3923 συκοφάντης
1637 3850 1769 3925 ήτιμούτο·

160 3950 204 4001 μεν
222 3929 316 3996 αἰτίαν,
338 3931 404 3984 άλλύι
417 3936 617 4004 προοιμιαστικῆς
631 3931 739 4011 έννοίας,
753 3933 797 3985 ίνα
811 3932 844 4005 μή
863 3937 944 4006 ὥσπερ
988 3932 1072 3987 δδέίν
1082 3932 1133 3999 ἐνί,
1151 3934 1233 4004 ὥσπερ
1252 3930 1411 4002 Ἀνδροτίων,
1427 3930 1506 3985 έδίδου
1520 3933 1617 4002 χιλίας,
1630 3935 1663 3996 ὣς
1674 3953 1747 4006 φησιν
1759 3934 1773 3983 ὁ

157 4008 288 4081 άποτύμως
305 4012 347 4064 καλ
359 4013 413 4065 κατ’
434 4011 508 4084 άκρας
521 4012 588 4074 εὐθύς
609 4011 711 4085 εἰσύάλη
732 4012 764 4075 είς
778 4013 808 4066 τά
826 4014 945 4085 κεφάλαια
990 4013 1125 4075 Γενέθλιος.
1144 4015 1201 4067 ΑΒ.
1238 4012 1269 4065 θί
1284 4011 1317 4084 μὴ
1334 4012 1512 4082 μιταλαδόντες
1525 4013 1553 4065 τδ
1572 4015 1681 4084 πέμπτον
1703 4016 1773 4084 μέρος

158 4090 200 4142 καὶ
213 4092 268 4152 τούς
279 4090 384 4161 ἀγῶνας.
394 4094 426 4145 Α.
988 4100 1038 4148 τῶν
1051 4092 1137 4165 ψήφων
1157 4093 1313 4146 κατετίθεσαν
1337 4091 1468 4162 ἐπιτίμιον.
1507 4091 1660 4161 θεόφραστος
1680 4092 1777 4161 ίστορεῖ

197 4170 258 4239 593,
276 4172 300 4223 5.
316 4170 475 4243 Συμύέύηκε]
490 4172 569 4225 Τοῦτο
578 4169 694 4240 ένόμισάν
702 4189 765 4233 τινες
778 4169 843 4225 εἶναι
855 4173 943 4245 διήγη·
988 4174 1069 4244 λέγων
1081 4172 1167 4233 ούτως·
1185 4195 1197 4219 ν
1217 4170 1343 4238 Ἀθήνησιν
1357 4166 1401 4223 οὐν
1419 4169 1510 4232 ἐντοῖς
1526 4172 1653 4240 δημοσίοις
1664 4170 1771 4241 ἀγῶσιν,

158 4266 212 4298 σιν·
230 4248 274 4299 οὐκ
293 4248 344 4302 ἔστι
356 4250 399 4314 δέ,
415 4250 472 4302 ἀλλ’
483 4253 564 4321 ὥσπερ
582 4251 837 4322 παραδιηγηματικόν.
853 4255 906 4306 ΑΒ,
991 4274 1003 4302 ιι
1025 4251 1066 4306 ἐάν
1078 4250 1111 4321 μὴ
1123 4251 1249 4322 μεταλάδη
1258 4269 1293 4312 τις
1305 4249 1333 4302 τδ
1346 4252 1455 4319 πέμπτον
1466 4251 1550 4319 μέρος,
1558 4249 1641 4319 χιλίας
1652 4248 1770 4313 όποτίνει,

196 4324 257 4393 593,
288 4328 313 4379 8,
338 4322 416 4388 θύτας
446 4330 489 4398 μέν
515 4346 543 4397 γε
564 4326 597 4389 είς
616 4328 734 4398 χρήματα
759 4326 941 4402 ίπεόουλιύθη]
991 4353 1003 4380 ι
1024 4330 1066 4384 καί
1077 4331 1113 4384 ἔτι
1131 4330 1246 4400 πρόσεστί
1257 4348 1292 4390 τις
1303 4327 1471 4401 άτιμία,οίον
1490 4329 1519 4382 τδ
1534 4327 1622 4391 έξεῖναι
1636 4330 1698 4400 μήτε
1710 4333 1771 4401 γρά·

161 4401 410 4468 Ἐπειδὴόκλέπτιον
422 4406 452 4458 τά
463 4407 533 4459 κοινά
546 4406 578 4469 εἰς
587 4408 678 4477 ζημίαν
690 4410 826 4479 χρημάτων
839 4410 943 4479 βλάπτε-
991 4432 1003 4459 ι
1024 4411 1113 4480 ψασθαι
1134 4409 1283 4479 παρανόμων
1307 4408 1368 4478 μήτε
1389 4408 1481 4478 φαίνειν
1503 4407 1564 4477 μήτε
1587 4406 1769 4478 ἐφηγεῖσθαι.ι

157 4502 197 4536 ται
209 4483 251 4535 καί
265 4486 307 4548 τῆς
324 4482 406 4546 οὐσίας
423 4483 546 4548 έκπίπτει,
560 4485 601 4538 διό
615 4491 688 4539 τοῦτο
701 4487 778 4549 ούτως
794 4486 874 4559 εἴρηκε
885 4528 892 4552 ,
903 4490 944 4542 καὶ
988 4494 1044 4545 AB.
1062 4490 1136 4551 Ἐθος
1147 4484 1177 4555 ήν
1190 4485 1256 4557 παρὰ
1269 4489 1322 4549 τοῖς
1334 4484 1466 4554 Ἀθηναίοις
1477 4485 1519 4548 τάς
1529 4488 1597 4548 δίκας
1605 4487 1772 4558 γυμνάζεσθαι

158 4561 186 4614 τό
199 4564 254 4632 παρ’
267 4562 326 4633 ύμῖν
338 4562 426 4624 όδίκως
443 4563 574 4628 ἐκπεσεῖν,
595 4566 633 4618 δτι
652 4564 797 4633 ἐκύέδληται
810 4571 854 4634 τῆς
866 4567 944 4638 ἀρχῆς
988 4576 1084 4641 πρῶτον
1097 4567 1162 4640 παρά
1177 4568 1312 4633 διαιτηταῖς
1326 4584 1375 4618 τισι
1390 4567 1437 4636 πφδ
1453 4569 1496 4620 τού
1510 4565 1630 4620 εἰσελθεῖν
1648 4565 1682 4629 είς
1694 4566 1722 4620 ιδ
1734 4567 1771 4619 δι·

157 4643 199 4697 καί
211 4648 253 4709 τῆς
265 4642 473 4711 άπαιτήσεωςτῶν
485 4644 612 4715 εἰσφορῶν.
651 4646 831 4702 Διδκαλεῖπεν
844 4649 941 4711 άδίκως.
988 4649 1129 4720 καυτήριον.
1141 4646 1435 4717 Τούτοδέέγίνετο,ἵνα
1446 4643 1479 4719 μὴ
1490 4651 1599 4716 συνεχῶς
1608 4647 1726 4708 καθίζουσι
1734 4648 1775 4699 δι-

194 4724 256 4793 593,
272 4741 303 4777 10
327 4722 389 4776 0666
405 4718 453 4795 είς]
465 4722 526 4777 Οὐδέ
542 4730 590 4777 τῶν
603 4725 681 4796 φίλων
696 4726 821 4793 δηλονότι.
834 4730 888 4785 TC.
988 4725 1390 4798 καστήριακαίόπλῶςένοχλῶσι
1405 4728 1459 4787 τοῖς
1476 4726 1612 4786 δικασταῖς.
1650 4723 1720 4777 Εέδέ
1737 4724 1770 4794 μή

194 4803 255 4871 593,
274 4820 316 4856 11.
333 4802 365 4856 Et
380 4802 410 4855 τά
425 4805 664 4877 κατασκευασθέντα]
686 4807 795 4859 Δείκνυσι
809 4806 853 4873 τήν
871 4828 943 4862 συκο·
988 4808 1059 4876 πίρας
1073 4806 1132 4877 έσχι
1146 4806 1201 4876 παρ’
1213 4805 1329 4870 έκείνοις,
1344 4806 1400 4858 τότι
1411 4804 1486 4877 είσήει
1497 4803 1513 4870 ἡ
1526 4805 1581 4870 δίκη
1594 4803 1660 4874 παρά
1675 4805 1728 4866 τοῖς
1737 4805 1772 4856 δι·

160 4880 288 4951 φαντίανίη
302 4880 378 4944 λέξις·
395 4884 568 4945 κατασκευάζει
581 4884 629 4954 γάρ
646 4903 681 4946 τις
695 4884 725 4937 r&
737 4885 770 4955 μὴ
783 4887 849 4938 όντα.
988 4890 1097 4950 κασταῖς.
1136 4886 1214 4939 Πάλιν
1236 4885 1263 4940 δέ
1284 4886 1325 4940 καλ
1346 4885 1495 4952 διὰταύτην
1517 4883 1562 4951 τὴν
1590 4882 1670 4939 αίτίαν
1692 4885 1773 4937 πάντα

195 4962 257 5029 593,
276 4978 316 5016 12.
334 4961 359 5014 ’A
374 4963 417 5015 καλ
425 4962 506 5033 λέγειν
518 4964 547 5015 όν
563 4961 691 5035 δκνήσειε]
705 4964 769 5035 ’Ὀρα
778 4964 823 5031 την
837 4968 942 5035 μόθοδον
988 4967 1083 5022 ἐποίουν
1103 4968 1162 5039 πρὸς
1179 4968 1208 5022 τδ
1223 4965 1256 5038 μὴ
1271 4966 1378 5029 καθίζειν
1397 4966 1555 5036 δικαστήρια,
1570 4965 1614 5017 ἵνα
1637 4962 1670 5034 μή
1689 4963 1772 5018 πολλὰ

159 5042 203 5090 τοῦ
218 5040 233 5090 ά
248 5040 289 5092 καί
306 5039 386 5112 λέγειν
401 5042 441 5095 άν.
479 5043 515 5094 Δι’
533 5038 569 5095 ὧν
583 5042 632 5113 γάρ
643 5042 715 5095 ὀκνεῖ
730 5043 771 5096 καί
791 5048 943 5115 παραιτεῖται
986 5046 1104 5118 χρήματα
1124 5046 1264 5100 άναλίσκειν
1288 5043 1389 5111 ἡπόλις
1409 5043 1588 5116 άναγκάζηται.
1629 5041 1772 5116 Ἐλάμδανε

158 5118 257 5188 λέγειν,
271 5120 312 5172 διδ
328 5122 420 5175 τούτων
432 5122 465 5185 ὡς
478 5123 583 5193 καθαρδς
602 5123 705 5193 ύπάρχει
720 5123 776 5194 βοᾷ.
813 5125 848 5177 Tb
859 5124 886 5178 δέ
900 5146 943 5180 πα·
987 5126 1035 5197 γὰρ
1050 5124 1084 5188 είς
1096 5128 1196 5187 ἕκαστος
1207 5131 1255 5178 τῶν
1265 5126 1385 5177 δικαστῶν
1397 5124 1446 5178 άπδ
1458 5128 1501 5191 τῆς
1512 5123 1606 5185 πόλεως
1618 5121 1772 5193 μισθδνίιπέρ

158 5213 216 5270 σφα
228 5198 269 5251 καί
281 5199 312 5252 τά
330 5200 382 5268 έξῆς
399 5202 460 5256 κατὰ
476 5204 546 5274 μέρος
559 5202 602 5256 δεῖ
615 5204 755 5273 προφέρειν,
776 5202 820 5255 ίνα
837 5204 942 5279 ίμφαίνγ
987 5209 1031 5258 τοῦ
1044 5206 1140 5257 δικάσαι
1153 5204 1303 5275 τριώύολον,
1317 5204 1350 5266 ώς
1363 5203 1456 5274 ἔχομεν
1474 5203 1517 5256 καλ
1537 5201 1593 5273 παρ’
1610 5199 1772 5274 ’όριστοφάυι

161 5277 204 5346 την
219 5276 331 5333 άιυπίαν.
368 5282 403 5335 Τό
424 5302 449 5337 τε
472 5283 519 5356 γάρ
538 5282 589 5355 ίγδι
609 5283 650 5336 καί
666 5282 695 5336 τδ
711 5280 817 5354 έμαυτσύ
835 5284 942 5353 μάλιστα
986 5287 1053 5356 (Ειγ.
1069 5286 1137 5355 α55)
1152 5282 1429 5355 φράτοραςτριωδόλου.
1447 5285 1503 5339 ΑΒ.
