<?xml version="1.0" encoding="UTF-8"?>
<!DOCTYPE html PUBLIC "-//W3C//DTD XHTML 1.0 Transitional//EN"
    "http://www.w3.org/TR/xhtml1/DTD/xhtml1-transitional.dtd">
<html xmlns="http://www.w3.org/1999/xhtml" xml:lang="en" lang="en">
 <head>
  <title>
</title>
<meta http-equiv="Content-Type" content="text/html;charset=utf-8" />
  <meta name='ocr-system' content='tesseract 3.04.00' />
  <meta name='ocr-capabilities' content='ocr_page ocr_carea ocr_par ocr_line ocrx_word'/>
</head>
<body>
  <div class='ocr_page' id='page_1' title='image "./oratoresattici01hunzgoog/oratoresattici01hunzgoog_0565.png"; bbox 0 0 3967 5967; ppageno 0'>
   <div class='ocr_carea' id='block_1_1' title="bbox 716 475 1734 551">
    <p class='ocr_par' dir='ltr' id='par_1_1' title="bbox 716 475 1734 551">
     <span class='ocr_line' id='line_1_1' title="bbox 716 475 1734 551; baseline 0.011 -12"><span class='ocrx_word' id='word_1_1' title='bbox 716 479 769 539; x_wconf 77' lang='lat' dir='ltr'><strong>lv.</strong></span> <span class='ocrx_word' id='word_1_2' title='bbox 792 477 895 537; x_wconf 79' lang='grc' dir='ltr'>ΚΑΤΑ</span> <span class='ocrx_word' id='word_1_3' title='bbox 917 475 1112 538; x_wconf 79' lang='grc' dir='ltr'>ΦίΔίΠίΙΟΥ</span> <span class='ocrx_word' id='word_1_4' title='bbox 1132 479 1168 540; x_wconf 77' lang='grc' dir='ltr'>Α.</span> <span class='ocrx_word' id='word_1_5' title='bbox 1676 498 1734 551; x_wconf 73' lang='grc'>656</span> 
     </span>
    </p>
   </div>
   <div class='ocr_carea' id='block_1_2' title="bbox 28 602 1736 684">
    <p class='ocr_par' dir='ltr' id='par_1_2' title="bbox 28 602 1736 684">
     <span class='ocr_line' id='line_1_2' title="bbox 28 602 1736 684; baseline 0.004 -19"><span class='ocrx_word' id='word_1_6' title='bbox 28 626 40 647; x_wconf 88' lang='grc'><em>·</em></span> <span class='ocrx_word' id='word_1_7' title='bbox 138 614 294 678; x_wconf 73' lang='grc' dir='ltr'>κατασκευῆς.</span> <span class='ocrx_word' id='word_1_8' title='bbox 334 628 382 675; x_wconf 81' lang='grc' dir='ltr'>,ην</span> <span class='ocrx_word' id='word_1_9' title='bbox 398 609 446 682; x_wconf 88' lang='grc' dir='ltr'>γάρ</span> <span class='ocrx_word' id='word_1_10' title='bbox 461 611 576 682; x_wconf 73' lang='grc' dir='ltr'>πρότασιν</span> <span class='ocrx_word' id='word_1_11' title='bbox 595 608 620 662; x_wconf 87' lang='grc' dir='ltr'>έν</span> <span class='ocrx_word' id='word_1_12' title='bbox 634 614 669 682; x_wconf 77' lang='grc' dir='ltr'>τῷ</span> <span class='ocrx_word' id='word_1_13' title='bbox 682 614 718 680; x_wconf 80' lang='grc' dir='ltr'>νῷ</span> <span class='ocrx_word' id='word_1_14' title='bbox 736 609 809 662; x_wconf 83' lang='grc' dir='ltr'>ίλαότ</span> <span class='ocrx_word' id='word_1_15' title='bbox 827 604 871 671; x_wconf 87' lang='grc' dir='ltr'>τὴν</span> <span class='ocrx_word' id='word_1_16' title='bbox 884 604 911 657; x_wconf 80' lang='grc' dir='ltr'>ἐκ</span> <span class='ocrx_word' id='word_1_17' title='bbox 955 602 989 668; x_wconf 86' lang='grc' dir='ltr'>είς</span> <span class='ocrx_word' id='word_1_18' title='bbox 1011 625 1038 659; x_wconf 87' lang='grc' dir='ltr'>τε</span> <span class='ocrx_word' id='word_1_19' title='bbox 1058 609 1199 679; x_wconf 78' lang='grc' dir='ltr'><strong>νεωτέρους,</strong></span> <span class='ocrx_word' id='word_1_20' title='bbox 1217 608 1251 680; x_wconf 90' lang='grc' dir='ltr'>μὴ</span> <span class='ocrx_word' id='word_1_21' title='bbox 1268 609 1361 673; x_wconf 80' lang='grc' dir='ltr'>είδότας</span> <span class='ocrx_word' id='word_1_22' title='bbox 1376 611 1407 665; x_wconf 85' lang='grc' dir='ltr'>τά</span> <span class='ocrx_word' id='word_1_23' title='bbox 1426 612 1517 666; x_wconf 86' lang='grc' dir='ltr'>παλαιά</span> <span class='ocrx_word' id='word_1_24' title='bbox 1534 615 1575 666; x_wconf 83' lang='grc' dir='ltr'>καί</span> <span class='ocrx_word' id='word_1_25' title='bbox 1594 614 1736 684; x_wconf 89' lang='grc' dir='ltr'>δφείλοντεις</span> 
     </span>
    </p>
   </div>
   <div class='ocr_carea' id='block_1_3' title="bbox 137 683 1740 2364">
    <p class='ocr_par' dir='ltr' id='par_1_3' title="bbox 137 683 1740 2364">
     <span class='ocr_line' id='line_1_3' title="bbox 140 683 1733 766; baseline 0.005 -24"><span class='ocrx_word' id='word_1_26' title='bbox 140 694 187 742; x_wconf 84' lang='grc' dir='ltr'>τῶν</span> <span class='ocrx_word' id='word_1_27' title='bbox 200 690 320 759; x_wconf 74' lang='grc' dir='ltr'>γερόντων</span> <span class='ocrx_word' id='word_1_28' title='bbox 333 688 471 758; x_wconf 80' lang='grc' dir='ltr'>μέλλουσαν</span> <span class='ocrx_word' id='word_1_29' title='bbox 486 686 552 758; x_wconf 81' lang='grc' dir='ltr'>αύτῷ</span> <span class='ocrx_word' id='word_1_30' title='bbox 569 688 745 759; x_wconf 65' lang='grc' dir='ltr'>προτείνεσθαι.</span> <span class='ocrx_word' id='word_1_31' title='bbox 787 684 829 747; x_wconf 77' lang='grc' dir='ltr'>Ἐξ</span> <span class='ocrx_word' id='word_1_32' title='bbox 845 684 911 737; x_wconf 87' lang='grc' dir='ltr'>ἀντι·</span> <span class='ocrx_word' id='word_1_33' title='bbox 954 683 1151 757; x_wconf 82' lang='grc' dir='ltr'>αύτίιπαρίιτῶν</span> <span class='ocrx_word' id='word_1_34' title='bbox 1162 689 1326 760; x_wconf 82' lang='grc' dir='ltr'>πρεσδατέρων</span> <span class='ocrx_word' id='word_1_35' title='bbox 1342 692 1483 761; x_wconf 74' lang='grc' dir='ltr'>μανθάνειν,</span> <span class='ocrx_word' id='word_1_36' title='bbox 1498 693 1540 746; x_wconf 80' lang='grc' dir='ltr'>καί</span> <span class='ocrx_word' id='word_1_37' title='bbox 1558 693 1590 756; x_wconf 88' lang='grc' dir='ltr'>είς</span> <span class='ocrx_word' id='word_1_38' title='bbox 1602 696 1733 766; x_wconf 86' lang='grc' dir='ltr'>γέροντας,</span> 
     </span>
     <span class='ocr_line' id='line_1_4' title="bbox 138 761 1736 843; baseline 0.003 -23"><span class='ocrx_word' id='word_1_39' title='bbox 138 766 456 838; x_wconf 82' lang='grc' dir='ltr'>πίπτοντοςτδπροοίμιον.</span> <span class='ocrx_word' id='word_1_40' title='bbox 497 763 690 836; x_wconf 81' lang='grc' dir='ltr'>λυτέπιπτεγάρ</span> <span class='ocrx_word' id='word_1_41' title='bbox 700 761 912 836; x_wconf 80' lang='grc' dir='ltr'>αύτῷ,πῶςπαρά</span> <span class='ocrx_word' id='word_1_42' title='bbox 956 761 1048 826; x_wconf 75' lang='grc' dir='ltr'>εἰδότας</span> <span class='ocrx_word' id='word_1_43' title='bbox 1064 765 1107 835; x_wconf 77' lang='grc' dir='ltr'>μὲν</span> <span class='ocrx_word' id='word_1_44' title='bbox 1123 765 1274 832; x_wconf 86' lang='grc' dir='ltr'>τάπαλαιά,</span> <span class='ocrx_word' id='word_1_45' title='bbox 1289 770 1425 839; x_wconf 75' lang='grc' dir='ltr'>χρῄζοντες</span> <span class='ocrx_word' id='word_1_46' title='bbox 1445 769 1472 823; x_wconf 85' lang='grc' dir='ltr'>δέ</span> <span class='ocrx_word' id='word_1_47' title='bbox 1482 771 1549 840; x_wconf 76' lang='grc' dir='ltr'>ὅμως</span> <span class='ocrx_word' id='word_1_48' title='bbox 1564 771 1606 823; x_wconf 83' lang='grc' dir='ltr'>καί</span> <span class='ocrx_word' id='word_1_49' title='bbox 1625 771 1736 843; x_wconf 78' lang='grc' dir='ltr'>ἀναμνὴ·</span> 
     </span>
     <span class='ocr_line' id='line_1_5' title="bbox 138 839 1090 916; baseline -0.001 -18"><span class='ocrx_word' id='word_1_50' title='bbox 138 844 183 912; x_wconf 89' lang='grc' dir='ltr'>τὴν</span> <span class='ocrx_word' id='word_1_51' title='bbox 194 844 291 912; x_wconf 82' lang='grc' dir='ltr'>ὴλικίαν</span> <span class='ocrx_word' id='word_1_52' title='bbox 305 845 381 916; x_wconf 87' lang='grc' dir='ltr'>λέγει.</span> <span class='ocrx_word' id='word_1_53' title='bbox 418 846 475 898; x_wconf 83' lang='grc' dir='ltr'>Λύει</span> <span class='ocrx_word' id='word_1_54' title='bbox 490 839 535 898; x_wconf 85' lang='grc' dir='ltr'>ούν</span> <span class='ocrx_word' id='word_1_55' title='bbox 549 843 589 896; x_wconf 83' lang='grc' dir='ltr'>διά</span> <span class='ocrx_word' id='word_1_56' title='bbox 601 849 644 897; x_wconf 85' lang='grc' dir='ltr'>τοθ</span> <span class='ocrx_word' id='word_1_57' title='bbox 656 844 737 915; x_wconf 84' lang='grc' dir='ltr'>λέγειν</span> <span class='ocrx_word' id='word_1_58' title='bbox 751 844 790 896; x_wconf 85' lang='grc' dir='ltr'>δτι</span> <span class='ocrx_word' id='word_1_59' title='bbox 801 843 855 914; x_wconf 88' lang='grc' dir='ltr'>περλ</span> <span class='ocrx_word' id='word_1_60' title='bbox 865 861 913 896; x_wconf 89' lang='grc' dir='ltr'>πα·</span> <span class='ocrx_word' id='word_1_61' title='bbox 956 860 1025 904; x_wconf 84' lang='grc' dir='ltr'>σιως.</span> <span class='ocrx_word' id='word_1_62' title='bbox 1037 845 1090 898; x_wconf 92' lang='grc' dir='ltr'>ΒΡ.</span> 
     </span>
     <span class='ocr_line' id='line_1_6' title="bbox 137 919 1737 1000; baseline 0.006 -23"><span class='ocrx_word' id='word_1_63' title='bbox 137 924 214 977; x_wconf 91' lang='grc' dir='ltr'>λαιῶν</span> <span class='ocrx_word' id='word_1_64' title='bbox 222 925 373 995; x_wconf 71' lang='grc' dir='ltr'>πραγμάτων</span> <span class='ocrx_word' id='word_1_65' title='bbox 386 923 402 991; x_wconf 82' lang='grc' dir='ltr'>ὴ</span> <span class='ocrx_word' id='word_1_66' title='bbox 414 925 509 995; x_wconf 69' lang='grc' dir='ltr'>σκάὴις,</span> <span class='ocrx_word' id='word_1_67' title='bbox 523 925 579 995; x_wconf 77' lang='grc' dir='ltr'>περὶ</span> <span class='ocrx_word' id='word_1_68' title='bbox 590 919 626 976; x_wconf 81' lang='grc' dir='ltr'>ὧν</span> <span class='ocrx_word' id='word_1_69' title='bbox 643 920 714 976; x_wconf 84' lang='grc' dir='ltr'>εἶπον</span> <span class='ocrx_word' id='word_1_70' title='bbox 724 922 766 975; x_wconf 79' lang='grc' dir='ltr'>καί</span> <span class='ocrx_word' id='word_1_71' title='bbox 776 922 801 974; x_wconf 92' lang='grc' dir='ltr'>σί</span> <span class='ocrx_word' id='word_1_72' title='bbox 811 927 911 991; x_wconf 87' lang='grc' dir='ltr'>πρῶτοι.</span> <span class='ocrx_word' id='word_1_73' title='bbox 991 927 1041 988; x_wconf 73' lang='grc' dir='ltr'>ζα,</span> <span class='ocrx_word' id='word_1_74' title='bbox 1063 940 1107 978; x_wconf 80' lang='lat'>20.</span> <span class='ocrx_word' id='word_1_75' title='bbox 1129 921 1236 992; x_wconf 87' lang='grc' dir='ltr'>Ἡλίκην</span> <span class='ocrx_word' id='word_1_76' title='bbox 1249 927 1303 979; x_wconf 80' lang='grc' dir='ltr'>ποτ’</span> <span class='ocrx_word' id='word_1_77' title='bbox 1322 925 1447 999; x_wconf 82' lang='grc' dir='ltr'>έχόντων]</span> <span class='ocrx_word' id='word_1_78' title='bbox 1467 927 1535 982; x_wconf 85' lang='grc' dir='ltr'>Ἐπεί</span> <span class='ocrx_word' id='word_1_79' title='bbox 1548 928 1657 1000; x_wconf 75' lang='grc' dir='ltr'>περιδεὴς</span> <span class='ocrx_word' id='word_1_80' title='bbox 1676 928 1706 997; x_wconf 83' lang='grc' dir='ltr'>ὴν</span> <span class='ocrx_word' id='word_1_81' title='bbox 1722 933 1737 986; x_wconf 85' lang='grc' dir='ltr'>ό</span> 
     </span>
     <span class='ocr_line' id='line_1_7' title="bbox 138 998 1736 1080; baseline 0.003 -24"><span class='ocrx_word' id='word_1_82' title='bbox 138 1005 196 1057; x_wconf 78' lang='grc' dir='ltr'>ΑΒ.</span> <span class='ocrx_word' id='word_1_83' title='bbox 205 1003 243 1056; x_wconf 60' lang='lat' dir='ltr'>Tb</span> <span class='ocrx_word' id='word_1_84' title='bbox 252 1003 380 1074; x_wconf 88' lang='grc' dir='ltr'>προοίμιον</span> <span class='ocrx_word' id='word_1_85' title='bbox 391 1002 540 1069; x_wconf 66' lang='grc' dir='ltr'>ἐξενήνεκται</span> <span class='ocrx_word' id='word_1_86' title='bbox 549 1001 611 1056; x_wconf 88' lang='grc' dir='ltr'>κατά</span> <span class='ocrx_word' id='word_1_87' title='bbox 625 1001 653 1055; x_wconf 86' lang='grc' dir='ltr'>τδ</span> <span class='ocrx_word' id='word_1_88' title='bbox 662 1000 727 1072; x_wconf 86' lang='grc' dir='ltr'>παρά</span> <span class='ocrx_word' id='word_1_89' title='bbox 739 998 913 1071; x_wconf 75' lang='grc' dir='ltr'>τοῖςρὴταρσιν</span> <span class='ocrx_word' id='word_1_90' title='bbox 956 1002 1034 1073; x_wconf 77' lang='grc' dir='ltr'>δῆμος</span> <span class='ocrx_word' id='word_1_91' title='bbox 1047 1003 1088 1054; x_wconf 88' lang='grc' dir='ltr'>διά</span> <span class='ocrx_word' id='word_1_92' title='bbox 1103 1001 1148 1069; x_wconf 89' lang='grc' dir='ltr'>τὴν</span> <span class='ocrx_word' id='word_1_93' title='bbox 1163 1009 1207 1058; x_wconf 82' lang='grc' dir='ltr'>τοθ</span> <span class='ocrx_word' id='word_1_94' title='bbox 1220 1004 1344 1059; x_wconf 85' lang='grc' dir='ltr'>Φιλίππου</span> <span class='ocrx_word' id='word_1_95' title='bbox 1362 1007 1475 1076; x_wconf 89' lang='grc' dir='ltr'>δύναμιν,</span> <span class='ocrx_word' id='word_1_96' title='bbox 1493 1006 1520 1059; x_wconf 80' lang='grc' dir='ltr'>ἀει</span> <span class='ocrx_word' id='word_1_97' title='bbox 1540 1011 1736 1080; x_wconf 86' lang='grc' dir='ltr'>παραδείγματος</span> 
     </span>
     <span class='ocr_line' id='line_1_8' title="bbox 139 1079 1737 1156; baseline 0.004 -24"><span class='ocrx_word' id='word_1_98' title='bbox 139 1080 265 1134; x_wconf 89' lang='grc' dir='ltr'>ἀντίθετον</span> <span class='ocrx_word' id='word_1_99' title='bbox 279 1081 432 1152; x_wconf 68' lang='grc' dir='ltr'>ταλαύρινον</span> <span class='ocrx_word' id='word_1_100' title='bbox 446 1084 543 1152; x_wconf 81' lang='grc' dir='ltr'>σχῆμα.</span> <span class='ocrx_word' id='word_1_101' title='bbox 556 1082 583 1134; x_wconf 88' lang='lat' dir='ltr'>S.</span> <span class='ocrx_word' id='word_1_102' title='bbox 956 1079 986 1131; x_wconf 89' lang='grc' dir='ltr'>τδ</span> <span class='ocrx_word' id='word_1_103' title='bbox 1000 1081 1096 1150; x_wconf 78' lang='grc' dir='ltr'>θαρρεῖν</span> <span class='ocrx_word' id='word_1_104' title='bbox 1115 1080 1197 1144; x_wconf 72' lang='grc' dir='ltr'>αλτοῖς</span> <span class='ocrx_word' id='word_1_105' title='bbox 1214 1082 1356 1153; x_wconf 84' lang='grc' dir='ltr'>έπορίσατα·</span> <span class='ocrx_word' id='word_1_106' title='bbox 1373 1083 1415 1135; x_wconf 79' lang='grc' dir='ltr'>καί</span> <span class='ocrx_word' id='word_1_107' title='bbox 1434 1083 1483 1154; x_wconf 84' lang='grc' dir='ltr'>γάρ</span> <span class='ocrx_word' id='word_1_108' title='bbox 1502 1085 1688 1156; x_wconf 76' lang='grc' dir='ltr'>Λακεδαιμόνιοι</span> <span class='ocrx_word' id='word_1_109' title='bbox 1708 1085 1737 1139; x_wconf 87' lang='grc' dir='ltr'>ού</span> 
     </span>
     <span class='ocr_line' id='line_1_9' title="bbox 174 1154 1736 1234; baseline -0.003 -23"><span class='ocrx_word' id='word_1_110' title='bbox 174 1163 219 1223; x_wconf 74' lang='grc' dir='ltr'>ὴο,</span> <span class='ocrx_word' id='word_1_111' title='bbox 232 1176 260 1212; x_wconf 80' lang='grc' dir='ltr'>α.</span> <span class='ocrx_word' id='word_1_112' title='bbox 278 1158 478 1231; x_wconf 75' lang='grc' dir='ltr'>ἘπισχιὶινῙΔιά</span> <span class='ocrx_word' id='word_1_113' title='bbox 486 1163 530 1212; x_wconf 82' lang='grc' dir='ltr'>τοῦ</span> <span class='ocrx_word' id='word_1_114' title='bbox 541 1158 649 1228; x_wconf 82' lang='grc' dir='ltr'>ίπισχῶν</span> <span class='ocrx_word' id='word_1_115' title='bbox 664 1154 850 1218; x_wconf 79' lang='grc' dir='ltr'>έδειξενῶςκαί</span> <span class='ocrx_word' id='word_1_116' title='bbox 858 1156 914 1209; x_wconf 84' lang='grc' dir='ltr'>τότε</span> <span class='ocrx_word' id='word_1_117' title='bbox 958 1160 1100 1231; x_wconf 79' lang='grc' dir='ltr'>μικρότερον</span> <span class='ocrx_word' id='word_1_118' title='bbox 1113 1165 1157 1215; x_wconf 80' lang='grc' dir='ltr'>τοῦ</span> <span class='ocrx_word' id='word_1_119' title='bbox 1175 1163 1316 1226; x_wconf 85' lang='grc' dir='ltr'>Μακεδόνος</span> <span class='ocrx_word' id='word_1_120' title='bbox 1334 1161 1437 1234; x_wconf 88' lang='grc' dir='ltr'>ίσχυσαν</span> <span class='ocrx_word' id='word_1_121' title='bbox 1453 1164 1515 1217; x_wconf 80' lang='grc' dir='ltr'>κατὰ</span> <span class='ocrx_word' id='word_1_122' title='bbox 1527 1168 1576 1234; x_wconf 80' lang='grc' dir='ltr'>γῆν</span> <span class='ocrx_word' id='word_1_123' title='bbox 1593 1184 1620 1219; x_wconf 74' lang='grc' dir='ltr'>τε</span> <span class='ocrx_word' id='word_1_124' title='bbox 1641 1166 1736 1219; x_wconf 63' lang='lat' dir='ltr'><strong>mm.</strong></span> 
     </span>
     <span class='ocr_line' id='line_1_10' title="bbox 138 1234 1106 1310; baseline 0 -21"><span class='ocrx_word' id='word_1_125' title='bbox 138 1238 209 1309; x_wconf 91' lang='grc' dir='ltr'>μόλις</span> <span class='ocrx_word' id='word_1_126' title='bbox 223 1234 278 1308; x_wconf 78' lang='grc' dir='ltr'>εἶχε</span> <span class='ocrx_word' id='word_1_127' title='bbox 291 1241 438 1309; x_wconf 80' lang='grc' dir='ltr'>καρτερῆσαι</span> <span class='ocrx_word' id='word_1_128' title='bbox 448 1237 482 1310; x_wconf 87' lang='grc' dir='ltr'>μὴ</span> <span class='ocrx_word' id='word_1_129' title='bbox 501 1237 559 1309; x_wconf 81' lang='grc' dir='ltr'>θπλρ</span> <span class='ocrx_word' id='word_1_130' title='bbox 576 1243 625 1291; x_wconf 87' lang='grc' dir='ltr'>τῶν</span> <span class='ocrx_word' id='word_1_131' title='bbox 638 1235 808 1306; x_wconf 78' lang='grc' dir='ltr'>συμφερόντων</span> <span class='ocrx_word' id='word_1_132' title='bbox 822 1239 915 1305; x_wconf 82' lang='grc' dir='ltr'>πρῶτος</span> <span class='ocrx_word' id='word_1_133' title='bbox 957 1235 1061 1291; x_wconf 90' lang='grc' dir='ltr'>λασσαν.</span> <span class='ocrx_word' id='word_1_134' title='bbox 1077 1240 1106 1294; x_wconf 87' lang='grc' dir='ltr'>Ρ.</span> 
     </span>
     <span class='ocr_line' id='line_1_11' title="bbox 138 1313 1738 1389; baseline 0.002 -20"><span class='ocrx_word' id='word_1_135' title='bbox 138 1314 231 1380; x_wconf 88' lang='grc' dir='ltr'>είπεῖν,</span> <span class='ocrx_word' id='word_1_136' title='bbox 245 1315 271 1369; x_wconf 89' lang='grc' dir='ltr'>έκ</span> <span class='ocrx_word' id='word_1_137' title='bbox 284 1318 420 1387; x_wconf 78' lang='grc' dir='ltr'>μεταφοραῖς</span> <span class='ocrx_word' id='word_1_138' title='bbox 430 1323 479 1371; x_wconf 83' lang='grc' dir='ltr'>τῶν</span> <span class='ocrx_word' id='word_1_139' title='bbox 496 1315 700 1388; x_wconf 82' lang='grc' dir='ltr'>προθυμουμένων</span> <span class='ocrx_word' id='word_1_140' title='bbox 714 1313 796 1368; x_wconf 82' lang='grc' dir='ltr'>ίπεαον</span> <span class='ocrx_word' id='word_1_141' title='bbox 811 1313 914 1384; x_wconf 76' lang='grc' dir='ltr'>δραμεῖν</span> <span class='ocrx_word' id='word_1_142' title='bbox 994 1317 1044 1379; x_wconf 79' lang='grc' dir='ltr'>ίςο,</span> <span class='ocrx_word' id='word_1_143' title='bbox 1060 1331 1104 1369; x_wconf 80' lang='lat'>21.</span> <span class='ocrx_word' id='word_1_144' title='bbox 1123 1313 1158 1369; x_wconf 63' lang='lat' dir='ltr'>0ss</span> <span class='ocrx_word' id='word_1_145' title='bbox 1171 1317 1276 1389; x_wconf 79' lang='grc' dir='ltr'>χρόνος]</span> <span class='ocrx_word' id='word_1_146' title='bbox 1291 1317 1347 1369; x_wconf 85' lang='grc' dir='ltr'>Ἵνα</span> <span class='ocrx_word' id='word_1_147' title='bbox 1359 1318 1393 1389; x_wconf 78' lang='grc' dir='ltr'>μὴ</span> <span class='ocrx_word' id='word_1_148' title='bbox 1407 1336 1442 1379; x_wconf 90' lang='grc' dir='ltr'>τις</span> <span class='ocrx_word' id='word_1_149' title='bbox 1453 1315 1523 1389; x_wconf 79' lang='grc' dir='ltr'>τίει-η,</span> <span class='ocrx_word' id='word_1_150' title='bbox 1542 1317 1619 1370; x_wconf 82' lang='grc' dir='ltr'>πόλει</span> <span class='ocrx_word' id='word_1_151' title='bbox 1631 1323 1738 1373; x_wconf 85' lang='grc' dir='ltr'>τοιοῦτοι</span> 
     </span>
     <span class='ocr_line' id='line_1_12' title="bbox 137 1387 1733 1468; baseline 0.006 -25"><span class='ocrx_word' id='word_1_152' title='bbox 137 1394 180 1447; x_wconf 80' lang='grc' dir='ltr'>καί</span> <span class='ocrx_word' id='word_1_153' title='bbox 188 1394 353 1466; x_wconf 74' lang='grc' dir='ltr'>ἀπεχομένων.</span> <span class='ocrx_word' id='word_1_154' title='bbox 364 1395 441 1450; x_wconf 83' lang='lat' dir='ltr'><strong>TCV.</strong></span> <span class='ocrx_word' id='word_1_155' title='bbox 958 1387 1030 1463; x_wconf 79' lang='grc' dir='ltr'>ὴμεν,</span> <span class='ocrx_word' id='word_1_156' title='bbox 1047 1398 1089 1446; x_wconf 82' lang='grc' dir='ltr'>νῦν</span> <span class='ocrx_word' id='word_1_157' title='bbox 1102 1394 1128 1448; x_wconf 85' lang='grc' dir='ltr'>δέ</span> <span class='ocrx_word' id='word_1_158' title='bbox 1139 1395 1153 1448; x_wconf 91' lang='grc' dir='ltr'>ό</span> <span class='ocrx_word' id='word_1_159' title='bbox 1165 1397 1254 1466; x_wconf 87' lang='grc' dir='ltr'>χρόνος</span> <span class='ocrx_word' id='word_1_160' title='bbox 1264 1396 1355 1464; x_wconf 78' lang='grc' dir='ltr'>ὴλλαξε</span> <span class='ocrx_word' id='word_1_161' title='bbox 1369 1397 1399 1450; x_wconf 81' lang='grc' dir='ltr'>τὰ</span> <span class='ocrx_word' id='word_1_162' title='bbox 1412 1398 1558 1468; x_wconf 77' lang='grc' dir='ltr'>πράγματα,</span> <span class='ocrx_word' id='word_1_163' title='bbox 1574 1400 1733 1466; x_wconf 78' lang='grc' dir='ltr'>προσέθηκεν,</span> 
     </span>
     <span class='ocr_line' id='line_1_13' title="bbox 170 1463 1340 1545; baseline 0.003 -20"><span class='ocrx_word' id='word_1_164' title='bbox 170 1476 224 1537; x_wconf 67' lang='grc' dir='ltr'>Ιςο,</span> <span class='ocrx_word' id='word_1_165' title='bbox 240 1474 265 1525; x_wconf 82' lang='grc'>3.</span> <span class='ocrx_word' id='word_1_166' title='bbox 286 1472 318 1527; x_wconf 70' lang='lat' dir='ltr'>Et</span> <span class='ocrx_word' id='word_1_167' title='bbox 339 1472 382 1545; x_wconf 82' lang='grc' dir='ltr'>μάν</span> <span class='ocrx_word' id='word_1_168' title='bbox 395 1472 482 1544; x_wconf 79' lang='grc' dir='ltr'>ἤρεσκε</span> <span class='ocrx_word' id='word_1_169' title='bbox 499 1472 524 1527; x_wconf 96' lang='grc' dir='ltr'>τί</span> <span class='ocrx_word' id='word_1_170' title='bbox 542 1472 603 1543; x_wconf 88' lang='grc' dir='ltr'>μοι]</span> <span class='ocrx_word' id='word_1_171' title='bbox 621 1470 666 1523; x_wconf 80' lang='grc' dir='ltr'>Διά</span> <span class='ocrx_word' id='word_1_172' title='bbox 680 1472 724 1524; x_wconf 75' lang='grc' dir='ltr'>τού</span> <span class='ocrx_word' id='word_1_173' title='bbox 746 1469 822 1525; x_wconf 78' lang='grc' dir='ltr'>εἰπεῖν</span> <span class='ocrx_word' id='word_1_174' title='bbox 842 1474 915 1523; x_wconf 80' lang='grc' dir='ltr'>τούτο</span> <span class='ocrx_word' id='word_1_175' title='bbox 959 1463 1029 1531; x_wconf 76' lang='grc' dir='ltr'>ἀξού</span> <span class='ocrx_word' id='word_1_176' title='bbox 1043 1473 1132 1541; x_wconf 83' lang='grc' dir='ltr'>χρόνος</span> <span class='ocrx_word' id='word_1_177' title='bbox 1144 1472 1173 1525; x_wconf 85' lang='grc' dir='ltr'>ού</span> <span class='ocrx_word' id='word_1_178' title='bbox 1189 1473 1273 1535; x_wconf 89' lang='grc' dir='ltr'>πολύς.</span> <span class='ocrx_word' id='word_1_179' title='bbox 1289 1476 1340 1528; x_wconf 83' lang='lat' dir='ltr'>FP.</span> 
     </span>
     <span class='ocr_line' id='line_1_14' title="bbox 137 1547 1737 1624; baseline 0.004 -23"><span class='ocrx_word' id='word_1_180' title='bbox 137 1548 220 1620; x_wconf 83' lang='grc' dir='ltr'>κριτὴν</span> <span class='ocrx_word' id='word_1_181' title='bbox 234 1556 283 1604; x_wconf 91' lang='grc' dir='ltr'>τῶν</span> <span class='ocrx_word' id='word_1_182' title='bbox 302 1552 496 1622; x_wconf 82' lang='grc' dir='ltr'>προγενεστέρων</span> <span class='ocrx_word' id='word_1_183' title='bbox 514 1548 629 1611; x_wconf 75' lang='grc' dir='ltr'>ἀπέδειξεν</span> <span class='ocrx_word' id='word_1_184' title='bbox 643 1548 739 1603; x_wconf 88' lang='grc' dir='ltr'>ίαυτόν.</span> <span class='ocrx_word' id='word_1_185' title='bbox 759 1549 835 1602; x_wconf 88' lang='lat' dir='ltr'><strong>TCP.</strong></span> <span class='ocrx_word' id='word_1_186' title='bbox 872 1547 915 1618; x_wconf 81' lang='grc' dir='ltr'>Τῷ</span> <span class='ocrx_word' id='word_1_187' title='bbox 995 1552 1044 1613; x_wconf 81' lang='grc' dir='ltr'>ίςι,</span> <span class='ocrx_word' id='word_1_188' title='bbox 1060 1565 1086 1602; x_wconf 80' lang='lat'>2.</span> <span class='ocrx_word' id='word_1_189' title='bbox 1105 1549 1167 1604; x_wconf 78' lang='grc' dir='ltr'>Οὔτε</span> <span class='ocrx_word' id='word_1_190' title='bbox 1179 1552 1385 1624; x_wconf 79' lang='grc' dir='ltr'>φυλαττομένοις]</span> <span class='ocrx_word' id='word_1_191' title='bbox 1400 1552 1481 1605; x_wconf 87' lang='grc' dir='ltr'>Διίπει</span> <span class='ocrx_word' id='word_1_192' title='bbox 1494 1548 1539 1615; x_wconf 88' lang='grc' dir='ltr'>τὴν</span> <span class='ocrx_word' id='word_1_193' title='bbox 1552 1550 1679 1623; x_wconf 74' lang='grc' dir='ltr'>ῥᾳθυμίαν·</span> <span class='ocrx_word' id='word_1_194' title='bbox 1695 1553 1737 1607; x_wconf 86' lang='grc' dir='ltr'>ίάν</span> 
     </span>
     <span class='ocr_line' id='line_1_15' title="bbox 138 1623 1737 1703; baseline 0.003 -21"><span class='ocrx_word' id='word_1_195' title='bbox 138 1634 249 1701; x_wconf 81' lang='grc' dir='ltr'>μερισμῷ</span> <span class='ocrx_word' id='word_1_196' title='bbox 259 1630 300 1682; x_wconf 82' lang='grc' dir='ltr'>καὶ</span> <span class='ocrx_word' id='word_1_197' title='bbox 312 1629 470 1702; x_wconf 74' lang='grc' dir='ltr'>ύπομερισμῶ</span> <span class='ocrx_word' id='word_1_198' title='bbox 482 1627 593 1699; x_wconf 81' lang='grc' dir='ltr'>σχὴματι</span> <span class='ocrx_word' id='word_1_199' title='bbox 604 1628 721 1697; x_wconf 81' lang='grc' dir='ltr'>κέχρηται</span> <span class='ocrx_word' id='word_1_200' title='bbox 735 1625 847 1680; x_wconf 75' lang='grc' dir='ltr'>ἐνταῦθα.</span> <span class='ocrx_word' id='word_1_201' title='bbox 873 1623 916 1676; x_wconf 85' lang='grc' dir='ltr'>Εί-</span> <span class='ocrx_word' id='word_1_202' title='bbox 958 1626 1120 1696; x_wconf 78' lang='grc' dir='ltr'>φυλάττησθε,</span> <span class='ocrx_word' id='word_1_203' title='bbox 1130 1631 1199 1700; x_wconf 84' lang='grc' dir='ltr'>φησί,</span> <span class='ocrx_word' id='word_1_204' title='bbox 1207 1631 1250 1683; x_wconf 80' lang='grc' dir='ltr'>καλ</span> <span class='ocrx_word' id='word_1_205' title='bbox 1258 1630 1388 1701; x_wconf 84' lang='grc' dir='ltr'>έκφιύγητε</span> <span class='ocrx_word' id='word_1_206' title='bbox 1397 1627 1483 1703; x_wconf 72' lang='grc' dir='ltr'>αὐτὴν,</span> <span class='ocrx_word' id='word_1_207' title='bbox 1492 1627 1737 1702; x_wconf 81' lang='grc' dir='ltr'>ούδένύμῖνφοόερδν</span> 
     </span>
     <span class='ocr_line' id='line_1_16' title="bbox 137 1703 1739 1780; baseline -0.001 -20"><span class='ocrx_word' id='word_1_208' title='bbox 137 1707 190 1760; x_wconf 68' lang='grc' dir='ltr'>πῶν</span> <span class='ocrx_word' id='word_1_209' title='bbox 204 1706 252 1777; x_wconf 85' lang='grc' dir='ltr'>γάρ</span> <span class='ocrx_word' id='word_1_210' title='bbox 265 1707 308 1761; x_wconf 79' lang='grc' dir='ltr'>τόν</span> <span class='ocrx_word' id='word_1_211' title='bbox 325 1707 368 1778; x_wconf 78' lang='grc' dir='ltr'>μέν</span> <span class='ocrx_word' id='word_1_212' title='bbox 381 1708 434 1761; x_wconf 81' lang='grc' dir='ltr'>ἀνω</span> <span class='ocrx_word' id='word_1_213' title='bbox 444 1707 578 1776; x_wconf 87' lang='grc' dir='ltr'>σύνδεσμον</span> <span class='ocrx_word' id='word_1_214' title='bbox 587 1703 631 1758; x_wconf 86' lang='grc' dir='ltr'>αύει</span> <span class='ocrx_word' id='word_1_215' title='bbox 642 1703 765 1776; x_wconf 72' lang='grc' dir='ltr'>ἀπήγαγεν</span> <span class='ocrx_word' id='word_1_216' title='bbox 778 1705 863 1766; x_wconf 82' lang='grc' dir='ltr'>εύθίως</span> <span class='ocrx_word' id='word_1_217' title='bbox 873 1705 916 1759; x_wconf 79' lang='grc' dir='ltr'>τόν</span> <span class='ocrx_word' id='word_1_218' title='bbox 961 1703 1038 1760; x_wconf 84' lang='grc' dir='ltr'>ἔσται.</span> <span class='ocrx_word' id='word_1_219' title='bbox 1075 1706 1182 1778; x_wconf 84' lang='grc' dir='ltr'>Σημιῖον</span> <span class='ocrx_word' id='word_1_220' title='bbox 1196 1708 1322 1762; x_wconf 79' lang='grc' dir='ltr'>δέοούτοα</span> <span class='ocrx_word' id='word_1_221' title='bbox 1335 1708 1351 1776; x_wconf 86' lang='grc' dir='ltr'>ὴ</span> <span class='ocrx_word' id='word_1_222' title='bbox 1365 1708 1562 1778; x_wconf 78' lang='grc' dir='ltr'>Λακεδαιμονίων</span> <span class='ocrx_word' id='word_1_223' title='bbox 1578 1708 1693 1780; x_wconf 87' lang='grc' dir='ltr'>δύναμις,</span> <span class='ocrx_word' id='word_1_224' title='bbox 1711 1705 1739 1777; x_wconf 70' lang='grc' dir='ltr'>ἧς</span> 
     </span>
     <span class='ocr_line' id='line_1_17' title="bbox 138 1782 1736 1858; baseline 0.003 -19"><span class='ocrx_word' id='word_1_225' title='bbox 138 1785 180 1848; x_wconf 83' lang='grc' dir='ltr'>δέ,</span> <span class='ocrx_word' id='word_1_226' title='bbox 193 1785 349 1839; x_wconf 84' lang='grc' dir='ltr'>ἀλλάἀλλον</span> <span class='ocrx_word' id='word_1_227' title='bbox 364 1788 417 1858; x_wconf 76' lang='grc' dir='ltr'>μέν.</span> <span class='ocrx_word' id='word_1_228' title='bbox 456 1782 741 1855; x_wconf 82' lang='grc' dir='ltr'>Ἐστιγάρόμερισμδς</span> <span class='ocrx_word' id='word_1_229' title='bbox 753 1782 927 1855; x_wconf 78' lang='grc' dir='ltr'>καίίιπαμερι·.</span> <span class='ocrx_word' id='word_1_230' title='bbox 960 1782 1082 1853; x_wconf 86' lang='grc' dir='ltr'>έκρατεῖτε</span> <span class='ocrx_word' id='word_1_231' title='bbox 1094 1783 1121 1838; x_wconf 83' lang='grc' dir='ltr'>έκ</span> <span class='ocrx_word' id='word_1_232' title='bbox 1135 1791 1179 1839; x_wconf 84' lang='grc' dir='ltr'>τοῦ</span> <span class='ocrx_word' id='word_1_233' title='bbox 1189 1789 1314 1857; x_wconf 73' lang='grc' dir='ltr'>προσέχειν</span> <span class='ocrx_word' id='word_1_234' title='bbox 1327 1791 1380 1849; x_wconf 80' lang='grc' dir='ltr'>τοῖς</span> <span class='ocrx_word' id='word_1_235' title='bbox 1393 1787 1519 1857; x_wconf 86' lang='grc' dir='ltr'>πράγμασι</span> <span class='ocrx_word' id='word_1_236' title='bbox 1532 1785 1575 1839; x_wconf 87' lang='grc' dir='ltr'>τδν</span> <span class='ocrx_word' id='word_1_237' title='bbox 1590 1792 1657 1841; x_wconf 77' lang='grc' dir='ltr'>ναῦν.</span> <span class='ocrx_word' id='word_1_238' title='bbox 1677 1792 1736 1843; x_wconf 85' lang='grc' dir='ltr'>ΑΗ.</span> 
     </span>
     <span class='ocr_line' id='line_1_18' title="bbox 139 1858 1738 1937; baseline 0.004 -24"><span class='ocrx_word' id='word_1_239' title='bbox 139 1861 210 1930; x_wconf 82' lang='grc' dir='ltr'>σμδς,</span> <span class='ocrx_word' id='word_1_240' title='bbox 218 1862 276 1914; x_wconf 78' lang='grc' dir='ltr'>όταν</span> <span class='ocrx_word' id='word_1_241' title='bbox 285 1860 359 1915; x_wconf 80' lang='grc' dir='ltr'>εἰπὼν</span> <span class='ocrx_word' id='word_1_242' title='bbox 367 1862 411 1914; x_wconf 86' lang='grc' dir='ltr'>δύο</span> <span class='ocrx_word' id='word_1_243' title='bbox 419 1862 461 1933; x_wconf 82' lang='grc' dir='ltr'>μέν</span> <span class='ocrx_word' id='word_1_244' title='bbox 470 1859 579 1932; x_wconf 79' lang='grc' dir='ltr'>ἀνάγκην</span> <span class='ocrx_word' id='word_1_245' title='bbox 592 1858 639 1933; x_wconf 72' lang='grc' dir='ltr'>ἔχη</span> <span class='ocrx_word' id='word_1_246' title='bbox 646 1860 704 1931; x_wconf 77' lang='grc' dir='ltr'>πρὸς</span> <span class='ocrx_word' id='word_1_247' title='bbox 712 1859 846 1931; x_wconf 84' lang='grc' dir='ltr'>τάδύομέν</span> <span class='ocrx_word' id='word_1_248' title='bbox 859 1859 918 1914; x_wconf 86' lang='grc' dir='ltr'>ἀπο-</span> <span class='ocrx_word' id='word_1_249' title='bbox 995 1864 1043 1926; x_wconf 71' lang='grc' dir='ltr'>ίςε,</span> <span class='ocrx_word' id='word_1_250' title='bbox 1068 1863 1095 1916; x_wconf 82' lang='grc' dir='ltr'>ἀ.</span> <span class='ocrx_word' id='word_1_251' title='bbox 1111 1861 1172 1915; x_wconf 83' lang='grc' dir='ltr'>θίαν</span> <span class='ocrx_word' id='word_1_252' title='bbox 1193 1866 1242 1935; x_wconf 86' lang='grc' dir='ltr'>ἀν]</span> <span class='ocrx_word' id='word_1_253' title='bbox 1258 1863 1380 1935; x_wconf 77' lang='grc' dir='ltr'>Βύφιίμως</span> <span class='ocrx_word' id='word_1_254' title='bbox 1398 1863 1457 1917; x_wconf 84' lang='grc' dir='ltr'>αύτδ</span> <span class='ocrx_word' id='word_1_255' title='bbox 1478 1861 1533 1917; x_wconf 83' lang='grc' dir='ltr'>εἶπε</span> <span class='ocrx_word' id='word_1_256' title='bbox 1546 1866 1622 1933; x_wconf 77' lang='grc' dir='ltr'>πάνυ,</span> <span class='ocrx_word' id='word_1_257' title='bbox 1638 1869 1738 1937; x_wconf 79' lang='grc' dir='ltr'>φάακων</span> 
     </span>
     <span class='ocr_line' id='line_1_19' title="bbox 140 1934 1736 2014; baseline 0.008 -24"><span class='ocrx_word' id='word_1_258' title='bbox 140 1938 224 1991; x_wconf 78' lang='grc' dir='ltr'>δοῦναι</span> <span class='ocrx_word' id='word_1_259' title='bbox 237 1940 395 2011; x_wconf 61' lang='grc' dir='ltr'>δύοδὴόπιρ</span> <span class='ocrx_word' id='word_1_260' title='bbox 406 1940 458 1994; x_wconf 82' lang='grc' dir='ltr'>ἔστι</span> <span class='ocrx_word' id='word_1_261' title='bbox 469 1941 511 1992; x_wconf 77' lang='grc' dir='ltr'>καὶ</span> <span class='ocrx_word' id='word_1_262' title='bbox 522 1938 625 1993; x_wconf 75' lang='grc' dir='ltr'>ἐνταῦθα</span> <span class='ocrx_word' id='word_1_263' title='bbox 639 1937 727 2009; x_wconf 84' lang='grc' dir='ltr'>είιρεῖν.</span> <span class='ocrx_word' id='word_1_264' title='bbox 747 1937 812 2010; x_wconf 85' lang='grc' dir='ltr'>Ὅρα</span> <span class='ocrx_word' id='word_1_265' title='bbox 832 1937 918 2001; x_wconf 80' lang='grc' dir='ltr'>δέπῶς</span> <span class='ocrx_word' id='word_1_266' title='bbox 960 1934 1015 1990; x_wconf 88' lang='grc' dir='ltr'>οίον</span> <span class='ocrx_word' id='word_1_267' title='bbox 1033 1939 1062 1992; x_wconf 86' lang='grc' dir='ltr'>ἀν</span> <span class='ocrx_word' id='word_1_268' title='bbox 1079 1940 1148 2012; x_wconf 84' lang='grc' dir='ltr'>ύμιῖς</span> <span class='ocrx_word' id='word_1_269' title='bbox 1169 1941 1304 2012; x_wconf 86' lang='grc' dir='ltr'>βούλησθε,</span> <span class='ocrx_word' id='word_1_270' title='bbox 1330 1944 1438 1997; x_wconf 77' lang='grc' dir='ltr'>τουτέστι</span> <span class='ocrx_word' id='word_1_271' title='bbox 1457 1944 1509 2013; x_wconf 88' lang='grc' dir='ltr'>μετ’</span> <span class='ocrx_word' id='word_1_272' title='bbox 1527 1942 1612 2014; x_wconf 84' lang='grc' dir='ltr'>ἀργίας</span> <span class='ocrx_word' id='word_1_273' title='bbox 1631 1950 1736 2013; x_wconf 80' lang='grc' dir='ltr'>νικῆσαι.</span> 
     </span>
     <span class='ocr_line' id='line_1_20' title="bbox 139 2015 1040 2089; baseline 0 -18"><span class='ocrx_word' id='word_1_274' title='bbox 139 2017 213 2071; x_wconf 83' lang='grc' dir='ltr'>πόλιν</span> <span class='ocrx_word' id='word_1_275' title='bbox 232 2016 374 2079; x_wconf 79' lang='grc' dir='ltr'>ἀξιοπίστως</span> <span class='ocrx_word' id='word_1_276' title='bbox 386 2015 441 2072; x_wconf 82' lang='grc' dir='ltr'>εἷπε</span> <span class='ocrx_word' id='word_1_277' title='bbox 460 2017 489 2071; x_wconf 83' lang='grc' dir='ltr'>τδ</span> <span class='ocrx_word' id='word_1_278' title='bbox 501 2016 586 2088; x_wconf 81' lang='grc' dir='ltr'>ὴρεσκί</span> <span class='ocrx_word' id='word_1_279' title='bbox 608 2036 663 2087; x_wconf 91' lang='grc' dir='ltr'>μοι,</span> <span class='ocrx_word' id='word_1_280' title='bbox 686 2015 765 2070; x_wconf 75' lang='grc' dir='ltr'>θύσει</span> <span class='ocrx_word' id='word_1_281' title='bbox 782 2022 819 2088; x_wconf 79' lang='grc' dir='ltr'>τῷ</span> <span class='ocrx_word' id='word_1_282' title='bbox 833 2015 918 2089; x_wconf 78' lang='grc' dir='ltr'>ἀγαθῷ</span> <span class='ocrx_word' id='word_1_283' title='bbox 959 2016 1040 2072; x_wconf 73' lang='grc' dir='ltr'>ἸῸίί.</span> 
     </span>
     <span class='ocr_line' id='line_1_21' title="bbox 140 2092 1739 2173; baseline 0.006 -25"><span class='ocrx_word' id='word_1_284' title='bbox 140 2094 288 2167; x_wconf 84' lang='grc' dir='ltr'>σαμύούλερ,</span> <span class='ocrx_word' id='word_1_285' title='bbox 301 2092 381 2165; x_wconf 86' lang='grc' dir='ltr'>ἀγαθὴ</span> <span class='ocrx_word' id='word_1_286' title='bbox 394 2094 601 2167; x_wconf 85' lang='grc' dir='ltr'>αυμόουλευθεῖσα</span> <span class='ocrx_word' id='word_1_287' title='bbox 614 2093 701 2164; x_wconf 78' lang='grc' dir='ltr'>βουλὴ.</span> <span class='ocrx_word' id='word_1_288' title='bbox 738 2094 773 2148; x_wconf 89' lang='grc' dir='ltr'>Τδ</span> <span class='ocrx_word' id='word_1_289' title='bbox 793 2094 820 2148; x_wconf 82' lang='grc' dir='ltr'>δλ</span> <span class='ocrx_word' id='word_1_290' title='bbox 832 2099 918 2167; x_wconf 75' lang='grc' dir='ltr'>σχῆμα</span> <span class='ocrx_word' id='word_1_291' title='bbox 996 2100 1044 2162; x_wconf 75' lang='grc' dir='ltr'>όν,</span> <span class='ocrx_word' id='word_1_292' title='bbox 1060 2100 1087 2160; x_wconf 72' lang='grc'>4,</span> <span class='ocrx_word' id='word_1_293' title='bbox 1106 2098 1307 2171; x_wconf 88' lang='grc' dir='ltr'>Παραδείγμασι]</span> <span class='ocrx_word' id='word_1_294' title='bbox 1319 2099 1378 2170; x_wconf 88' lang='grc' dir='ltr'>πρδς</span> <span class='ocrx_word' id='word_1_295' title='bbox 1392 2100 1421 2154; x_wconf 86' lang='grc' dir='ltr'>τδ</span> <span class='ocrx_word' id='word_1_296' title='bbox 1441 2099 1510 2154; x_wconf 85' lang='grc' dir='ltr'>αύδέν</span> <span class='ocrx_word' id='word_1_297' title='bbox 1523 2100 1583 2172; x_wconf 85' lang='grc' dir='ltr'>θμῖν</span> <span class='ocrx_word' id='word_1_298' title='bbox 1601 2101 1739 2173; x_wconf 80' lang='grc' dir='ltr'>ἀστλφοθτ·</span> 
     </span>
     <span class='ocr_line' id='line_1_22' title="bbox 140 2170 1107 2245; baseline 0.007 -20"><span class='ocrx_word' id='word_1_299' title='bbox 140 2172 213 2225; x_wconf 80' lang='grc' dir='ltr'>τοῦτό</span> <span class='ocrx_word' id='word_1_300' title='bbox 224 2170 275 2225; x_wconf 81' lang='grc' dir='ltr'>έστι</span> <span class='ocrx_word' id='word_1_301' title='bbox 287 2172 329 2224; x_wconf 82' lang='grc' dir='ltr'>καί</span> <span class='ocrx_word' id='word_1_302' title='bbox 340 2172 405 2243; x_wconf 85' lang='grc' dir='ltr'>παρά</span> <span class='ocrx_word' id='word_1_303' title='bbox 418 2175 553 2245; x_wconf 73' lang='grc' dir='ltr'>τῷποιητῇ</span> <span class='ocrx_word' id='word_1_304' title='bbox 568 2172 615 2245; x_wconf 87' lang='lat' dir='ltr'>(ll,</span> <span class='ocrx_word' id='word_1_305' title='bbox 633 2190 658 2238; x_wconf 86' lang='grc' dir='ltr'>ι,</span> <span class='ocrx_word' id='word_1_306' title='bbox 670 2173 744 2240; x_wconf 78' lang='grc' dir='ltr'>αα5)·</span> <span class='ocrx_word' id='word_1_307' title='bbox 961 2175 1013 2244; x_wconf 91' lang='grc' dir='ltr'>ρόν.</span> <span class='ocrx_word' id='word_1_308' title='bbox 1026 2177 1107 2232; x_wconf 88' lang='lat' dir='ltr'><strong>TCV.</strong></span> 
     </span>
     <span class='ocr_line' id='line_1_23' title="bbox 201 2254 1740 2364; baseline 0.001 -14"><span class='ocrx_word' id='word_1_309' title='bbox 201 2300 280 2364; x_wconf 75' lang='grc' dir='ltr'>Χαῖρ’,</span> <span class='ocrx_word' id='word_1_310' title='bbox 293 2299 391 2362; x_wconf 76' lang='grc' dir='ltr'>Ἀχιλεῦ·</span> <span class='ocrx_word' id='word_1_311' title='bbox 402 2301 479 2359; x_wconf 86' lang='grc' dir='ltr'>δαιτός</span> <span class='ocrx_word' id='word_1_312' title='bbox 490 2302 532 2364; x_wconf 81' lang='grc' dir='ltr'>μίν</span> <span class='ocrx_word' id='word_1_313' title='bbox 541 2302 607 2360; x_wconf 79' lang='grc' dir='ltr'>ίίαης</span> <span class='ocrx_word' id='word_1_314' title='bbox 618 2301 662 2351; x_wconf 86' lang='grc' dir='ltr'>ούκ</span> <span class='ocrx_word' id='word_1_315' title='bbox 670 2301 780 2357; x_wconf 69' lang='grc' dir='ltr'>ἐπιδευεῖς</span> <span class='ocrx_word' id='word_1_316' title='bbox 996 2254 1151 2327; x_wconf 54' lang='grc' dir='ltr'>Χρωμένοκί</span> <span class='ocrx_word' id='word_1_317' title='bbox 1174 2256 1216 2311; x_wconf 54' lang='grc' dir='ltr'>ἐὰν</span> <span class='ocrx_word' id='word_1_318' title='bbox 1236 2257 1264 2312; x_wconf 57' lang='grc' dir='ltr'>δί</span> <span class='ocrx_word' id='word_1_319' title='bbox 1281 2257 1357 2329; x_wconf 55' lang='grc' dir='ltr'>χωρὶς</span> <span class='ocrx_word' id='word_1_320' title='bbox 1373 2261 1418 2311; x_wconf 59' lang='grc' dir='ltr'>τοῦ</span> <span class='ocrx_word' id='word_1_321' title='bbox 1431 2278 1455 2322; x_wconf 62' lang='grc' dir='ltr'>ς’</span> <span class='ocrx_word' id='word_1_322' title='bbox 1475 2258 1533 2329; x_wconf 46' lang='grc' dir='ltr'>πρὸς</span> <span class='ocrx_word' id='word_1_323' title='bbox 1549 2258 1579 2313; x_wconf 56' lang='grc' dir='ltr'>τὸ</span> <span class='ocrx_word' id='word_1_324' title='bbox 1596 2259 1640 2312; x_wconf 53' lang='grc' dir='ltr'>ἵνα</span> <span class='ocrx_word' id='word_1_325' title='bbox 1660 2261 1740 2328; x_wconf 50' lang='lat' dir='ltr'>‘mm</span> 
     </span>
    </p>
   </div>
   <div class='ocr_carea' id='block_1_4' title="bbox 199 2337 1740 2485">
    <p class='ocr_par' dir='ltr' id='par_1_4' title="bbox 199 2337 1740 2485">
     <span class='ocr_line' id='line_1_24' title="bbox 199 2337 1740 2485; baseline 0.027 -68"><span class='ocrx_word' id='word_1_326' title='bbox 199 2371 299 2433; x_wconf 77' lang='grc' dir='ltr'>ὴμλνίνί</span> <span class='ocrx_word' id='word_1_327' title='bbox 309 2372 399 2434; x_wconf 84' lang='grc' dir='ltr'>κλισίη.</span> <span class='ocrx_word' id='word_1_328' title='bbox 408 2372 481 2422; x_wconf 75' lang='lat' dir='ltr'><strong>TGV.</strong></span> <span class='ocrx_word' id='word_1_329' title='bbox 960 2351 1093 2477; x_wconf 48' lang='lat' dir='ltr'><strong>xpoffivgt.</strong></span> <span class='ocrx_word' id='word_1_330' title='bbox 1106 2337 1295 2484; x_wconf 42' lang='lat' dir='ltr'>gwssfipnl</span> <span class='ocrx_word' id='word_1_331' title='bbox 1311 2412 1374 2466; x_wconf 75' lang='grc' dir='ltr'>Ἆνω</span> <span class='ocrx_word' id='word_1_332' title='bbox 1388 2411 1432 2484; x_wconf 70' lang='grc' dir='ltr'>μέν</span> <span class='ocrx_word' id='word_1_333' title='bbox 1447 2415 1489 2466; x_wconf 84' lang='grc' dir='ltr'>ότε</span> <span class='ocrx_word' id='word_1_334' title='bbox 1506 2412 1578 2485; x_wconf 75' lang='grc' dir='ltr'>ἔλεγε</span> <span class='ocrx_word' id='word_1_335' title='bbox 1594 2415 1649 2485; x_wconf 74' lang='grc' dir='ltr'>περὶ</span> <span class='ocrx_word' id='word_1_336' title='bbox 1663 2416 1740 2470; x_wconf 72' lang='lat' dir='ltr'><strong>Am.</strong></span> 
     </span>
    </p>
   </div>
   <div class='ocr_carea' id='block_1_5' title="bbox 138 2486 1741 2879">
    <p class='ocr_par' dir='ltr' id='par_1_5' title="bbox 138 2486 1741 2879">
     <span class='ocr_line' id='line_1_25' title="bbox 174 2486 1740 2562; baseline 0.002 -17"><span class='ocrx_word' id='word_1_337' title='bbox 174 2494 222 2555; x_wconf 76' lang='grc' dir='ltr'>θο,</span> <span class='ocrx_word' id='word_1_338' title='bbox 244 2495 271 2554; x_wconf 75' lang='grc' dir='ltr'>θ.</span> <span class='ocrx_word' id='word_1_339' title='bbox 294 2489 415 2562; x_wconf 83' lang='grc' dir='ltr'>Ἠαυχίαν</span> <span class='ocrx_word' id='word_1_340' title='bbox 429 2486 512 2562; x_wconf 78' lang='grc' dir='ltr'>ὴγαν]</span> <span class='ocrx_word' id='word_1_341' title='bbox 527 2491 561 2546; x_wconf 69' lang='lat' dir='ltr'>Tb</span> <span class='ocrx_word' id='word_1_342' title='bbox 574 2487 633 2558; x_wconf 83' lang='grc' dir='ltr'>ὴθας</span> <span class='ocrx_word' id='word_1_343' title='bbox 650 2492 679 2546; x_wconf 82' lang='grc' dir='ltr'>τό</span> <span class='ocrx_word' id='word_1_344' title='bbox 691 2491 768 2545; x_wconf 86' lang='grc' dir='ltr'>οίκεῖν</span> <span class='ocrx_word' id='word_1_345' title='bbox 783 2493 914 2558; x_wconf 85' lang='grc' dir='ltr'>δείκνυσιν,</span> <span class='ocrx_word' id='word_1_346' title='bbox 961 2488 1105 2560; x_wconf 84' lang='grc' dir='ltr'>δαιμονίων,</span> <span class='ocrx_word' id='word_1_347' title='bbox 1120 2491 1205 2562; x_wconf 79' lang='grc' dir='ltr'>όείιμην</span> <span class='ocrx_word' id='word_1_348' title='bbox 1230 2489 1313 2545; x_wconf 78' lang='grc' dir='ltr'>εἶπεν·</span> <span class='ocrx_word' id='word_1_349' title='bbox 1331 2491 1435 2546; x_wconf 75' lang='grc' dir='ltr'>ἐνταῦθα</span> <span class='ocrx_word' id='word_1_350' title='bbox 1454 2492 1495 2557; x_wconf 77' lang='grc' dir='ltr'>δέ,</span> <span class='ocrx_word' id='word_1_351' title='bbox 1512 2492 1593 2561; x_wconf 72' lang='grc' dir='ltr'>ἐπειδὴ</span> <span class='ocrx_word' id='word_1_352' title='bbox 1611 2495 1675 2548; x_wconf 80' lang='grc' dir='ltr'>θέλει</span> <span class='ocrx_word' id='word_1_353' title='bbox 1696 2515 1740 2548; x_wconf 78' lang='grc' dir='ltr'>τα·</span> 
     </span>
     <span class='ocr_line' id='line_1_26' title="bbox 138 2569 1741 2643; baseline 0.002 -22"><span class='ocrx_word' id='word_1_354' title='bbox 138 2571 171 2632; x_wconf 85' lang='grc' dir='ltr'>ῶς</span> <span class='ocrx_word' id='word_1_355' title='bbox 182 2569 210 2622; x_wconf 84' lang='grc' dir='ltr'>ού</span> <span class='ocrx_word' id='word_1_356' title='bbox 220 2570 355 2640; x_wconf 77' lang='grc' dir='ltr'>φιλόνεικος</span> <span class='ocrx_word' id='word_1_357' title='bbox 365 2573 417 2634; x_wconf 91' lang='grc' dir='ltr'>τοῖς</span> <span class='ocrx_word' id='word_1_358' title='bbox 426 2570 506 2633; x_wconf 84' lang='grc' dir='ltr'>καλῶς</span> <span class='ocrx_word' id='word_1_359' title='bbox 516 2570 668 2643; x_wconf 76' lang='grc' dir='ltr'>λεγομένοις.</span> <span class='ocrx_word' id='word_1_360' title='bbox 682 2574 760 2627; x_wconf 84' lang='lat' dir='ltr'><strong>TCP.</strong></span> <span class='ocrx_word' id='word_1_361' title='bbox 961 2575 1058 2622; x_wconf 81' lang='grc' dir='ltr'>πεινοῦν</span> <span class='ocrx_word' id='word_1_362' title='bbox 1070 2570 1113 2624; x_wconf 85' lang='grc' dir='ltr'>τόν</span> <span class='ocrx_word' id='word_1_363' title='bbox 1125 2571 1272 2637; x_wconf 81' lang='grc' dir='ltr'>Μακεδόνα,</span> <span class='ocrx_word' id='word_1_364' title='bbox 1287 2571 1355 2643; x_wconf 81' lang='grc' dir='ltr'>ύύριν</span> <span class='ocrx_word' id='word_1_365' title='bbox 1367 2570 1431 2626; x_wconf 84' lang='grc' dir='ltr'>είπι.</span> <span class='ocrx_word' id='word_1_366' title='bbox 1469 2573 1536 2627; x_wconf 83' lang='grc' dir='ltr'>Πάνυ</span> <span class='ocrx_word' id='word_1_367' title='bbox 1549 2572 1576 2626; x_wconf 77' lang='grc' dir='ltr'>δέ</span> <span class='ocrx_word' id='word_1_368' title='bbox 1589 2576 1662 2626; x_wconf 77' lang='grc' dir='ltr'>τοῦτο</span> <span class='ocrx_word' id='word_1_369' title='bbox 1673 2572 1741 2643; x_wconf 79' lang='grc' dir='ltr'>ἔχθι-</span> 
     </span>
     <span class='ocr_line' id='line_1_27' title="bbox 174 2648 1740 2722; baseline 0.001 -19"><span class='ocrx_word' id='word_1_370' title='bbox 174 2654 224 2714; x_wconf 81' lang='grc' dir='ltr'>ίςο,</span> <span class='ocrx_word' id='word_1_371' title='bbox 247 2650 274 2703; x_wconf 84' lang='grc'>5.</span> <span class='ocrx_word' id='word_1_372' title='bbox 302 2648 377 2711; x_wconf 78' lang='grc' dir='ltr'>λύτδς</span> <span class='ocrx_word' id='word_1_373' title='bbox 400 2648 555 2721; x_wconf 80' lang='grc' dir='ltr'>ίπειριίεμην]</span> <span class='ocrx_word' id='word_1_374' title='bbox 570 2651 616 2703; x_wconf 79' lang='grc' dir='ltr'>Διά</span> <span class='ocrx_word' id='word_1_375' title='bbox 642 2654 686 2704; x_wconf 83' lang='grc' dir='ltr'>τοθ</span> <span class='ocrx_word' id='word_1_376' title='bbox 709 2651 844 2722; x_wconf 80' lang='grc' dir='ltr'>ἀπειρώμην</span> <span class='ocrx_word' id='word_1_377' title='bbox 862 2651 918 2705; x_wconf 82' lang='grc' dir='ltr'>ἀτα·</span> <span class='ocrx_word' id='word_1_378' title='bbox 961 2666 1019 2700; x_wconf 90' lang='grc' dir='ltr'>στον</span> <span class='ocrx_word' id='word_1_379' title='bbox 1040 2650 1092 2711; x_wconf 87' lang='grc' dir='ltr'>τοῖς</span> <span class='ocrx_word' id='word_1_380' title='bbox 1118 2648 1262 2717; x_wconf 70' lang='grc' dir='ltr'>Ἀθηναίοις·</span> <span class='ocrx_word' id='word_1_381' title='bbox 1281 2650 1323 2703; x_wconf 86' lang='grc' dir='ltr'>καλ</span> <span class='ocrx_word' id='word_1_382' title='bbox 1342 2648 1390 2721; x_wconf 88' lang='grc' dir='ltr'>γάρ</span> <span class='ocrx_word' id='word_1_383' title='bbox 1408 2649 1542 2721; x_wconf 77' lang='grc' dir='ltr'>ἐλευθερίας</span> <span class='ocrx_word' id='word_1_384' title='bbox 1562 2650 1677 2722; x_wconf 85' lang='grc' dir='ltr'>έργααταλ</span> <span class='ocrx_word' id='word_1_385' title='bbox 1697 2670 1740 2705; x_wconf 85' lang='grc' dir='ltr'>κα·</span> 
     </span>
     <span class='ocr_line' id='line_1_28' title="bbox 140 2726 1236 2802; baseline -0.005 -19"><span class='ocrx_word' id='word_1_386' title='bbox 140 2729 242 2783; x_wconf 83' lang='grc' dir='ltr'>πείνωσε</span> <span class='ocrx_word' id='word_1_387' title='bbox 254 2728 298 2782; x_wconf 82' lang='grc' dir='ltr'>τόν</span> <span class='ocrx_word' id='word_1_388' title='bbox 316 2728 405 2798; x_wconf 91' lang='grc' dir='ltr'>λόγον,</span> <span class='ocrx_word' id='word_1_389' title='bbox 421 2728 454 2790; x_wconf 84' lang='grc' dir='ltr'>ῶς</span> <span class='ocrx_word' id='word_1_390' title='bbox 476 2727 504 2781; x_wconf 84' lang='grc' dir='ltr'>οδ</span> <span class='ocrx_word' id='word_1_391' title='bbox 521 2731 618 2792; x_wconf 84' lang='grc' dir='ltr'>πάντως</span> <span class='ocrx_word' id='word_1_392' title='bbox 631 2730 692 2802; x_wconf 81' lang='grc' dir='ltr'>ἀρῶν</span> <span class='ocrx_word' id='word_1_393' title='bbox 710 2730 741 2784; x_wconf 82' lang='grc' dir='ltr'>τά</span> <span class='ocrx_word' id='word_1_394' title='bbox 756 2733 916 2802; x_wconf 83' lang='grc' dir='ltr'>συμφέροντα.</span> <span class='ocrx_word' id='word_1_395' title='bbox 962 2726 1137 2792; x_wconf 76' lang='grc' dir='ltr'>θειατὴκεισαν,</span> <span class='ocrx_word' id='word_1_396' title='bbox 1154 2729 1236 2782; x_wconf 90' lang='lat' dir='ltr'><strong>TCV.</strong></span> 
     </span>
     <span class='ocr_line' id='line_1_29' title="bbox 139 2805 1741 2879; baseline 0.006 -26"><span class='ocrx_word' id='word_1_397' title='bbox 139 2809 206 2861; x_wconf 80' lang='lat' dir='ltr'>TCP</span> <span class='ocrx_word' id='word_1_398' title='bbox 997 2805 1120 2869; x_wconf 86' lang='grc' dir='ltr'>Εύτελίζει</span> <span class='ocrx_word' id='word_1_399' title='bbox 1133 2806 1207 2862; x_wconf 80' lang='grc' dir='ltr'>πάλιν</span> <span class='ocrx_word' id='word_1_400' title='bbox 1221 2807 1264 2860; x_wconf 87' lang='grc' dir='ltr'>τδν</span> <span class='ocrx_word' id='word_1_401' title='bbox 1275 2806 1401 2861; x_wconf 83' lang='grc' dir='ltr'>Φίλιππον</span> <span class='ocrx_word' id='word_1_402' title='bbox 1416 2806 1457 2859; x_wconf 88' lang='grc' dir='ltr'>διά</span> <span class='ocrx_word' id='word_1_403' title='bbox 1469 2810 1512 2860; x_wconf 77' lang='grc' dir='ltr'>τοῦ</span> <span class='ocrx_word' id='word_1_404' title='bbox 1526 2807 1593 2878; x_wconf 78' lang='grc' dir='ltr'>θόριν</span> <span class='ocrx_word' id='word_1_405' title='bbox 1608 2809 1685 2879; x_wconf 87' lang='grc' dir='ltr'>μόνον</span> <span class='ocrx_word' id='word_1_406' title='bbox 1697 2829 1741 2862; x_wconf 84' lang='grc' dir='ltr'>κα·</span> 
     </span>
    </p>
   </div>
   <div class='ocr_carea' id='block_1_6' title="bbox 175 2845 1742 2957">
    <p class='ocr_par' dir='ltr' id='par_1_6' title="bbox 175 2845 1742 2957">
     <span class='ocr_line' id='line_1_30' title="bbox 175 2845 1742 2957; baseline -0.001 -18"><span class='ocrx_word' id='word_1_407' title='bbox 175 2845 224 2949; x_wconf 42' lang='grc' dir='ltr'>θοί,</span> <span class='ocrx_word' id='word_1_408' title='bbox 239 2889 266 2939; x_wconf 88' lang='grc'>6.</span> <span class='ocrx_word' id='word_1_409' title='bbox 284 2882 383 2950; x_wconf 79' lang='grc' dir='ltr'>Ἐπειδὴ</span> <span class='ocrx_word' id='word_1_410' title='bbox 396 2883 439 2956; x_wconf 82' lang='grc' dir='ltr'>δδ]</span> <span class='ocrx_word' id='word_1_411' title='bbox 455 2884 595 2951; x_wconf 84' lang='grc' dir='ltr'>ίίατασκευὴ</span> <span class='ocrx_word' id='word_1_412' title='bbox 607 2888 651 2939; x_wconf 79' lang='grc' dir='ltr'>τοῦ</span> <span class='ocrx_word' id='word_1_413' title='bbox 664 2886 803 2957; x_wconf 89' lang='grc' dir='ltr'>προοιμίου.</span> <span class='ocrx_word' id='word_1_414' title='bbox 818 2889 851 2942; x_wconf 90' lang='lat' dir='ltr'>P.</span> <span class='ocrx_word' id='word_1_415' title='bbox 961 2883 1031 2936; x_wconf 91' lang='grc' dir='ltr'>λέσαι</span> <span class='ocrx_word' id='word_1_416' title='bbox 1043 2882 1115 2937; x_wconf 79' lang='grc' dir='ltr'>αύτσῦ</span> <span class='ocrx_word' id='word_1_417' title='bbox 1127 2885 1156 2939; x_wconf 85' lang='grc' dir='ltr'>τδ</span> <span class='ocrx_word' id='word_1_418' title='bbox 1169 2889 1284 2957; x_wconf 80' lang='grc' dir='ltr'>πρᾶγμα,</span> <span class='ocrx_word' id='word_1_419' title='bbox 1296 2885 1353 2939; x_wconf 90' lang='grc' dir='ltr'>ἀλλ’</span> <span class='ocrx_word' id='word_1_420' title='bbox 1365 2883 1423 2956; x_wconf 78' lang='grc' dir='ltr'>αύχλ</span> <span class='ocrx_word' id='word_1_421' title='bbox 1434 2884 1553 2955; x_wconf 86' lang='grc' dir='ltr'>πόλεμον,</span> <span class='ocrx_word' id='word_1_422' title='bbox 1569 2885 1610 2938; x_wconf 80' lang='grc' dir='ltr'>καί</span> <span class='ocrx_word' id='word_1_423' title='bbox 1623 2886 1675 2956; x_wconf 78' lang='grc' dir='ltr'>ἅμα</span> <span class='ocrx_word' id='word_1_424' title='bbox 1686 2887 1742 2949; x_wconf 75' lang='grc' dir='ltr'>τοίας</span> 
     </span>
    </p>
   </div>
   <div class='ocr_carea' id='block_1_7' title="bbox 90 2955 1753 5311">
    <p class='ocr_par' dir='ltr' id='par_1_7' title="bbox 90 2955 1753 5311">
     <span class='ocr_line' id='line_1_31' title="bbox 175 2955 1742 3037; baseline 0.001 -21"><span class='ocrx_word' id='word_1_425' title='bbox 175 2960 249 3016; x_wconf 78' lang='grc' dir='ltr'>Οὗτοι</span> <span class='ocrx_word' id='word_1_426' title='bbox 269 2962 404 3035; x_wconf 88' lang='grc' dir='ltr'>πρότερον]</span> <span class='ocrx_word' id='word_1_427' title='bbox 419 2963 454 3016; x_wconf 87' lang='grc' dir='ltr'>Τδ</span> <span class='ocrx_word' id='word_1_428' title='bbox 471 2966 559 3036; x_wconf 74' lang='grc' dir='ltr'>σχῆμα</span> <span class='ocrx_word' id='word_1_429' title='bbox 577 2964 708 3030; x_wconf 77' lang='grc' dir='ltr'>δεικτικδν,</span> <span class='ocrx_word' id='word_1_430' title='bbox 732 2963 869 3037; x_wconf 87' lang='grc' dir='ltr'>φαυλισμοῖι</span> <span class='ocrx_word' id='word_1_431' title='bbox 892 2965 919 3020; x_wconf 82' lang='grc' dir='ltr'>δέ</span> <span class='ocrx_word' id='word_1_432' title='bbox 965 2958 1100 3028; x_wconf 73' lang='grc' dir='ltr'>Ἀθηναίους</span> <span class='ocrx_word' id='word_1_433' title='bbox 1113 2964 1171 3035; x_wconf 80' lang='grc' dir='ltr'>πρός</span> <span class='ocrx_word' id='word_1_434' title='bbox 1183 2965 1292 3037; x_wconf 80' lang='grc' dir='ltr'>πόλεμον</span> <span class='ocrx_word' id='word_1_435' title='bbox 1303 2966 1453 3036; x_wconf 82' lang='grc' dir='ltr'>διηρέθισεν,</span> <span class='ocrx_word' id='word_1_436' title='bbox 1470 2955 1507 3024; x_wconf 73' lang='grc' dir='ltr'>οἷς</span> <span class='ocrx_word' id='word_1_437' title='bbox 1518 2960 1586 3015; x_wconf 81' lang='grc' dir='ltr'>ούδέν</span> <span class='ocrx_word' id='word_1_438' title='bbox 1599 2964 1742 3035; x_wconf 82' lang='grc' dir='ltr'>ἀπαχθέστε·</span> 
     </span>
     <span class='ocr_line' id='line_1_32' title="bbox 141 3041 1213 3114; baseline 0.003 -18"><span class='ocrx_word' id='word_1_439' title='bbox 141 3041 292 3113; x_wconf 83' lang='grc' dir='ltr'>έκφαντικόν.</span> <span class='ocrx_word' id='word_1_440' title='bbox 308 3044 338 3100; x_wconf 88' lang='grc' dir='ltr'>Ρ.</span> <span class='ocrx_word' id='word_1_441' title='bbox 961 3058 1005 3110; x_wconf 81' lang='grc' dir='ltr'>ρον</span> <span class='ocrx_word' id='word_1_442' title='bbox 1018 3046 1061 3108; x_wconf 78' lang='grc' dir='ltr'>τῆς</span> <span class='ocrx_word' id='word_1_443' title='bbox 1071 3042 1170 3114; x_wconf 77' lang='grc' dir='ltr'>θόρεως.</span> <span class='ocrx_word' id='word_1_444' title='bbox 1183 3046 1213 3099; x_wconf 90' lang='grc' dir='ltr'>Β.</span> 
     </span>
     <span class='ocr_line' id='line_1_33' title="bbox 176 3115 1741 3193; baseline -0.001 -18"><span class='ocrx_word' id='word_1_445' title='bbox 176 3124 225 3189; x_wconf 76' lang='grc' dir='ltr'>θο,</span> <span class='ocrx_word' id='word_1_446' title='bbox 235 3124 262 3175; x_wconf 86' lang='grc' dir='ltr'>θ.</span> <span class='ocrx_word' id='word_1_447' title='bbox 276 3118 428 3191; x_wconf 80' lang='grc' dir='ltr'>Συγγνώμης</span> <span class='ocrx_word' id='word_1_448' title='bbox 436 3120 585 3192; x_wconf 78' lang='grc' dir='ltr'>τυγχάνειν]</span> <span class='ocrx_word' id='word_1_449' title='bbox 597 3120 681 3175; x_wconf 82' lang='grc' dir='ltr'>Καίτοι</span> <span class='ocrx_word' id='word_1_450' title='bbox 693 3120 816 3183; x_wconf 73' lang='grc' dir='ltr'>ἀποδείξας</span> <span class='ocrx_word' id='word_1_451' title='bbox 826 3123 859 3183; x_wconf 81' lang='grc' dir='ltr'>ὡς</span> <span class='ocrx_word' id='word_1_452' title='bbox 871 3121 919 3193; x_wconf 90' lang='grc' dir='ltr'>ούχ</span> <span class='ocrx_word' id='word_1_453' title='bbox 998 3126 1048 3185; x_wconf 69' lang='grc' dir='ltr'>ἀι,</span> <span class='ocrx_word' id='word_1_454' title='bbox 1069 3121 1095 3174; x_wconf 87' lang='grc'>8.</span> <span class='ocrx_word' id='word_1_455' title='bbox 1115 3120 1147 3174; x_wconf 73' lang='lat' dir='ltr'>El</span> <span class='ocrx_word' id='word_1_456' title='bbox 1160 3122 1186 3174; x_wconf 85' lang='grc' dir='ltr'>δέ</span> <span class='ocrx_word' id='word_1_457' title='bbox 1205 3139 1241 3183; x_wconf 89' lang='grc' dir='ltr'>τις</span> <span class='ocrx_word' id='word_1_458' title='bbox 1255 3120 1340 3193; x_wconf 87' lang='grc' dir='ltr'>ύμῶν]</span> <span class='ocrx_word' id='word_1_459' title='bbox 1356 3115 1465 3184; x_wconf 78' lang='grc' dir='ltr'>Είσθολὴ</span> <span class='ocrx_word' id='word_1_460' title='bbox 1483 3116 1546 3171; x_wconf 86' lang='grc' dir='ltr'>κατά</span> <span class='ocrx_word' id='word_1_461' title='bbox 1564 3116 1593 3172; x_wconf 83' lang='grc' dir='ltr'>τδ</span> <span class='ocrx_word' id='word_1_462' title='bbox 1609 3118 1741 3189; x_wconf 85' lang='grc' dir='ltr'>κεφάλαιον</span> 
     </span>
     <span class='ocr_line' id='line_1_34' title="bbox 141 3196 1190 3273; baseline 0.005 -25"><span class='ocrx_word' id='word_1_463' title='bbox 141 3197 273 3268; x_wconf 77' lang='grc' dir='ltr'>ἁμαρτάνει</span> <span class='ocrx_word' id='word_1_464' title='bbox 284 3196 325 3249; x_wconf 72' lang='grc' dir='ltr'>διὰ</span> <span class='ocrx_word' id='word_1_465' title='bbox 336 3197 365 3252; x_wconf 79' lang='grc' dir='ltr'>τό</span> <span class='ocrx_word' id='word_1_466' title='bbox 375 3202 585 3269; x_wconf 87' lang='grc' dir='ltr'>ταπειναφρονιῖν,</span> <span class='ocrx_word' id='word_1_467' title='bbox 600 3203 749 3273; x_wconf 76' lang='grc' dir='ltr'>συγγνώμην</span> <span class='ocrx_word' id='word_1_468' title='bbox 765 3200 795 3255; x_wconf 87' lang='grc' dir='ltr'>τδ</span> <span class='ocrx_word' id='word_1_469' title='bbox 808 3206 919 3255; x_wconf 80' lang='grc' dir='ltr'>τοιοῦτον</span> <span class='ocrx_word' id='word_1_470' title='bbox 962 3196 990 3251; x_wconf 88' lang='grc' dir='ltr'>τδ</span> <span class='ocrx_word' id='word_1_471' title='bbox 1006 3197 1117 3251; x_wconf 88' lang='grc' dir='ltr'>δυνατόν.</span> <span class='ocrx_word' id='word_1_472' title='bbox 1135 3203 1190 3254; x_wconf 82' lang='grc' dir='ltr'>ΑΒ.</span> 
     </span>
     <span class='ocr_line' id='line_1_35' title="bbox 141 3274 1742 3349; baseline 0.001 -21"><span class='ocrx_word' id='word_1_473' title='bbox 141 3276 222 3331; x_wconf 87' lang='grc' dir='ltr'>καλεῖ.</span> <span class='ocrx_word' id='word_1_474' title='bbox 238 3277 313 3329; x_wconf 89' lang='lat' dir='ltr'><strong>TCP.</strong></span> <span class='ocrx_word' id='word_1_475' title='bbox 998 3276 1029 3328; x_wconf 89' lang='grc' dir='ltr'>Εί</span> <span class='ocrx_word' id='word_1_476' title='bbox 1039 3278 1065 3332; x_wconf 86' lang='grc' dir='ltr'>δέ</span> <span class='ocrx_word' id='word_1_477' title='bbox 1071 3297 1106 3341; x_wconf 90' lang='grc' dir='ltr'>τις</span> <span class='ocrx_word' id='word_1_478' title='bbox 1117 3278 1186 3349; x_wconf 85' lang='grc' dir='ltr'>ύμῖν,</span> <span class='ocrx_word' id='word_1_479' title='bbox 1197 3275 1310 3349; x_wconf 81' lang='grc' dir='ltr'>ῶάνδρες</span> <span class='ocrx_word' id='word_1_480' title='bbox 1320 3276 1460 3347; x_wconf 71' lang='grc' dir='ltr'>Ἀθηναῖοι]</span> <span class='ocrx_word' id='word_1_481' title='bbox 1473 3275 1550 3336; x_wconf 84' lang='grc' dir='ltr'>Ὅσας</span> <span class='ocrx_word' id='word_1_482' title='bbox 1559 3274 1627 3328; x_wconf 79' lang='grc' dir='ltr'>οἶδεν</span> <span class='ocrx_word' id='word_1_483' title='bbox 1640 3276 1654 3328; x_wconf 88' lang='grc' dir='ltr'>ό</span> <span class='ocrx_word' id='word_1_484' title='bbox 1661 3275 1742 3349; x_wconf 71' lang='grc' dir='ltr'>ῥητωρ</span> 
     </span>
     <span class='ocr_line' id='line_1_36' title="bbox 176 3348 1742 3428; baseline 0.003 -23"><span class='ocrx_word' id='word_1_485' title='bbox 176 3356 224 3418; x_wconf 72' lang='grc' dir='ltr'>4ο,</span> <span class='ocrx_word' id='word_1_486' title='bbox 242 3370 284 3407; x_wconf 87' lang='grc' dir='ltr'>ιο.</span> <span class='ocrx_word' id='word_1_487' title='bbox 293 3351 393 3423; x_wconf 83' lang='grc' dir='ltr'>Πρῶτον</span> <span class='ocrx_word' id='word_1_488' title='bbox 406 3352 449 3424; x_wconf 77' lang='grc' dir='ltr'>μάν</span> <span class='ocrx_word' id='word_1_489' title='bbox 461 3348 524 3426; x_wconf 85' lang='grc' dir='ltr'>οθν]</span> <span class='ocrx_word' id='word_1_490' title='bbox 539 3353 583 3417; x_wconf 71' lang='lat' dir='ltr'>Et&lt;</span> <span class='ocrx_word' id='word_1_491' title='bbox 596 3356 625 3410; x_wconf 79' lang='grc' dir='ltr'>τό</span> <span class='ocrx_word' id='word_1_492' title='bbox 636 3356 738 3410; x_wconf 81' lang='grc' dir='ltr'>δυνατόν</span> <span class='ocrx_word' id='word_1_493' title='bbox 754 3362 849 3427; x_wconf 88' lang='grc' dir='ltr'>πρῶτον</span> <span class='ocrx_word' id='word_1_494' title='bbox 861 3357 921 3411; x_wconf 82' lang='grc' dir='ltr'>εἰσέ-</span> <span class='ocrx_word' id='word_1_495' title='bbox 963 3353 1062 3426; x_wconf 80' lang='grc' dir='ltr'>ίσχαράς</span> <span class='ocrx_word' id='word_1_496' title='bbox 1073 3354 1215 3421; x_wconf 90' lang='grc' dir='ltr'>ἀντιθέσεις,</span> <span class='ocrx_word' id='word_1_497' title='bbox 1228 3363 1324 3428; x_wconf 87' lang='grc' dir='ltr'>πρῶτον</span> <span class='ocrx_word' id='word_1_498' title='bbox 1340 3356 1433 3409; x_wconf 87' lang='grc' dir='ltr'>τούτων</span> <span class='ocrx_word' id='word_1_499' title='bbox 1446 3354 1513 3424; x_wconf 87' lang='grc' dir='ltr'>λέγει</span> <span class='ocrx_word' id='word_1_500' title='bbox 1524 3352 1567 3415; x_wconf 79' lang='grc' dir='ltr'>τὰς</span> <span class='ocrx_word' id='word_1_501' title='bbox 1586 3354 1679 3418; x_wconf 88' lang='grc' dir='ltr'>λύσεις,</span> <span class='ocrx_word' id='word_1_502' title='bbox 1695 3354 1742 3409; x_wconf 81' lang='grc' dir='ltr'>εἷθ’</span> 
     </span>
     <span class='ocr_line' id='line_1_37' title="bbox 141 3431 1739 3506; baseline 0.002 -22"><span class='ocrx_word' id='word_1_503' title='bbox 141 3431 218 3494; x_wconf 78' lang='grc' dir='ltr'>θαλε,</span> <span class='ocrx_word' id='word_1_504' title='bbox 234 3431 385 3502; x_wconf 79' lang='grc' dir='ltr'>μεμιγμένην</span> <span class='ocrx_word' id='word_1_505' title='bbox 405 3437 436 3505; x_wconf 73' lang='grc' dir='ltr'>τῇ</span> <span class='ocrx_word' id='word_1_506' title='bbox 454 3434 567 3504; x_wconf 76' lang='grc' dir='ltr'>νουθεσίᾳ</span> <span class='ocrx_word' id='word_1_507' title='bbox 585 3431 629 3498; x_wconf 86' lang='grc' dir='ltr'>τὴν</span> <span class='ocrx_word' id='word_1_508' title='bbox 643 3436 796 3506; x_wconf 85' lang='grc' dir='ltr'>παραμυθίαν</span> <span class='ocrx_word' id='word_1_509' title='bbox 816 3438 919 3502; x_wconf 79' lang='grc' dir='ltr'>ποιησά·</span> <span class='ocrx_word' id='word_1_510' title='bbox 962 3433 1027 3488; x_wconf 74' lang='grc' dir='ltr'>οὕτω</span> <span class='ocrx_word' id='word_1_511' title='bbox 1051 3435 1141 3506; x_wconf 88' lang='grc' dir='ltr'>σαθράς</span> <span class='ocrx_word' id='word_1_512' title='bbox 1165 3435 1290 3499; x_wconf 83' lang='grc' dir='ltr'>ἀποδείξας</span> <span class='ocrx_word' id='word_1_513' title='bbox 1310 3434 1383 3497; x_wconf 85' lang='grc' dir='ltr'>αιίτάς</span> <span class='ocrx_word' id='word_1_514' title='bbox 1407 3438 1534 3504; x_wconf 80' lang='grc' dir='ltr'>προφανῶς</span> <span class='ocrx_word' id='word_1_515' title='bbox 1560 3431 1739 3503; x_wconf 81' lang='grc' dir='ltr'>προύάλλεται·</span> 
     </span>
     <span class='ocr_line' id='line_1_38' title="bbox 143 3507 1743 3583; baseline -0.004 -12"><span class='ocrx_word' id='word_1_516' title='bbox 143 3528 223 3580; x_wconf 63' lang='grc' dir='ltr'>μενοι·</span> <span class='ocrx_word' id='word_1_517' title='bbox 239 3510 291 3563; x_wconf 77' lang='lat' dir='ltr'>FP.</span> <span class='ocrx_word' id='word_1_518' title='bbox 962 3514 1043 3583; x_wconf 80' lang='grc' dir='ltr'>ὥσπερ</span> <span class='ocrx_word' id='word_1_519' title='bbox 1054 3508 1097 3567; x_wconf 84' lang='grc' dir='ltr'>ούν</span> <span class='ocrx_word' id='word_1_520' title='bbox 1112 3514 1154 3567; x_wconf 83' lang='grc' dir='ltr'>καλ</span> <span class='ocrx_word' id='word_1_521' title='bbox 1167 3515 1278 3572; x_wconf 81' lang='grc' dir='ltr'>ίνταθθα.</span> <span class='ocrx_word' id='word_1_522' title='bbox 1316 3512 1366 3580; x_wconf 89' lang='grc' dir='ltr'>Τὴν</span> <span class='ocrx_word' id='word_1_523' title='bbox 1380 3513 1407 3567; x_wconf 81' lang='grc' dir='ltr'>δέ</span> <span class='ocrx_word' id='word_1_524' title='bbox 1419 3511 1541 3565; x_wconf 84' lang='grc' dir='ltr'>ἀντίθεσιν</span> <span class='ocrx_word' id='word_1_525' title='bbox 1555 3507 1600 3576; x_wconf 77' lang='grc' dir='ltr'>τὴν</span> <span class='ocrx_word' id='word_1_526' title='bbox 1620 3516 1743 3583; x_wconf 79' lang='grc' dir='ltr'>παροῦσαν</span> 
     </span>
     <span class='ocr_line' id='line_1_39' title="bbox 180 3585 1744 3661; baseline 0.002 -22"><span class='ocrx_word' id='word_1_527' title='bbox 180 3585 236 3640; x_wconf 63' lang='lat' dir='ltr'>’Aah</span> <span class='ocrx_word' id='word_1_528' title='bbox 247 3587 372 3656; x_wconf 86' lang='grc' dir='ltr'>θεραπείας</span> <span class='ocrx_word' id='word_1_529' title='bbox 384 3586 401 3654; x_wconf 79' lang='grc' dir='ltr'>ὴ</span> <span class='ocrx_word' id='word_1_530' title='bbox 413 3587 512 3655; x_wconf 79' lang='grc' dir='ltr'>είαθολὴ</span> <span class='ocrx_word' id='word_1_531' title='bbox 524 3594 573 3644; x_wconf 89' lang='grc' dir='ltr'>τῶν</span> <span class='ocrx_word' id='word_1_532' title='bbox 586 3590 700 3661; x_wconf 88' lang='grc' dir='ltr'>ἀγιύνων.</span> <span class='ocrx_word' id='word_1_533' title='bbox 713 3593 744 3645; x_wconf 88' lang='grc' dir='ltr'>Β.</span> <span class='ocrx_word' id='word_1_534' title='bbox 963 3586 997 3650; x_wconf 86' lang='grc' dir='ltr'>είς</span> <span class='ocrx_word' id='word_1_535' title='bbox 1013 3589 1056 3642; x_wconf 84' lang='grc' dir='ltr'>δύο</span> <span class='ocrx_word' id='word_1_536' title='bbox 1076 3593 1264 3655; x_wconf 78' lang='grc' dir='ltr'>κατασκευάζει,</span> <span class='ocrx_word' id='word_1_537' title='bbox 1282 3588 1316 3653; x_wconf 90' lang='grc' dir='ltr'>είς</span> <span class='ocrx_word' id='word_1_538' title='bbox 1331 3608 1357 3644; x_wconf 92' lang='grc' dir='ltr'>τε</span> <span class='ocrx_word' id='word_1_539' title='bbox 1377 3587 1422 3655; x_wconf 91' lang='grc' dir='ltr'>τὴν</span> <span class='ocrx_word' id='word_1_540' title='bbox 1434 3587 1520 3642; x_wconf 85' lang='grc' dir='ltr'>τούτου</span> <span class='ocrx_word' id='word_1_541' title='bbox 1538 3587 1640 3660; x_wconf 86' lang='grc' dir='ltr'>δύναμιν</span> <span class='ocrx_word' id='word_1_542' title='bbox 1653 3588 1694 3641; x_wconf 80' lang='grc' dir='ltr'>καί</span> <span class='ocrx_word' id='word_1_543' title='bbox 1712 3589 1744 3652; x_wconf 86' lang='grc' dir='ltr'>είς</span> 
     </span>
     <span class='ocr_line' id='line_1_40' title="bbox 176 3663 1744 3740; baseline 0.005 -22"><span class='ocrx_word' id='word_1_544' title='bbox 176 3668 225 3727; x_wconf 79' lang='grc' dir='ltr'>όο,</span> <span class='ocrx_word' id='word_1_545' title='bbox 247 3681 288 3718; x_wconf 83' lang='grc' dir='ltr'>ια.</span> <span class='ocrx_word' id='word_1_546' title='bbox 307 3664 365 3717; x_wconf 71' lang='grc' dir='ltr'>Οὐδ’</span> <span class='ocrx_word' id='word_1_547' title='bbox 384 3663 406 3718; x_wconf 86' lang='grc' dir='ltr'>εί</span> <span class='ocrx_word' id='word_1_548' title='bbox 425 3667 487 3720; x_wconf 81' lang='grc' dir='ltr'>πάνυ</span> <span class='ocrx_word' id='word_1_549' title='bbox 504 3666 617 3740; x_wconf 84' lang='grc' dir='ltr'>φαύλως]</span> <span class='ocrx_word' id='word_1_550' title='bbox 636 3667 692 3723; x_wconf 73' lang='grc' dir='ltr'>’ἀπό</span> <span class='ocrx_word' id='word_1_551' title='bbox 712 3670 836 3739; x_wconf 88' lang='grc' dir='ltr'>θεραπείας</span> <span class='ocrx_word' id='word_1_552' title='bbox 855 3670 920 3733; x_wconf 72' lang='grc' dir='ltr'>τινος</span> <span class='ocrx_word' id='word_1_553' title='bbox 963 3664 1008 3732; x_wconf 85' lang='grc' dir='ltr'>τὴν</span> <span class='ocrx_word' id='word_1_554' title='bbox 1034 3667 1060 3721; x_wconf 82' lang='grc' dir='ltr'>έκ</span> <span class='ocrx_word' id='word_1_555' title='bbox 1080 3671 1123 3734; x_wconf 81' lang='grc' dir='ltr'>τῆς</span> <span class='ocrx_word' id='word_1_556' title='bbox 1143 3667 1232 3731; x_wconf 78' lang='grc' dir='ltr'>οἰκείας</span> <span class='ocrx_word' id='word_1_557' title='bbox 1258 3667 1381 3730; x_wconf 87' lang='grc' dir='ltr'>ἀσθενείας</span> <span class='ocrx_word' id='word_1_558' title='bbox 1403 3672 1451 3722; x_wconf 87' lang='grc' dir='ltr'>τῶν</span> <span class='ocrx_word' id='word_1_559' title='bbox 1481 3666 1644 3735; x_wconf 72' lang='grc' dir='ltr'>Ἀθηναίων’.</span> <span class='ocrx_word' id='word_1_560' title='bbox 1680 3669 1744 3726; x_wconf 82' lang='grc' dir='ltr'>Εἶτα</span> 
     </span>
     <span class='ocr_line' id='line_1_41' title="bbox 143 3741 1741 3820; baseline 0.006 -27"><span class='ocrx_word' id='word_1_561' title='bbox 143 3741 333 3812; x_wconf 84' lang='grc' dir='ltr'>έχούσηςαίτίαν</span> <span class='ocrx_word' id='word_1_562' title='bbox 342 3747 386 3798; x_wconf 82' lang='grc' dir='ltr'>τού</span> <span class='ocrx_word' id='word_1_563' title='bbox 396 3741 429 3815; x_wconf 91' lang='grc' dir='ltr'>μὴ</span> <span class='ocrx_word' id='word_1_564' title='bbox 438 3746 490 3798; x_wconf 86' lang='grc' dir='ltr'>δεῖν</span> <span class='ocrx_word' id='word_1_565' title='bbox 502 3743 604 3816; x_wconf 89' lang='grc' dir='ltr'>ἀθυμεῖν</span> <span class='ocrx_word' id='word_1_566' title='bbox 614 3750 657 3804; x_wconf 76' lang='grc' dir='ltr'>τὴν</span> <span class='ocrx_word' id='word_1_567' title='bbox 667 3745 782 3814; x_wconf 77' lang='grc' dir='ltr'>είσθολὴν</span> <span class='ocrx_word' id='word_1_568' title='bbox 794 3755 842 3802; x_wconf 89' lang='grc' dir='ltr'>τῶν</span> <span class='ocrx_word' id='word_1_569' title='bbox 853 3749 920 3820; x_wconf 86' lang='grc' dir='ltr'>ἀγῶ·</span> <span class='ocrx_word' id='word_1_570' title='bbox 964 3745 1060 3812; x_wconf 72' lang='grc' dir='ltr'>ἐπειδὴ,</span> <span class='ocrx_word' id='word_1_571' title='bbox 1075 3746 1097 3800; x_wconf 86' lang='grc' dir='ltr'>εί</span> <span class='ocrx_word' id='word_1_572' title='bbox 1116 3747 1157 3800; x_wconf 80' lang='grc' dir='ltr'>καί</span> <span class='ocrx_word' id='word_1_573' title='bbox 1175 3747 1206 3800; x_wconf 86' lang='grc' dir='ltr'>τά</span> <span class='ocrx_word' id='word_1_574' title='bbox 1220 3748 1327 3818; x_wconf 82' lang='grc' dir='ltr'>μάλιστα</span> <span class='ocrx_word' id='word_1_575' title='bbox 1341 3747 1419 3802; x_wconf 76' lang='grc' dir='ltr'>ἐδόκει</span> <span class='ocrx_word' id='word_1_576' title='bbox 1437 3745 1554 3800; x_wconf 88' lang='grc' dir='ltr'>λελύσθαι</span> <span class='ocrx_word' id='word_1_577' title='bbox 1571 3745 1587 3814; x_wconf 76' lang='grc' dir='ltr'>ὴ</span> <span class='ocrx_word' id='word_1_578' title='bbox 1608 3746 1741 3816; x_wconf 84' lang='grc' dir='ltr'>ἀντίθεσις,</span> 
     </span>
     <span class='ocr_line' id='line_1_42' title="bbox 142 3819 1742 3901; baseline 0.006 -28"><span class='ocrx_word' id='word_1_579' title='bbox 142 3840 191 3873; x_wconf 89' lang='grc' dir='ltr'>νων</span> <span class='ocrx_word' id='word_1_580' title='bbox 208 3819 349 3886; x_wconf 82' lang='grc' dir='ltr'>ίπσιὴσατα,</span> <span class='ocrx_word' id='word_1_581' title='bbox 385 3822 431 3875; x_wconf 83' lang='grc' dir='ltr'>Διά</span> <span class='ocrx_word' id='word_1_582' title='bbox 443 3827 488 3877; x_wconf 81' lang='grc' dir='ltr'>τοθ</span> <span class='ocrx_word' id='word_1_583' title='bbox 503 3821 590 3889; x_wconf 77' lang='grc' dir='ltr'>εἰπεῖν,</span> <span class='ocrx_word' id='word_1_584' title='bbox 605 3823 650 3877; x_wconf 89' lang='grc' dir='ltr'>αύκ</span> <span class='ocrx_word' id='word_1_585' title='bbox 670 3824 816 3897; x_wconf 74' lang='grc' dir='ltr'>ἀθυμητέον,</span> <span class='ocrx_word' id='word_1_586' title='bbox 831 3827 883 3879; x_wconf 75' lang='grc' dir='ltr'>αδδ</span> <span class='ocrx_word' id='word_1_587' title='bbox 899 3828 922 3882; x_wconf 88' lang='grc' dir='ltr'>εί</span> <span class='ocrx_word' id='word_1_588' title='bbox 963 3827 1031 3896; x_wconf 75' lang='grc' dir='ltr'>ὅμως</span> <span class='ocrx_word' id='word_1_589' title='bbox 1045 3824 1080 3879; x_wconf 84' lang='grc' dir='ltr'>έτι</span> <span class='ocrx_word' id='word_1_590' title='bbox 1094 3825 1185 3897; x_wconf 83' lang='grc' dir='ltr'>σφοδρδ</span> <span class='ocrx_word' id='word_1_591' title='bbox 1197 3822 1237 3894; x_wconf 85' lang='grc' dir='ltr'>ὴν,</span> <span class='ocrx_word' id='word_1_592' title='bbox 1251 3824 1295 3892; x_wconf 83' lang='grc' dir='ltr'>τὴν</span> <span class='ocrx_word' id='word_1_593' title='bbox 1310 3827 1353 3899; x_wconf 76' lang='grc' dir='ltr'>μέν</span> <span class='ocrx_word' id='word_1_594' title='bbox 1368 3824 1447 3898; x_wconf 85' lang='grc' dir='ltr'>ἀρχὴν</span> <span class='ocrx_word' id='word_1_595' title='bbox 1465 3828 1589 3898; x_wconf 85' lang='grc' dir='ltr'>συντρέχει</span> <span class='ocrx_word' id='word_1_596' title='bbox 1602 3834 1637 3901; x_wconf 79' lang='grc' dir='ltr'>τῷ</span> <span class='ocrx_word' id='word_1_597' title='bbox 1652 3820 1742 3883; x_wconf 74' lang='grc' dir='ltr'>ἀντιτι-</span> 
     </span>
     <span class='ocr_line' id='line_1_43' title="bbox 142 3898 1742 3978; baseline 0.004 -24"><span class='ocrx_word' id='word_1_598' title='bbox 142 3903 204 3954; x_wconf 79' lang='grc' dir='ltr'>πάνυ</span> <span class='ocrx_word' id='word_1_599' title='bbox 216 3899 314 3971; x_wconf 86' lang='grc' dir='ltr'>φαύλως</span> <span class='ocrx_word' id='word_1_600' title='bbox 327 3898 395 3971; x_wconf 72' lang='grc' dir='ltr'>ἔχειν</span> <span class='ocrx_word' id='word_1_601' title='bbox 407 3903 489 3967; x_wconf 89' lang='grc' dir='ltr'>δοκεῖ,</span> <span class='ocrx_word' id='word_1_602' title='bbox 502 3904 621 3957; x_wconf 89' lang='grc' dir='ltr'>δείκνυσιν</span> <span class='ocrx_word' id='word_1_603' title='bbox 635 3904 668 3966; x_wconf 83' lang='grc' dir='ltr'>ῶς</span> <span class='ocrx_word' id='word_1_604' title='bbox 679 3905 776 3976; x_wconf 86' lang='grc' dir='ltr'>θαρρεῖν</span> <span class='ocrx_word' id='word_1_605' title='bbox 796 3906 860 3978; x_wconf 78' lang='grc' dir='ltr'>χρὴ·</span> <span class='ocrx_word' id='word_1_606' title='bbox 879 3908 921 3960; x_wconf 81' lang='grc' dir='ltr'>καί</span> <span class='ocrx_word' id='word_1_607' title='bbox 964 3906 1036 3960; x_wconf 90' lang='grc' dir='ltr'>θέντι.</span> <span class='ocrx_word' id='word_1_608' title='bbox 1073 3906 1120 3958; x_wconf 86' lang='grc' dir='ltr'>Δεῖ</span> <span class='ocrx_word' id='word_1_609' title='bbox 1128 3904 1176 3976; x_wconf 87' lang='grc' dir='ltr'>γάρ</span> <span class='ocrx_word' id='word_1_610' title='bbox 1189 3905 1232 3959; x_wconf 79' lang='grc' dir='ltr'>τόν</span> <span class='ocrx_word' id='word_1_611' title='bbox 1244 3905 1334 3977; x_wconf 74' lang='grc' dir='ltr'>ῥήτορα</span> <span class='ocrx_word' id='word_1_612' title='bbox 1347 3905 1387 3958; x_wconf 86' lang='grc' dir='ltr'>διά</span> <span class='ocrx_word' id='word_1_613' title='bbox 1399 3905 1429 3959; x_wconf 87' lang='grc' dir='ltr'>τδ</span> <span class='ocrx_word' id='word_1_614' title='bbox 1444 3901 1477 3977; x_wconf 90' lang='grc' dir='ltr'>μὴ</span> <span class='ocrx_word' id='word_1_615' title='bbox 1498 3907 1580 3959; x_wconf 85' lang='grc' dir='ltr'>δοκεῖν</span> <span class='ocrx_word' id='word_1_616' title='bbox 1597 3905 1683 3974; x_wconf 80' lang='grc' dir='ltr'>ἀναιδῆ</span> <span class='ocrx_word' id='word_1_617' title='bbox 1701 3910 1742 3962; x_wconf 82' lang='grc' dir='ltr'>καί</span> 
     </span>
     <span class='ocr_line' id='line_1_44' title="bbox 142 3976 1743 4057; baseline 0.007 -29"><span class='ocrx_word' id='word_1_618' title='bbox 142 3978 189 4050; x_wconf 78' lang='grc' dir='ltr'>γὰρ</span> <span class='ocrx_word' id='word_1_619' title='bbox 205 3980 257 4040; x_wconf 85' lang='grc' dir='ltr'>τοῖς</span> <span class='ocrx_word' id='word_1_620' title='bbox 266 3976 298 4040; x_wconf 81' lang='grc' dir='ltr'>είς</span> <span class='ocrx_word' id='word_1_621' title='bbox 306 3978 380 4050; x_wconf 82' lang='grc' dir='ltr'>ἀκρον</span> <span class='ocrx_word' id='word_1_622' title='bbox 391 3979 478 4046; x_wconf 79' lang='grc' dir='ltr'>ὴκουαι</span> <span class='ocrx_word' id='word_1_623' title='bbox 489 3982 561 4036; x_wconf 84' lang='grc' dir='ltr'>νόσου</span> <span class='ocrx_word' id='word_1_624' title='bbox 571 3986 644 4036; x_wconf 85' lang='grc' dir='ltr'>τοθτο</span> <span class='ocrx_word' id='word_1_625' title='bbox 655 3989 817 4057; x_wconf 80' lang='grc' dir='ltr'>παραινοῦμεν</span> <span class='ocrx_word' id='word_1_626' title='bbox 831 3985 878 4039; x_wconf 86' lang='grc' dir='ltr'>ἀεί.</span> <span class='ocrx_word' id='word_1_627' title='bbox 889 3988 919 4042; x_wconf 88' lang='grc' dir='ltr'>Ρ.</span> <span class='ocrx_word' id='word_1_628' title='bbox 963 3983 1015 4045; x_wconf 84' lang='grc' dir='ltr'>τοῖς</span> <span class='ocrx_word' id='word_1_629' title='bbox 1034 3987 1160 4053; x_wconf 83' lang='grc' dir='ltr'>προφανῶς</span> <span class='ocrx_word' id='word_1_630' title='bbox 1181 3981 1281 4050; x_wconf 79' lang='grc' dir='ltr'>ἀληθέσι</span> <span class='ocrx_word' id='word_1_631' title='bbox 1297 3983 1425 4055; x_wconf 90' lang='grc' dir='ltr'>πολέμιον,</span> <span class='ocrx_word' id='word_1_632' title='bbox 1443 3981 1482 4037; x_wconf 79' lang='grc' dir='ltr'>ἀπὶ</span> <span class='ocrx_word' id='word_1_633' title='bbox 1499 3985 1678 4038; x_wconf 89' lang='grc' dir='ltr'>τῶντοιούτων</span> <span class='ocrx_word' id='word_1_634' title='bbox 1698 3983 1743 4050; x_wconf 87' lang='grc' dir='ltr'>τὴν</span> 
     </span>
     <span class='ocr_line' id='line_1_45' title="bbox 177 4056 1742 4135; baseline 0.001 -23"><span class='ocrx_word' id='word_1_635' title='bbox 177 4063 225 4122; x_wconf 75' lang='grc'>40,</span> <span class='ocrx_word' id='word_1_636' title='bbox 241 4056 282 4110; x_wconf 83' lang='lat'><strong>13.</strong></span> <span class='ocrx_word' id='word_1_637' title='bbox 304 4057 336 4110; x_wconf 87' lang='grc' dir='ltr'><em>Ὃ</em></span> <span class='ocrx_word' id='word_1_638' title='bbox 347 4060 395 4131; x_wconf 83' lang='grc' dir='ltr'>γάρ</span> <span class='ocrx_word' id='word_1_639' title='bbox 408 4062 460 4113; x_wconf 80' lang='grc' dir='ltr'>ε’στι</span> <span class='ocrx_word' id='word_1_640' title='bbox 471 4061 611 4134; x_wconf 83' lang='grc' dir='ltr'>χείριστον]</span> <span class='ocrx_word' id='word_1_641' title='bbox 626 4062 655 4116; x_wconf 86' lang='grc' dir='ltr'>τό</span> <span class='ocrx_word' id='word_1_642' title='bbox 669 4066 755 4135; x_wconf 81' lang='grc' dir='ltr'>σχῆμα</span> <span class='ocrx_word' id='word_1_643' title='bbox 767 4064 832 4135; x_wconf 74' lang='grc' dir='ltr'>παρὰ</span> <span class='ocrx_word' id='word_1_644' title='bbox 846 4084 921 4135; x_wconf 74' lang='grc' dir='ltr'>προε-</span> <span class='ocrx_word' id='word_1_645' title='bbox 965 4059 1008 4131; x_wconf 82' lang='grc' dir='ltr'>μάν</span> <span class='ocrx_word' id='word_1_646' title='bbox 1022 4056 1101 4131; x_wconf 87' lang='grc' dir='ltr'>ἀρχὴν</span> <span class='ocrx_word' id='word_1_647' title='bbox 1115 4058 1249 4125; x_wconf 88' lang='grc' dir='ltr'>ένδιδόναι,</span> <span class='ocrx_word' id='word_1_648' title='bbox 1263 4061 1404 4115; x_wconf 87' lang='grc' dir='ltr'>τελευταῖον</span> <span class='ocrx_word' id='word_1_649' title='bbox 1417 4060 1443 4114; x_wconf 76' lang='grc' dir='ltr'>δέ</span> <span class='ocrx_word' id='word_1_650' title='bbox 1461 4059 1503 4113; x_wconf 82' lang='grc' dir='ltr'>καί</span> <span class='ocrx_word' id='word_1_651' title='bbox 1514 4059 1572 4132; x_wconf 77' lang='grc' dir='ltr'>ίιπὲρ</span> <span class='ocrx_word' id='word_1_652' title='bbox 1584 4065 1627 4127; x_wconf 82' lang='grc' dir='ltr'>τῆς</span> <span class='ocrx_word' id='word_1_653' title='bbox 1643 4063 1742 4133; x_wconf 84' lang='grc' dir='ltr'>συνδρο-</span> 
     </span>
     <span class='ocr_line' id='line_1_46' title="bbox 142 4134 1323 4213; baseline 0.007 -26"><span class='ocrx_word' id='word_1_654' title='bbox 142 4135 237 4191; x_wconf 85' lang='grc' dir='ltr'>δοκίαν.</span> <span class='ocrx_word' id='word_1_655' title='bbox 273 4134 304 4189; x_wconf 85' lang='grc' dir='ltr'>Οί</span> <span class='ocrx_word' id='word_1_656' title='bbox 320 4135 348 4191; x_wconf 74' lang='grc' dir='ltr'>δέ</span> <span class='ocrx_word' id='word_1_657' title='bbox 361 4136 475 4208; x_wconf 87' lang='grc' dir='ltr'>λέγοντες</span> <span class='ocrx_word' id='word_1_658' title='bbox 488 4138 601 4211; x_wconf 88' lang='grc' dir='ltr'>δεύτερον</span> <span class='ocrx_word' id='word_1_659' title='bbox 621 4140 685 4193; x_wconf 79' lang='grc' dir='ltr'>εἶναι</span> <span class='ocrx_word' id='word_1_660' title='bbox 705 4141 834 4213; x_wconf 90' lang='grc' dir='ltr'>προοίμιον</span> <span class='ocrx_word' id='word_1_661' title='bbox 848 4147 921 4197; x_wconf 82' lang='grc' dir='ltr'>τοῦτο</span> <span class='ocrx_word' id='word_1_662' title='bbox 965 4142 1012 4210; x_wconf 79' lang='grc' dir='ltr'>μῆς</span> <span class='ocrx_word' id='word_1_663' title='bbox 1023 4137 1208 4209; x_wconf 78' lang='grc' dir='ltr'>ἀπολογεῖσθαι.</span> <span class='ocrx_word' id='word_1_664' title='bbox 1221 4141 1323 4195; x_wconf 79' lang='lat' dir='ltr'><strong>TCFV.</strong></span> 
     </span>
     <span class='ocr_line' id='line_1_47' title="bbox 142 4212 1743 4290; baseline 0.002 -24"><span class='ocrx_word' id='word_1_665' title='bbox 142 4215 255 4283; x_wconf 85' lang='grc' dir='ltr'>λέγουσιν</span> <span class='ocrx_word' id='word_1_666' title='bbox 269 4212 334 4268; x_wconf 76' lang='grc' dir='ltr'>εἶναι</span> <span class='ocrx_word' id='word_1_667' title='bbox 346 4214 496 4282; x_wconf 86' lang='grc' dir='ltr'>κατασκευὴν</span> <span class='ocrx_word' id='word_1_668' title='bbox 509 4217 593 4272; x_wconf 84' lang='grc' dir='ltr'>αύτοΰ.</span> <span class='ocrx_word' id='word_1_669' title='bbox 608 4221 661 4273; x_wconf 89' lang='grc' dir='ltr'>ΒΡ.</span> <span class='ocrx_word' id='word_1_670' title='bbox 1000 4216 1208 4290; x_wconf 81' lang='grc' dir='ltr'>ύυσπολέμητον]</span> <span class='ocrx_word' id='word_1_671' title='bbox 1223 4218 1411 4290; x_wconf 78' lang='grc' dir='ltr'>Δυσπολέμητον</span> <span class='ocrx_word' id='word_1_672' title='bbox 1426 4214 1481 4270; x_wconf 80' lang='grc' dir='ltr'>εἶπε</span> <span class='ocrx_word' id='word_1_673' title='bbox 1493 4216 1535 4267; x_wconf 83' lang='grc' dir='ltr'>καί</span> <span class='ocrx_word' id='word_1_674' title='bbox 1545 4214 1603 4285; x_wconf 79' lang='grc' dir='ltr'>ούχί</span> <span class='ocrx_word' id='word_1_675' title='bbox 1614 4215 1743 4288; x_wconf 84' lang='grc' dir='ltr'>ἀκαταγῶ·</span> 
     </span>
     <span class='ocr_line' id='line_1_48' title="bbox 179 4289 1744 4370; baseline 0.002 -25"><span class='ocrx_word' id='word_1_676' title='bbox 179 4295 229 4355; x_wconf 78' lang='grc' dir='ltr'>όο,</span> <span class='ocrx_word' id='word_1_677' title='bbox 256 4297 296 4356; x_wconf 72' lang='grc' dir='ltr'>τό.</span> <span class='ocrx_word' id='word_1_678' title='bbox 322 4293 353 4344; x_wconf 85' lang='grc' dir='ltr'>Τί</span> <span class='ocrx_word' id='word_1_679' title='bbox 375 4289 419 4346; x_wconf 83' lang='grc' dir='ltr'>ούν</span> <span class='ocrx_word' id='word_1_680' title='bbox 433 4293 484 4349; x_wconf 86' lang='grc' dir='ltr'>ίατι</span> <span class='ocrx_word' id='word_1_681' title='bbox 507 4298 599 4369; x_wconf 82' lang='grc' dir='ltr'>τοῦτο]</span> <span class='ocrx_word' id='word_1_682' title='bbox 620 4297 656 4350; x_wconf 84' lang='grc' dir='ltr'>Τό</span> <span class='ocrx_word' id='word_1_683' title='bbox 680 4298 807 4370; x_wconf 79' lang='grc' dir='ltr'>ἐνθύμημα</span> <span class='ocrx_word' id='word_1_684' title='bbox 825 4297 852 4353; x_wconf 80' lang='grc' dir='ltr'>έκ</span> <span class='ocrx_word' id='word_1_685' title='bbox 878 4303 922 4353; x_wconf 77' lang='grc' dir='ltr'>τοῦ</span> <span class='ocrx_word' id='word_1_686' title='bbox 965 4316 1057 4354; x_wconf 86' lang='grc' dir='ltr'>νιατον.</span> <span class='ocrx_word' id='word_1_687' title='bbox 1098 4297 1127 4352; x_wconf 82' lang='lat'>‘0</span> <span class='ocrx_word' id='word_1_688' title='bbox 1141 4296 1578 4370; x_wconf 82' lang='grc' dir='ltr'>μλνγάράκαταγώνιατοςούδέποτε</span> <span class='ocrx_word' id='word_1_689' title='bbox 1595 4294 1744 4363; x_wconf 77' lang='grc' dir='ltr'>ὴττᾶται,θ</span> 
     </span>
     <span class='ocr_line' id='line_1_49' title="bbox 144 4368 1739 4449; baseline 0.003 -28"><span class='ocrx_word' id='word_1_690' title='bbox 144 4368 287 4437; x_wconf 80' lang='grc' dir='ltr'>παραδόξου.</span> <span class='ocrx_word' id='word_1_691' title='bbox 299 4371 330 4421; x_wconf 90' lang='grc' dir='ltr'>Β.</span> <span class='ocrx_word' id='word_1_692' title='bbox 346 4370 393 4424; x_wconf 78' lang='grc' dir='ltr'>Καὶ</span> <span class='ocrx_word' id='word_1_693' title='bbox 405 4377 477 4426; x_wconf 80' lang='grc' dir='ltr'>τοῦτο</span> <span class='ocrx_word' id='word_1_694' title='bbox 490 4373 519 4426; x_wconf 79' lang='grc' dir='ltr'>τίν</span> <span class='ocrx_word' id='word_1_695' title='bbox 533 4374 661 4446; x_wconf 85' lang='grc' dir='ltr'>ίνθύμημα</span> <span class='ocrx_word' id='word_1_696' title='bbox 672 4374 786 4444; x_wconf 82' lang='grc' dir='ltr'>είληπται</span> <span class='ocrx_word' id='word_1_697' title='bbox 805 4377 832 4431; x_wconf 80' lang='grc' dir='ltr'>έν.</span> <span class='ocrx_word' id='word_1_698' title='bbox 844 4398 921 4449; x_wconf 82' lang='grc' dir='ltr'>παρα·</span> <span class='ocrx_word' id='word_1_699' title='bbox 965 4377 991 4430; x_wconf 80' lang='grc' dir='ltr'>δέ</span> <span class='ocrx_word' id='word_1_700' title='bbox 1005 4378 1186 4449; x_wconf 87' lang='grc' dir='ltr'>δυσπολέμητος</span> <span class='ocrx_word' id='word_1_701' title='bbox 1198 4379 1319 4447; x_wconf 77' lang='grc' dir='ltr'>δυσχερῶς</span> <span class='ocrx_word' id='word_1_702' title='bbox 1335 4377 1389 4449; x_wconf 83' lang='grc' dir='ltr'>μέν,</span> <span class='ocrx_word' id='word_1_703' title='bbox 1408 4378 1475 4447; x_wconf 87' lang='grc' dir='ltr'>όμιος</span> <span class='ocrx_word' id='word_1_704' title='bbox 1492 4374 1518 4428; x_wconf 80' lang='grc' dir='ltr'>δέ</span> <span class='ocrx_word' id='word_1_705' title='bbox 1535 4375 1739 4446; x_wconf 81' lang='grc' dir='ltr'>καταγωνίζεται·</span> 
     </span>
     <span class='ocr_line' id='line_1_50' title="bbox 144 4444 1592 4527; baseline 0.007 -31"><span class='ocrx_word' id='word_1_706' title='bbox 144 4444 223 4507; x_wconf 83' lang='grc' dir='ltr'>δόξαν.</span> <span class='ocrx_word' id='word_1_707' title='bbox 263 4447 295 4499; x_wconf 86' lang='grc' dir='ltr'><em>Ὃ</em></span> <span class='ocrx_word' id='word_1_708' title='bbox 303 4448 330 4501; x_wconf 83' lang='grc' dir='ltr'>δέ</span> <span class='ocrx_word' id='word_1_709' title='bbox 340 4467 413 4517; x_wconf 88' lang='grc' dir='ltr'>φησι,</span> <span class='ocrx_word' id='word_1_710' title='bbox 426 4452 538 4505; x_wconf 78' lang='grc' dir='ltr'>τοιοῦτόν</span> <span class='ocrx_word' id='word_1_711' title='bbox 551 4451 626 4515; x_wconf 83' lang='grc' dir='ltr'>ἔστιν,</span> <span class='ocrx_word' id='word_1_712' title='bbox 639 4454 725 4526; x_wconf 78' lang='grc' dir='ltr'>όύμάς</span> <span class='ocrx_word' id='word_1_713' title='bbox 736 4454 762 4509; x_wconf 88' lang='grc' dir='ltr'>ίκ</span> <span class='ocrx_word' id='word_1_714' title='bbox 776 4460 819 4508; x_wconf 83' lang='grc' dir='ltr'>τοῖν</span> <span class='ocrx_word' id='word_1_715' title='bbox 831 4458 921 4527; x_wconf 90' lang='grc' dir='ltr'>παρελ-</span> <span class='ocrx_word' id='word_1_716' title='bbox 965 4457 1024 4527; x_wconf 84' lang='grc' dir='ltr'>θπερ</span> <span class='ocrx_word' id='word_1_717' title='bbox 1036 4456 1139 4510; x_wconf 72' lang='grc' dir='ltr'>ἐνταῦθα</span> <span class='ocrx_word' id='word_1_718' title='bbox 1151 4455 1228 4509; x_wconf 89' lang='grc' dir='ltr'>θέλων</span> <span class='ocrx_word' id='word_1_719' title='bbox 1242 4455 1363 4525; x_wconf 76' lang='grc' dir='ltr'>ἀποφῆναι</span> <span class='ocrx_word' id='word_1_720' title='bbox 1373 4456 1499 4525; x_wconf 89' lang='grc' dir='ltr'>παρέθετο.</span> <span class='ocrx_word' id='word_1_721' title='bbox 1511 4453 1592 4506; x_wconf 88' lang='lat' dir='ltr'><strong>TCV.</strong></span> 
     </span>
     <span class='ocr_line' id='line_1_51' title="bbox 145 4523 1744 4605; baseline 0.002 -29"><span class='ocrx_word' id='word_1_722' title='bbox 145 4525 229 4586; x_wconf 91' lang='grc' dir='ltr'>θόντας</span> <span class='ocrx_word' id='word_1_723' title='bbox 240 4523 330 4596; x_wconf 77' lang='grc' dir='ltr'>ἔθλαὴε</span> <span class='ocrx_word' id='word_1_724' title='bbox 343 4527 451 4596; x_wconf 86' lang='grc' dir='ltr'>χρόνον,</span> <span class='ocrx_word' id='word_1_725' title='bbox 464 4533 538 4582; x_wconf 83' lang='grc' dir='ltr'>τοῦτο</span> <span class='ocrx_word' id='word_1_726' title='bbox 551 4529 781 4601; x_wconf 84' lang='grc' dir='ltr'>ἀποθέμενοιπάλιν</span> <span class='ocrx_word' id='word_1_727' title='bbox 793 4534 922 4605; x_wconf 84' lang='grc' dir='ltr'>ῶφεληθη-</span> <span class='ocrx_word' id='word_1_728' title='bbox 1002 4539 1052 4599; x_wconf 80' lang='grc' dir='ltr'>όι,</span> <span class='ocrx_word' id='word_1_729' title='bbox 1074 4552 1115 4590; x_wconf 87' lang='lat'>10.</span> <span class='ocrx_word' id='word_1_730' title='bbox 1135 4534 1280 4603; x_wconf 84' lang='grc' dir='ltr'>Λογισάσθω</span> <span class='ocrx_word' id='word_1_731' title='bbox 1297 4533 1379 4603; x_wconf 85' lang='grc' dir='ltr'>μέντοι</span> <span class='ocrx_word' id='word_1_732' title='bbox 1398 4531 1465 4585; x_wconf 75' lang='grc' dir='ltr'>ταῦθ’</span> <span class='ocrx_word' id='word_1_733' title='bbox 1477 4532 1534 4601; x_wconf 86' lang='grc' dir='ltr'>δτι]</span> <span class='ocrx_word' id='word_1_734' title='bbox 1549 4528 1679 4600; x_wconf 77' lang='grc' dir='ltr'>Συντράχει</span> <span class='ocrx_word' id='word_1_735' title='bbox 1692 4532 1744 4591; x_wconf 82' lang='grc' dir='ltr'>τοῖς</span> 
     </span>
     <span class='ocr_line' id='line_1_52' title="bbox 145 4602 1615 4683; baseline 0.005 -27"><span class='ocrx_word' id='word_1_736' title='bbox 145 4602 251 4674; x_wconf 85' lang='grc' dir='ltr'>σόμεθα.</span> <span class='ocrx_word' id='word_1_737' title='bbox 268 4606 300 4659; x_wconf 90' lang='grc' dir='ltr'>Ρ.</span> <span class='ocrx_word' id='word_1_738' title='bbox 965 4612 1173 4683; x_wconf 77' lang='grc' dir='ltr'>ὁμολογουμένοις</span> <span class='ocrx_word' id='word_1_739' title='bbox 1184 4611 1213 4664; x_wconf 81' lang='grc' dir='ltr'>εδ</span> <span class='ocrx_word' id='word_1_740' title='bbox 1226 4612 1422 4682; x_wconf 78' lang='grc' dir='ltr'>σπουδαζόμενον</span> <span class='ocrx_word' id='word_1_741' title='bbox 1436 4608 1543 4665; x_wconf 88' lang='grc' dir='ltr'>ἀνύσειν.</span> <span class='ocrx_word' id='word_1_742' title='bbox 1557 4610 1615 4663; x_wconf 79' lang='grc' dir='ltr'>ΑΗ.</span> 
     </span>
     <span class='ocr_line' id='line_1_53' title="bbox 152 4680 1739 4760; baseline -0.007 -13"><span class='ocrx_word' id='word_1_743' title='bbox 152 4740 155 4747; x_wconf 94' lang='grc'>.</span> <span class='ocrx_word' id='word_1_744' title='bbox 181 4680 923 4760; x_wconf 63' lang='grc' dir='ltr'>θοι13·Ἔπῑῑῖαὲίθυμητέονμεῖγάρταίνςάρτιάκούον-</span> <span class='ocrx_word' id='word_1_745' title='bbox 1001 4694 1051 4754; x_wconf 81' lang='grc' dir='ltr'>ίςε,</span> <span class='ocrx_word' id='word_1_746' title='bbox 1069 4695 1111 4753; x_wconf 74' lang='grc' dir='ltr'>τίς.</span> <span class='ocrx_word' id='word_1_747' title='bbox 1132 4689 1235 4760; x_wconf 81' lang='grc' dir='ltr'>Κύκλιμ]</span> <span class='ocrx_word' id='word_1_748' title='bbox 1250 4689 1317 4751; x_wconf 86' lang='grc' dir='ltr'>Τινές</span> <span class='ocrx_word' id='word_1_749' title='bbox 1330 4706 1402 4759; x_wconf 88' lang='grc' dir='ltr'>φασιν</span> <span class='ocrx_word' id='word_1_750' title='bbox 1415 4690 1464 4752; x_wconf 89' lang='grc' dir='ltr'>θτε,</span> <span class='ocrx_word' id='word_1_751' title='bbox 1478 4685 1560 4753; x_wconf 81' lang='grc' dir='ltr'>ἀπειδὴ</span> <span class='ocrx_word' id='word_1_752' title='bbox 1574 4685 1637 4752; x_wconf 78' lang='grc' dir='ltr'>ἀκτὴ</span> <span class='ocrx_word' id='word_1_753' title='bbox 1649 4684 1739 4738; x_wconf 88' lang='grc' dir='ltr'>έστινό</span> 
     </span>
     <span class='ocr_line' id='line_1_54' title="bbox 90 4760 1742 4839; baseline -0.002 -20"><span class='ocrx_word' id='word_1_754' title='bbox 90 4810 96 4819; x_wconf 89' lang='grc'>.</span> <span class='ocrx_word' id='word_1_755' title='bbox 146 4778 187 4823; x_wconf 89' lang='grc' dir='ltr'>τας</span> <span class='ocrx_word' id='word_1_756' title='bbox 199 4763 328 4816; x_wconf 85' lang='grc' dir='ltr'>κατανοεῖν</span> <span class='ocrx_word' id='word_1_757' title='bbox 344 4761 386 4814; x_wconf 81' lang='grc' dir='ltr'>καί</span> <span class='ocrx_word' id='word_1_758' title='bbox 400 4760 554 4833; x_wconf 79' lang='grc' dir='ltr'>ἀνθυμείαθαι</span> <span class='ocrx_word' id='word_1_759' title='bbox 568 4763 622 4834; x_wconf 74' lang='grc' dir='ltr'>περὶ</span> <span class='ocrx_word' id='word_1_760' title='bbox 636 4771 683 4818; x_wconf 88' lang='grc' dir='ltr'>τῶν</span> <span class='ocrx_word' id='word_1_761' title='bbox 696 4768 856 4837; x_wconf 75' lang='grc' dir='ltr'>πραγμάτων,</span> <span class='ocrx_word' id='word_1_762' title='bbox 868 4769 923 4830; x_wconf 84' lang='grc' dir='ltr'>τούς</span> <span class='ocrx_word' id='word_1_763' title='bbox 965 4770 1054 4833; x_wconf 86' lang='grc' dir='ltr'>τόπος,</span> <span class='ocrx_word' id='word_1_764' title='bbox 1069 4768 1109 4820; x_wconf 90' lang='grc' dir='ltr'>διά</span> <span class='ocrx_word' id='word_1_765' title='bbox 1120 4772 1193 4821; x_wconf 79' lang='grc' dir='ltr'>τοῦτο</span> <span class='ocrx_word' id='word_1_766' title='bbox 1206 4766 1260 4823; x_wconf 86' lang='grc' dir='ltr'>είπε</span> <span class='ocrx_word' id='word_1_767' title='bbox 1272 4768 1301 4821; x_wconf 86' lang='grc' dir='ltr'>τδ</span> <span class='ocrx_word' id='word_1_768' title='bbox 1315 4768 1412 4839; x_wconf 63' lang='grc' dir='ltr'>κύκλωμ’</span> <span class='ocrx_word' id='word_1_769' title='bbox 1427 4766 1451 4820; x_wconf 92' lang='grc' dir='ltr'>αί</span> <span class='ocrx_word' id='word_1_770' title='bbox 1463 4766 1489 4822; x_wconf 76' lang='grc' dir='ltr'>δέ</span> <span class='ocrx_word' id='word_1_771' title='bbox 1506 4768 1545 4820; x_wconf 81' lang='grc' dir='ltr'>ότι</span> <span class='ocrx_word' id='word_1_772' title='bbox 1557 4762 1638 4830; x_wconf 79' lang='grc' dir='ltr'>ἐπειδὴ</span> <span class='ocrx_word' id='word_1_773' title='bbox 1660 4764 1685 4818; x_wconf 83' lang='grc' dir='ltr'>έν</span> <span class='ocrx_word' id='word_1_774' title='bbox 1700 4763 1742 4816; x_wconf 86' lang='grc' dir='ltr'>κύ·</span> 
     </span>
     <span class='ocr_line' id='line_1_55' title="bbox 146 4838 1335 4918; baseline 0.009 -28"><span class='ocrx_word' id='word_1_775' title='bbox 146 4838 172 4892; x_wconf 89' lang='grc' dir='ltr'>δέ</span> <span class='ocrx_word' id='word_1_776' title='bbox 186 4839 278 4901; x_wconf 85' lang='grc' dir='ltr'>είδότας</span> <span class='ocrx_word' id='word_1_777' title='bbox 288 4839 329 4892; x_wconf 86' lang='grc' dir='ltr'>διά</span> <span class='ocrx_word' id='word_1_778' title='bbox 340 4843 382 4906; x_wconf 82' lang='grc' dir='ltr'>τῆς</span> <span class='ocrx_word' id='word_1_779' title='bbox 394 4838 492 4911; x_wconf 82' lang='grc' dir='ltr'>μνὴμης</span> <span class='ocrx_word' id='word_1_780' title='bbox 505 4839 667 4903; x_wconf 85' lang='grc' dir='ltr'>ἀνακαινίζειν</span> <span class='ocrx_word' id='word_1_781' title='bbox 678 4842 708 4896; x_wconf 87' lang='grc' dir='ltr'>τά</span> <span class='ocrx_word' id='word_1_782' title='bbox 719 4846 880 4915; x_wconf 84' lang='grc' dir='ltr'>γεγενημένα.</span> <span class='ocrx_word' id='word_1_783' title='bbox 891 4847 920 4901; x_wconf 91' lang='lat' dir='ltr'><strong>P.</strong></span> <span class='ocrx_word' id='word_1_784' title='bbox 965 4849 1019 4918; x_wconf 83' lang='grc' dir='ltr'>κλιρ</span> <span class='ocrx_word' id='word_1_785' title='bbox 1032 4840 1103 4901; x_wconf 76' lang='grc' dir='ltr'>αθται</span> <span class='ocrx_word' id='word_1_786' title='bbox 1117 4846 1219 4901; x_wconf 77' lang='grc' dir='ltr'>ἔκειντο.</span> <span class='ocrx_word' id='word_1_787' title='bbox 1233 4847 1335 4901; x_wconf 72' lang='lat' dir='ltr'><strong>chv.</strong></span> 
     </span>
     <span class='ocr_line' id='line_1_56' title="bbox 146 4918 1753 4997; baseline 0.001 -26"><span class='ocrx_word' id='word_1_788' title='bbox 146 4918 180 4971; x_wconf 80' lang='grc' dir='ltr'>Τό</span> <span class='ocrx_word' id='word_1_789' title='bbox 194 4919 237 4990; x_wconf 78' lang='grc' dir='ltr'>μέν</span> <span class='ocrx_word' id='word_1_790' title='bbox 251 4919 378 4973; x_wconf 87' lang='grc' dir='ltr'>ἀκούουσιν</span> <span class='ocrx_word' id='word_1_791' title='bbox 390 4919 584 4992; x_wconf 78' lang='grc' dir='ltr'>ἐνθυμουμένοις,</span> <span class='ocrx_word' id='word_1_792' title='bbox 594 4921 623 4975; x_wconf 86' lang='grc' dir='ltr'>τδ</span> <span class='ocrx_word' id='word_1_793' title='bbox 636 4922 662 4976; x_wconf 85' lang='grc' dir='ltr'>δὲ</span> <span class='ocrx_word' id='word_1_794' title='bbox 676 4921 766 4976; x_wconf 83' lang='grc' dir='ltr'>είδόσιν</span> <span class='ocrx_word' id='word_1_795' title='bbox 784 4922 922 4997; x_wconf 86' lang='grc' dir='ltr'>ἀναμιμνη-</span> <span class='ocrx_word' id='word_1_796' title='bbox 1001 4930 1050 4992; x_wconf 69' lang='grc' dir='ltr'>ἀι,</span> <span class='ocrx_word' id='word_1_797' title='bbox 1068 4942 1110 4993; x_wconf 89' lang='lat'>17.</span> <span class='ocrx_word' id='word_1_798' title='bbox 1129 4924 1160 4978; x_wconf 76' lang='grc' dir='ltr'>Εἰ</span> <span class='ocrx_word' id='word_1_799' title='bbox 1170 4925 1271 4996; x_wconf 87' lang='grc' dir='ltr'>τοίνυν]</span> <span class='ocrx_word' id='word_1_800' title='bbox 1287 4924 1346 4977; x_wconf 80' lang='grc' dir='ltr'>Καθ’</span> <span class='ocrx_word' id='word_1_801' title='bbox 1359 4923 1471 4978; x_wconf 88' lang='grc' dir='ltr'>ίιπόθεσιν</span> <span class='ocrx_word' id='word_1_802' title='bbox 1483 4920 1512 4975; x_wconf 87' lang='grc' dir='ltr'>τδ</span> <span class='ocrx_word' id='word_1_803' title='bbox 1522 4923 1618 4991; x_wconf 80' lang='grc' dir='ltr'>σχῆμα.</span> <span class='ocrx_word' id='word_1_804' title='bbox 1634 4921 1687 4973; x_wconf 89' lang='grc' dir='ltr'>ΒΡ.</span> <span class='ocrx_word' id='word_1_805' title='bbox 1750 4949 1753 4959; x_wconf 85' lang='grc'><strong><em>·</em></strong></span> 
     </span>
     <span class='ocr_line' id='line_1_57' title="bbox 147 4997 1740 5075; baseline 0.003 -19"><span class='ocrx_word' id='word_1_806' title='bbox 147 4999 281 5069; x_wconf 61' lang='grc' dir='ltr'>σειομένοις.</span> <span class='ocrx_word' id='word_1_807' title='bbox 297 4999 327 5052; x_wconf 83' lang='lat' dir='ltr'>F·</span> <span class='ocrx_word' id='word_1_808' title='bbox 1001 5009 1051 5069; x_wconf 70' lang='grc' dir='ltr'>ηε,</span> <span class='ocrx_word' id='word_1_809' title='bbox 1068 5020 1110 5073; x_wconf 83' lang='lat'>¹9·</span> <span class='ocrx_word' id='word_1_810' title='bbox 1134 5000 1356 5075; x_wconf 86' lang='grc' dir='ltr'>Ἐπιτειχίσματα]</span> <span class='ocrx_word' id='word_1_811' title='bbox 1376 5001 1547 5071; x_wconf 80' lang='grc' dir='ltr'>’Βπιτείχισμα</span> <span class='ocrx_word' id='word_1_812' title='bbox 1556 5000 1629 5061; x_wconf 76' lang='grc' dir='ltr'>τόπος</span> <span class='ocrx_word' id='word_1_813' title='bbox 1640 4997 1740 5069; x_wconf 68' lang='grc' dir='ltr'>θθηδῦς.</span> 
     </span>
     <span class='ocr_line' id='line_1_58' title="bbox 182 5074 1742 5155; baseline -0.004 -22"><span class='ocrx_word' id='word_1_814' title='bbox 182 5081 231 5140; x_wconf 78' lang='grc' dir='ltr'>όν,</span> <span class='ocrx_word' id='word_1_815' title='bbox 250 5096 291 5148; x_wconf 85' lang='lat'>¹9·</span> <span class='ocrx_word' id='word_1_816' title='bbox 306 5077 491 5152; x_wconf 84' lang='grc' dir='ltr'>’Βνθυμητίον]</span> <span class='ocrx_word' id='word_1_817' title='bbox 506 5078 591 5142; x_wconf 86' lang='grc' dir='ltr'>ίίαλῶς</span> <span class='ocrx_word' id='word_1_818' title='bbox 604 5079 713 5152; x_wconf 79' lang='grc' dir='ltr'>έπὴγαγε</span> <span class='ocrx_word' id='word_1_819' title='bbox 726 5084 798 5135; x_wconf 86' lang='grc' dir='ltr'>τοῦτο</span> <span class='ocrx_word' id='word_1_820' title='bbox 809 5081 838 5135; x_wconf 88' lang='grc' dir='ltr'>τδ</span> <span class='ocrx_word' id='word_1_821' title='bbox 848 5084 924 5155; x_wconf 87' lang='grc' dir='ltr'>παρό-</span> <span class='ocrx_word' id='word_1_822' title='bbox 965 5083 994 5136; x_wconf 88' lang='grc' dir='ltr'>θν</span> <span class='ocrx_word' id='word_1_823' title='bbox 1006 5084 1035 5135; x_wconf 87' lang='grc' dir='ltr'>ἀν</span> <span class='ocrx_word' id='word_1_824' title='bbox 1049 5082 1274 5153; x_wconf 80' lang='grc' dir='ltr'>πρακαταλαύόντες</span> <span class='ocrx_word' id='word_1_825' title='bbox 1283 5080 1396 5149; x_wconf 86' lang='grc' dir='ltr'>πολέμιοι</span> <span class='ocrx_word' id='word_1_826' title='bbox 1409 5079 1551 5150; x_wconf 88' lang='grc' dir='ltr'>τειχίσειαν,</span> <span class='ocrx_word' id='word_1_827' title='bbox 1570 5076 1610 5128; x_wconf 89' lang='grc' dir='ltr'>διά</span> <span class='ocrx_word' id='word_1_828' title='bbox 1622 5074 1650 5129; x_wconf 80' lang='grc' dir='ltr'>τό</span> <span class='ocrx_word' id='word_1_829' title='bbox 1662 5075 1742 5130; x_wconf 79' lang='grc' dir='ltr'>ἔντεῦ·</span> 
     </span>
     <span class='ocr_line' id='line_1_59' title="bbox 147 5153 1744 5232; baseline 0 -26"><span class='ocrx_word' id='word_1_830' title='bbox 147 5153 248 5224; x_wconf 89' lang='grc' dir='ltr'>δειγμα·</span> <span class='ocrx_word' id='word_1_831' title='bbox 266 5153 364 5209; x_wconf 80' lang='grc' dir='ltr'>εἰώθασι</span> <span class='ocrx_word' id='word_1_832' title='bbox 377 5156 425 5227; x_wconf 88' lang='grc' dir='ltr'>γάρ</span> <span class='ocrx_word' id='word_1_833' title='bbox 438 5158 463 5211; x_wconf 89' lang='grc' dir='ltr'>οί</span> <span class='ocrx_word' id='word_1_834' title='bbox 475 5159 598 5230; x_wconf 87' lang='grc' dir='ltr'>ἀνθρωποι</span> <span class='ocrx_word' id='word_1_835' title='bbox 614 5159 654 5211; x_wconf 87' lang='grc' dir='ltr'>διά</span> <span class='ocrx_word' id='word_1_836' title='bbox 672 5164 721 5212; x_wconf 91' lang='grc' dir='ltr'>τῶν</span> <span class='ocrx_word' id='word_1_837' title='bbox 735 5159 828 5229; x_wconf 89' lang='grc' dir='ltr'>όμοίων</span> <span class='ocrx_word' id='word_1_838' title='bbox 845 5163 923 5230; x_wconf 86' lang='grc' dir='ltr'>παθη·</span> <span class='ocrx_word' id='word_1_839' title='bbox 967 5164 1008 5216; x_wconf 88' lang='grc' dir='ltr'>θεν</span> <span class='ocrx_word' id='word_1_840' title='bbox 1020 5161 1105 5222; x_wconf 75' lang='grc' dir='ltr'>αύτούς</span> <span class='ocrx_word' id='word_1_841' title='bbox 1116 5160 1271 5232; x_wconf 77' lang='grc' dir='ltr'>δρμωρένους</span> <span class='ocrx_word' id='word_1_842' title='bbox 1281 5158 1427 5213; x_wconf 78' lang='grc' dir='ltr'>ἐπιτίθεσθαι</span> <span class='ocrx_word' id='word_1_843' title='bbox 1435 5160 1487 5220; x_wconf 90' lang='grc' dir='ltr'>τοῖς</span> <span class='ocrx_word' id='word_1_844' title='bbox 1498 5156 1605 5227; x_wconf 77' lang='grc' dir='ltr'>ἐχθροῖς.</span> <span class='ocrx_word' id='word_1_845' title='bbox 1618 5153 1744 5207; x_wconf 83' lang='grc' dir='ltr'>-Ἐκεῖ-</span> 
     </span>
     <span class='ocr_line' id='line_1_60' title="bbox 147 5232 1743 5311; baseline 0 -27"><span class='ocrx_word' id='word_1_846' title='bbox 147 5232 232 5301; x_wconf 84' lang='grc' dir='ltr'>μάτων</span> <span class='ocrx_word' id='word_1_847' title='bbox 252 5232 463 5306; x_wconf 86' lang='grc' dir='ltr'>έπιλααρύνεαθαι.</span> <span class='ocrx_word' id='word_1_848' title='bbox 501 5238 599 5309; x_wconf 83' lang='grc' dir='ltr'>Μερίζει</span> <span class='ocrx_word' id='word_1_849' title='bbox 617 5237 643 5291; x_wconf 75' lang='grc' dir='ltr'>δέ</span> <span class='ocrx_word' id='word_1_850' title='bbox 662 5237 705 5292; x_wconf 84' lang='grc' dir='ltr'>τδν</span> <span class='ocrx_word' id='word_1_851' title='bbox 721 5239 798 5307; x_wconf 85' lang='grc' dir='ltr'>λόγον</span> <span class='ocrx_word' id='word_1_852' title='bbox 816 5237 849 5302; x_wconf 88' lang='grc' dir='ltr'>είς</span> <span class='ocrx_word' id='word_1_853' title='bbox 869 5239 922 5307; x_wconf 89' lang='grc' dir='ltr'>δύο,</span> <span class='ocrx_word' id='word_1_854' title='bbox 967 5261 1008 5304; x_wconf 90' lang='grc' dir='ltr'>νος</span> <span class='ocrx_word' id='word_1_855' title='bbox 1025 5235 1069 5295; x_wconf 86' lang='grc' dir='ltr'>αύν</span> <span class='ocrx_word' id='word_1_856' title='bbox 1085 5239 1126 5293; x_wconf 90' lang='grc' dir='ltr'>διά</span> <span class='ocrx_word' id='word_1_857' title='bbox 1137 5239 1166 5294; x_wconf 87' lang='grc' dir='ltr'>τδ</span> <span class='ocrx_word' id='word_1_858' title='bbox 1178 5240 1262 5295; x_wconf 86' lang='grc' dir='ltr'>πονεῖν</span> <span class='ocrx_word' id='word_1_859' title='bbox 1276 5238 1335 5310; x_wconf 81' lang='grc' dir='ltr'>πρός</span> <span class='ocrx_word' id='word_1_860' title='bbox 1348 5237 1424 5304; x_wconf 79' lang='grc' dir='ltr'>ζῆλον</span> <span class='ocrx_word' id='word_1_861' title='bbox 1442 5243 1489 5291; x_wconf 88' lang='grc' dir='ltr'>τῶν</span> <span class='ocrx_word' id='word_1_862' title='bbox 1507 5234 1637 5303; x_wconf 81' lang='grc' dir='ltr'>Ἀθηναίων</span> <span class='ocrx_word' id='word_1_863' title='bbox 1650 5233 1743 5311; x_wconf 76' lang='grc' dir='ltr'>ἐπαινεῖ</span> 
     </span>
    </p>
   </div>
   <div class='ocr_carea' id='block_1_8' title="bbox 0 0 2000 5967">
    <p class='ocr_par' dir='ltr' id='par_1_8' title="bbox 0 0 2000 5967">
     <span class='ocr_line' id='line_1_61' title="bbox 0 0 2000 5967; baseline 0 0"><span class='ocrx_word' id='word_1_864' title='bbox 0 0 2000 5967; x_wconf 95' lang='lat' dir='ltr'> </span> 
     </span>
    </p>
   </div>
  </div>
 </body>
</html>
