3967 5967
248 446 306 498 664
789 436 931 497 ΣΧΟΑΙΑ
954 437 1017 497 ΕΙΣ
1038 438 1311 500 ΔΗλίΟΣΘΕΝΗΝ.

238 587 282 634 πος
298 570 429 641 κατείληφε
442 572 485 637 τῆς
498 568 615 631 Βοιωτίας
628 567 670 621 καί
684 566 837 641 Ὀρχομενόν
855 568 1024 640 ἔξηνδραποδί·
1110 576 1171 641 49ι,
1190 575 1232 628 ιθ.
1247 571 1291 635 Ὧς
1303 573 1329 626 δὲ
1341 571 1444 642 τάληθές
1457 575 1478 629 τ’
1494 574 1565 647 ἔχει]
1579 577 1661 633 Ἦσαν
1676 581 1768 635 πολλοί
1787 602 1861 640 σπου·

238 670 300 704 σατο
310 651 437 722 συγγενεῖς
446 649 527 710 ὄντας,
542 648 622 704 TCV.
1071 651 1153 715 δαῖοι,
1170 651 1233 723 οῦχ,
1248 655 1329 725 ῶσπερ
1340 650 1410 717 οὗτός
1422 676 1496 725 φησι,
1512 659 1605 728 μηδένα
1617 657 1690 713 εἶναι·
1704 664 1746 716 καί
1758 663 1773 730 η
1787 666 1861 728 πόλις

273 736 335 801 490,
348 747 387 786 12.
399 729 472 800 Λόγῳ
483 727 545 800 μετά
555 733 604 781 τῶν
612 729 696 798 νόμων
707 728 738 782 τά
748 729 840 801 δίκαια]
849 728 907 782 Ὅτι
914 729 1021 796 Θηόαῖοι
1067 729 1139 802 έτίμα
1151 732 1206 793 τούς
1220 731 1343 803 ἀγαθούς,
1356 735 1397 787 καί
1408 729 1439 801 ήν
1449 736 1545 808 άμιλλα
1556 745 1604 792 τῶν
1616 740 1659 811 μέν
1672 737 1699 794 εδ
1707 745 1857 811 ποιούντων,

238 812 283 883 μέν
295 812 380 874 ὅπλοις
396 809 525 864 ἀπαιτοῦσι
547 807 590 871 τάς
603 808 685 875 δίκας,
698 808 771 881 ἡμεῖς
795 809 820 863 δέ
841 810 910 881 λόγῳ
925 812 967 864 καί
986 818 1022 883 τῷ
1066 816 1114 863 τῶν
1128 811 1155 864 δέ
1167 811 1345 883 ἀμειόομένων.
1356 815 1437 870 TCV.

236 893 332 964 δικαίῳ.
343 892 425 946 TCV.
1101 894 1164 959 49ι,
1175 907 1220 944 τι.
1237 892 1269 947 Αἱ
1285 892 1367 963 μέντοι
1376 893 1446 964 τιμαί
1459 894 1500 945 καὶ
1513 894 1544 947 τά
1561 897 1627 950 ἀλλα
1641 900 1735 973 πάντα]
1750 902 1806 955 Ἰνα
1822 901 1858 975 μή

272 976 334 1043 490,
353 975 394 1026 18.
410 970 523 1041 Ἄμεινον
538 968 655 1040 ἔκιίνων]
667 968 766 1022 Βέλτιον
780 968 819 1022 ἀεί
833 969 931 1024 ἐκείνων
944 972 1020 1041 πρέτ-
1065 967 1182 1039 ήμεῖφθαι
1195 976 1231 1042 τῷ
1244 972 1328 1044 χρόνῳ
1343 973 1406 1043 μόνη
1425 972 1441 1038 η
1459 973 1517 1045 τιμή
1539 977 1613 1050 Q,
1632 978 1699 1032 ἀλλά
1717 983 1760 1034 καί
1775 985 1858 1038 πάντα

235 1071 305 1117 τετε,
322 1051 384 1106 κατὰ
401 1052 429 1104 τδ
446 1048 509 1103 ίδιον
523 1055 573 1103 τῶν
586 1049 727 1105 πολιτειῶν.
741 1051 822 1105 TCV.
1065 1048 1095 1100 τά
1113 1052 1254 1120 πράγματα.
1292 1051 1365 1105 Θέλει
1377 1052 1404 1105 δέ
1425 1052 1501 1106 εἰπεῖν
1513 1056 1552 1108 ότι
1569 1057 1611 1109 καί
1630 1060 1686 1112 τότε
1706 1064 1758 1123 τοῖς
1775 1062 1857 1116 ἔθεσιν

272 1137 333 1202 499,
353 1150 396 1185 20.
413 1130 446 1185 Εί
461 1130 509 1202 γάρ
523 1130 565 1184 καί
577 1131 640 1184 κατὰ
650 1130 791 1201 λογισμόν]
804 1130 876 1185 Θίλει
890 1130 966 1185 εἰπεῖν
978 1171 985 1193 ,
1000 1129 1021 1184 εί
1065 1125 1155 1198 ἀτίμων
1171 1131 1227 1192 τούς
1239 1130 1371 1202 εῦεργέτας
1385 1130 1453 1185 ούπω
1466 1132 1492 1185 δὲ
1504 1131 1534 1203 ήν
1548 1136 1604 1189 τότι
1616 1131 1632 1199 ἢ
1644 1136 1759 1205 ἀτέλεια,
1774 1142 1857 1213 ἔτιραι

235 1212 299 1266 κατά
312 1213 355 1266 τόν
370 1212 453 1265 κοινόν
467 1211 590 1281 λογισμόν
602 1210 750 1280 ύπερύάλλει
762 1208 792 1263 τά
805 1217 854 1264 τῶν
868 1212 1020 1282 Λακεδαιμο·
1064 1208 1089 1261 δέ
1101 1204 1172 1275 ήσαν.
1188 1211 1269 1263 TCV.

235 1293 293 1345 νίων
302 1292 402 1362 (σχεδόν
411 1290 460 1362 γὰρ
469 1291 557 1352 πάντες
568 1294 670 1360 τιμῶσιν
680 1288 713 1351 ὡς
724 1287 910 1359 ἀριστοκρατίαν
920 1288 1018 1355 αύτήν),
1100 1289 1213 1357 [49ι,α3ι
1228 1288 1286 1342 Ὅτι
1295 1289 1397 1361 φήσαιμ’
1408 1292 1437 1343 ἀν
1450 1290 1549 1365 ἔγωγε]
1562 1293 1595 1346 Ὃ
1607 1294 1675 1367 λέγει
1691 1302 1802 1353 τοιοῦτόν
1813 1299 1855 1355 ἔσ.

234 1370 292 1423 ἀλλ’
308 1370 388 1437 έπειδή
408 1370 498 1439 ἢιύχη
513 1366 575 1439 ίγμῖν
586 1368 663 1422 πλέον
678 1368 813 1438 συναίρεται
826 1367 851 1421 ἔν
864 1360 900 1428 οίς
914 1366 1017 1438 ἔχομεν,
1064 1386 1117 1421 τιν·
1138 1367 1182 1421 οὐκ
1201 1364 1245 1435 ἦν,
1268 1371 1344 1440 φησί,
1362 1369 1464 1436 θελῆσαί
1478 1392 1501 1425 τι
1516 1374 1558 1426 καί
1579 1373 1612 1446 μή
1626 1375 1713 1432 λαθεῖν
1732 1378 1797 1449 παρδ
1811 1384 1856 1446 της

235 1450 345 1522 δεύτερος
354 1450 381 1503 δέ
399 1449 413 1502 ό
429 1449 549 1518 λογισμδς
564 1453 607 1513 τῆς
621 1447 746 1517 εὐτυχίας,
759 1447 792 1509 ύες
806 1447 848 1499 καί
863 1447 888 1500 ἔν
903 1450 955 1508 τοῖς
970 1447 1018 1499 Φι-
1064 1447 1160 1510 πόλεως
1170 1448 1213 1501 τδν
1228 1448 1365 1520 εύεργίτην.
1379 1451 1451 1502 'PCV
1459 1492 1465 1505 .

232 1530 358 1591 λεκτικοῖς
375 1548 448 1599 φησι,
460 1530 581 1599 χρηστέον
593 1527 669 1601 ταύτῃ
681 1526 789 1598 μᾶλλον.
802 1527 882 1580 TCV.
1099 1530 1161 1596 491,
1178 1533 1222 1580 αθ.
1241 1527 1299 1581 Ὅτι
1311 1530 1447 1601 Λυσιμάχῳ
1456 1529 1568 1600 δωρτάν]
1590 1530 1748 1603 'Apamam
1763 1542 1807 1590 τοῦ
1819 1538 1856 1590 δε.

269 1616 332 1679 499,
343 1625 387 1683 αι.
401 1606 471 1678 nep&
480 1608 571 1677 ταῦτα]
583 1606 613 1659 τὰ
622 1609 725 1678 νόμιμα.
768 1603 867 1671 Ἐπειδὴ
877 1604 903 1658 δέ
912 1605 1018 1659 Πλάτων
1063 1605 1133 1658 καίου
1149 1602 1179 1672 ήν
1191 1605 1257 1668 υίδς,
1270 1609 1314 1659 τοῦ
1324 1604 1350 1659 δέ
1363 1607 1463 1660 πάππου
1475 1606 1531 1677 εἶχε
1543 1608 1573 1661 τδ
1589 1610 1677 1681 ὄνομα
1692 1613 1813 1667 δεδώκασι
1827 1615 1854 1670 δέ

234 1689 276 1740 καί
287 1687 362 1741 ἀλλοι
374 1686 437 1748 τινίς
450 1691 499 1740 τῶν
516 1685 628 1739 παλαιῶν
641 1685 796 1756 προκρίνουσι
813 1684 857 1750 τήν
869 1684 1017 1757 ὀλιγαρχίαν
1064 1683 1129 1757 αύτῷ
1138 1686 1227 1752 ταύτην
1240 1684 1284 1751 τὴν
1298 1684 1392 1756 δωρεάν
1407 1686 1438 1737 δι’
1453 1686 1558 1740 ἔκεῖνον.
1600 1687 1700 1756 Ἐπειδή
1714 1693 1795 1746 τοίνυν
1805 1696 1854 1748 ὅσα

233 1771 282 1818 τῶν
297 1766 497 1836 Λακεδαιμονίων
512 1768 557 1832 τῆς
568 1765 749 1836 δημοκρατίας,
765 1764 804 1817 διά
825 1768 898 1818 τοῦτο
913 1764 952 1820 ἔπί
973 1766 1018 1833 τὴν
1063 1762 1210 1835 έχαρίσαντο
1227 1763 1293 1837 αύτῷ
1307 1764 1374 1831 ἥττω
1388 1768 1431 1832 τῆς
1443 1771 1487 1818 τοῦ
1508 1765 1594 1839 ἀνδρός
1605 1768 1678 1836 δόξης
1690 1766 1737 1837 ήν,
1760 1773 1804 1824 ἵνα
1817 1773 1852 1844 μή

236 1848 315 1918 τύχης
328 1847 442 1919 ἔδραμες,
454 1848 535 1901 mv,
1061 1846 1127 1914 φανῇ
1135 1843 1151 1911 η
1166 1843 1236 1905 πόλις
1257 1845 1387 1915 μικρότερα
1406 1850 1455 1898 τῶν
1468 1844 1610 1917 εὐεργεσιῶν
1628 1855 1725 1918 τιμῶσα
1742 1851 1785 1903 τδν
1797 1853 1853 1905 υίδν

267 1932 330 1998 490,
345 1931 390 1980 τό.
402 1925 464 1979 om
478 1926 510 1978 δι’
521 1923 558 1977 ὧν
568 1925 612 1997 μίν
622 1924 713 1978 ίκεῖνοι
724 1924 847 1996 μεγάλοι]
855 1924 928 1978 θέλει
940 1923 1016 1978 εἰπεῖν
1062 1921 1152 1987 αύτοῦ,
1166 1922 1297 1994 είσήγαγεν
1315 1923 1384 1976 ούδέν
1397 1918 1424 1976 εύ
1442 1925 1578 1992 ποιήσαντα
1591 1925 1635 1992 τήν
1647 1927 1730 1991 πόλιν,
1745 1930 1778 1992 ὥς
1790 1930 1853 1985 κατὰ

230 2011 269 2062 δτι
283 2008 349 2071 είτις
362 2007 393 2061 τά
401 2013 450 2061 τῶν
463 2005 660 2076 Λακεδαιμονίων
672 2004 731 2075 ἀγυι
744 2002 849 2057 imma
860 2004 923 2071 ἔθη,
936 2006 969 2056 δι’
980 2002 1017 2058 ὧν
1062 1999 1106 2067 τὴν
1122 2001 1230 2073 ἱστορίαν
1246 2001 1353 2073 ἔχομεν,
1377 2001 1440 2069 πλὴν
1453 2004 1493 2055 ότι
1515 2004 1659 2074 ’λριστιίδευ
1680 2003 1711 2073 ήν
1729 2008 1789 2071 υίός·
1810 2011 1853 2063 καί

230 2092 321 2143 ικεῖνοι
336 2086 381 2153 τήν
400 2086 548 2158 ὀλιγαρχίαν
570 2086 729 2154 συνέχουσιν,
753 2083 909 2139 ἀποκτενεῖτε
932 2084 1015 2143 αύτόν.
1062 2085 1135 2133 τοῦτο
1148 2081 1175 2134 δί
1188 2081 1302 2152 ἔκρυήεν,
1315 2082 1358 2133 ’ίνα
1371 2080 1404 2152 μὴ
1420 2081 1504 2136 πολλά
1514 2085 1577 2137 πάνυ
1589 2084 1776 2157 εὐεργετήσαντι
1787 2091 1851 2162 δοκῇ

235 2166 385 2240 Ὑπερόατδν
398 2166 425 2220 δί
438 2166 519 2232 τίθησι
535 2165 564 2217 τδ
578 2164 669 2217 κῶλον.
683 2164 765 2218 TCV.
1061 2158 1077 2227 ἠ
1092 2161 1163 2223 πόλις
1172 2166 1279 2215 τοσαῦτα
1290 2162 1429 2216 δεδωκέναι.
1447 2164 1528 2215 TCV.

266 2251 327 2317 490,
343 2264 389 2315 ²7·
413 2246 463 2298 Ιίάν
486 2243 644 2313 ἀποκτεῖναι]
666 2241 721 2295 ἀντί
740 2247 798 2306 τοῦ,
813 2243 854 2294 καί
873 2242 1016 2297 ἀποκτεῖναι
1098 2244 1161 2310 49ι,
1177 2257 1221 2309 ²9·
1236 2241 1281 2293 ίίαί
1290 2241 1383 2293 τούτων
1399 2241 1510 2313 ψήφισμά
1522 2241 1587 2297 ἔστιν
1608 2241 1774 2318 Ἁλκιόιάδου]
1790 2247 1853 2310 ἀξια·

229 2328 258 2379 ἀν
274 2326 352 2380 θίλειν
369 2325 412 2377 τδν
428 2324 593 2395 μιταφέροντά
604 2340 627 2375 τι
639 2329 687 2394 τῶν
700 2322 756 2376 ἔκεῖ
767 2322 884 2376 ἐνταῦθα·
901 2321 957 2376 είτα
972 2324 1014 2376 τδν
1062 2318 1148 2372 πίστου
1166 2316 1253 2388 ἀνδρὸς
1266 2319 1308 2371 καί
1326 2317 1394 2372 ούδέν
1407 2321 1546 2391 πρδςχάριν
1559 2327 1695 2384 πῠῑθῦνῖνί·
1733 2323 1789 2376 Ἵνα
1801 2326 1850 2397 yffi?

122 2414 126 2421 ’
229 2404 399 2467 καταλύοντα,
412 2405 443 2455 δι’
457 2399 493 2456 ὧν
507 2401 568 2473 ημῖν
580 2401 700 2468 αύξεταιή
713 2400 837 2467 πολιτεία,
851 2401 918 2473 λέγω
928 2401 958 2467 δὴ
972 2404 1015 2456 τδν
1063 2394 1096 2466 μή
1110 2396 1241 2469 ἀντιπέσῃ,
1252 2399 1277 2451 τί
1291 2395 1345 2462 ούν,
1360 2397 1382 2450 εί
1393 2397 1524 2466 ἀπατηθείς
1534 2399 1550 2453 θ
1562 2402 1639 2473 δῆμος
1652 2400 1749 2470 ίτείσθη
1765 2405 1851 2457 δοῦναι

228 2482 273 2549 τὴν
288 2482 381 2553 δωρεάν
397 2481 591 2552 ἀφαιρούμενον,
613 2481 646 2533 δι’
665 2474 693 2546 ής
713 2480 885 2553 ἁμιλλώμενοι
904 2481 1015 2545 αὔξουσιν
1060 2475 1107 2529 bv&
1117 2495 1182 2538 τινος
1194 2478 1281 2547 μῑῦθθθ
1289 2476 1425 2542 λαῶνηομ
1439 2476 1479 2528 διὰ
1488 2483 1562 2531 τοῦτο
1573 2482 1706 2550 προσίθηιιι
1717 2482 1761 2535 τόν
1773 2484 1851 2555 ἀνδρα

228 2560 314 2629 αύτὴν,
328 2560 356 2615 ού
370 2561 501 2625 κολάζετες
515 2561 596 2614 ch.
1060 2555 1103 2608 τδν
1116 2557 1232 2626 μέγιστον
1244 2556 1318 2626 [καί]
1329 2557 1445 2627 μεγίστου
1456 2556 1748 2629 φρονήματος,δςοίιάν
1757 2562 1850 2634 ἔγρω]ε

263 2644 326 2710 49ι,
346 2657 370 2693 1.
384 2639 456 2691 Ἐστι
472 2639 553 2691 τοίνυν
564 2657 600 2700 τις
619 2642 748 2710 πρόχειρος
767 2638 860 2710 λόγος]
878 2636 1016 2709 Ἀντιθίσεις
1060 2639 1186 2699 τοιοῦτον,
1200 2634 1228 2687 οίι
1242 2637 1355 2706 πεφυκὼς
1364 2635 1522 2699 κολακεύειν,
1537 2637 1558 2690 εἶ
1573 2636 1607 2708 μὴ
1622 2640 1849 2713 οφόδραίθαύμιεσε

228 2724 272 2773 τοῦ
293 2719 362 2781 ίθους
379 2719 607 2790 παραδιιγματικαί·
631 2717 647 2785 ή
672 2719 698 2772 δὲ
720 2718 787 2781 λύσις
805 2718 868 2772 κατὰ
890 2718 1013 2772 ἔνστασιν.
1060 2715 1091 2768 τά
1103 2715 1144 2770 θπ’
1156 2715 1230 2769 αύτοῦ
1241 2717 1374 2787 γενόμενα.
1390 2718 1471 2768 TCV.

227 2799 320 2854 BPSY.
341 2797 527 2867 Μεταληπτικῷ
544 2798 662 2868 κέχρηται
682 2797 766 2851 πάλιν.
808 2794 839 2849 Ἥ
856 2796 882 2851 δέ
896 2796 1015 2858 ἀντίθεσις
1095 2799 1156 2863 49α,
1171 2795 1197 2849 3.
1212 2794 1263 2848 Νῦν
1277 2796 1300 2847 δ’
1314 2795 1459 2866 εύπορήσιι]
1475 2794 1517 2859 Ὦς
1531 2794 1612 2858 εῦνους
1629 2800 1664 2849 ὢν
1675 2796 1795 2865 ἔπηύξατσ
1808 2800 1848 2855 εδ-

228 2876 313 2931 ἐκτῶν
329 2877 406 2942 ἔθῶν,
417 2876 495 2931 ούκέτι
504 2876 531 2929 δί
539 2882 588 2929 τῶν
601 2877 657 2947 παρ’
667 2876 760 2938 ἀλλοις·
774 2875 845 2930 ἔλυσε
854 2876 902 2948 γάρ
911 2878 1012 2945 ταύτην.
1059 2878 1145 2945 πορεῖν
1154 2872 1200 2940 τήν
1212 2875 1295 2928 πόλιν.
1308 2876 1388 2930 ῬίΝ.
1403 2874 1468 2929 mae
1483 2875 1509 2928 δί
1525 2877 1553 2930 τδ
1570 2876 1698 2948 εύπορήσει
1712 2881 1765 2932 κατ’
1778 2881 1849 2953 ιθφη-

231 2955 321 3023 Ἆλλά,
334 2958 407 3029 φησίν
415 2996 424 3020 ,
433 2955 461 3009 οῦ
477 2955 559 3027 βούλει
571 2957 699 3027 μιμεῖσθαι
710 2957 766 3018 τούς
779 2957 984 3028 Λακεδαιμονίους
998 2958 1013 3024 ἢ
1059 2955 1117 3024 μίαν
1130 2953 1184 3008 ἀντί
1197 2958 1241 3007 τοῦ
1252 2954 1353 3024 ἀπορεῖ,
1367 2954 1435 3008 δδιά
1451 2956 1479 3010 τδ
1490 2955 1637 3029 βλάσφημον
1657 2957 1793 3029 ίφυλάξαςο
1804 2962 1846 3018 M.

227 3037 283 3099 τούς
296 3036 432 3105 θηόαίους,
453 3035 519 3087 ἀλλά
533 3053 563 3106 γε
576 3035 632 3096 τοῦς
645 3037 789 3106 προγόνους,
828 3034 1014 3101 Λύειδέεήνέκ
1059 3052 1121 3105 γειν.
1137 3036 1166 3087 P.

226 3122 275 3168 τῶν
288 3114 350 3170 ίθῶν
363 3115 483 3170 ἀντίθεσιν
506 3114 632 3181 ένστάσιι,
657 3115 756 3185 λέγων,
774 3113 822 3185 ούχ
841 3115 950 3186 ἠγοῦμαι
969 3116 1012 3170 τὀν
1095 3117 1158 3183 492,
1174 3116 1200 3176 4.
1225 3113 1309 3167 Ιίαίτοι
1328 3114 1374 3166 τίν’
1397 3111 1441 3166 οὖα
1454 3115 1484 3166 ἀν
1506 3113 1664 3185 οίισθε]τῶν
1678 3116 1846 3187 έχόντωντήν

226 3194 307 3265 λόγον
319 3199 406 3249 τοῦτον
425 3194 490 3248 εἶναι
510 3193 603 3246 δίκαιον
624 3193 754 3266 λέγεσθαι,
775 3193 830 3248 ούδί
850 3197 1011 3267 συμφέροντα.
1058 3192 1180 3260 ἀτίλειαν,
1192 3193 1240 3265 οὗχ
1253 3195 1324 3259 ὅλον,
1336 3194 1402 3247 ἀλλά
1411 3195 1440 3247 τδ
1450 3196 1530 3266 τρίτον
1544 3196 1614 3267 μέρος
1625 3196 1712 3250 λαύεῖν
1720 3238 1728 3263 ,
1741 3193 1771 3264 ής
1781 3201 1847 3254 πολύ

226 3272 293 3328 Εἶτα
314 3275 439 3342 συνίστησι
453 3273 493 3325 διδ
514 3278 563 3326 τῶν
577 3272 646 3341 ἱξής,
661 3274 702 3327 καί
725 3281 773 3327 τῶν
791 3274 854 3327 κατὰ
869 3277 1012 3347 Λυσίμαχον
1058 3293 1088 3344 γι
1100 3274 1202 3344 μείζονα
1212 3273 1358 3345 ίδωροῦντο.
1369 3276 1450 3328 TCV.

226 3352 475 3424 δτιήτυδήςόλόγος.
488 3352 570 3408 TCV.
1093 3356 1156 3422 492,
1174 3355 1200 3406 5.
1215 3354 1331 3426 Τούτων]
1346 3352 1382 3406 ὧν
1392 3351 1487 3421 δηλαδή
1501 3352 1588 3406 ίδοσαν
1601 3356 1745 3427 Λυσιμάχῳ.
1757 3361 1788 3413 Ρ,

261 3438 324 3502 49ι,
350 3432 376 3485 3.
404 3430 509 3493 Οθδενδς
529 3428 657 3497 ἠξιοῦντο,
679 3432 805 3503 τοιούτου]
821 3430 941 3499 Εἰσῆκται
968 3433 1011 3505 μέν
1094 3435 1155 3500 492,
1165 3450 1193 3501 9.
1208 3430 1266 3485 Ὀτι
1286 3432 1329 3502 μὲν
1349 3434 1447 3496 τοίνυν,
1469 3429 1589 3503 ὧάνδρες
1609 3432 1748 3506 Ἀθηναῖοι]
1767 3441 1846 3505 λύσας

226 3508 333 3581 ἀφελῶς,
351 3512 491 3582 κακούργως
503 3510 530 3564 δέ
542 3511 601 3565 αύτδ
618 3510 715 3565 ίλαόεν·
732 3509 761 3564 ού
776 3511 824 3582 γάρ
839 3511 936 3575 ούδενδς
952 3511 1012 3567 ἀπε·
1057 3511 1164 3581 τῷκατά
1174 3511 1285 3565 ἔνστασιν
1294 3511 1364 3565 λύσει
1374 3512 1415 3565 καὶ
1425 3518 1461 3584 τῷ
1470 3512 1534 3566 κατά
1546 3511 1750 3584 άντιπαρόστασιν
1764 3519 1846 3574 ἔντεῦ·

226 3591 368 3662 τύγχανον,
383 3589 449 3643 ἀλλά
460 3596 541 3646 τινῶν.
586 3589 616 3643 '0
630 3592 656 3644 δέ
669 3610 741 3662 φησιν
754 3589 868 3657 ούδενδς,
881 3593 1013 3646 ίναδεινο-
1056 3590 1097 3641 θεν
1112 3588 1253 3661 ἀρξάμενος.
1294 3589 1441 3662 Ἐγύμνωσε
1452 3590 1478 3645 δί
1492 3591 1595 3645 ἔνταῦθα
1608 3591 1653 3658 τὴν
1664 3594 1785 3649 ἀντίθεσιν
1797 3618 1844 3668 φα·

226 3670 316 3743 ποιήσῃ
331 3670 359 3722 τδ
370 3672 481 3741 πρᾶγμα.
493 3671 575 3725 TCV.
1059 3672 1202 3740 νεριθτερον.
1217 3672 1299 3725 TCV.

261 3753 324 3817 49ι,
339 3753 365 3812 4.
387 3747 430 3802 Ἐν
449 3750 502 3813 τοῖς
523 3747 642 3822 Ἑρμαῖς]
656 3748 726 3801 Ξύλα
745 3749 761 3816 ή
782 3750 847 3802 λίθοι
863 3752 1012 3822 τετράγωνοι
1091 3753 1154 3819 49ι,
1172 3767 1214 3804 12.
1229 3749 1335 3821 Ἐτερόν
1345 3769 1367 3803 τι
1380 3749 1445 3802 τοῦτ’
1456 3749 1484 3799 ἀν
1499 3746 1556 3819 εἴη]
1571 3748 1625 3820 Ούχ
1637 3751 1675 3804 ότι
1688 3752 1732 3805 ούκ
1742 3753 1842 3825 ἔδοσαν,

227 3824 288 3894 ἦσαν
302 3828 402 3898 ἔχοντες
416 3829 469 3901 όψιν
487 3826 581 3901 Ἑρμοῦ
602 3827 700 3893 ἔπάνου,
716 3830 783 3882 κάτω
797 3829 824 3882 δέ
837 3827 861 3882 έν
879 3836 914 3902 τῷ
925 3830 1011 3884 πλάτει
1055 3826 1113 3879 ἀλλ’
1126 3829 1164 3881 ὅτι
1177 3830 1230 3882 κατ’
1243 3830 1321 3882 ἀλλον
1343 3831 1442 3898 τρόπον·
1461 3826 1489 3880 ού
1507 3825 1555 3898 γάρ
1571 3827 1635 3898 ἔχεις
1653 3831 1730 3893 δεῖξαι
1744 3835 1783 3886 δτι
1797 3835 1843 3888 οὖα

226 3905 258 3959 τά
272 3906 458 3981 ίπιγράμματα.
476 3908 553 3965 TCV.
1055 3909 1146 3978 ίτίμων
1160 3910 1321 3963 παντάπασιν.
1333 3910 1414 3962 TCV.

262 3985 292 4037 01
304 3984 427 4054 Ἕλληνες
439 3984 482 4039 οίά
493 4006 559 4048 τινας
573 3984 714 4056 ἀνδριάντας
723 3987 837 4052 ίποίουν,
852 3988 913 4059 μήτε
927 3992 1012 4061 χεῖρας
1091 3986 1121 4038 Et
1134 3990 1214 4042 τοίνυν
1229 3989 1289 4060 μήτε
1303 3988 1461 4058 Λυσίμαχον]
1479 3985 1608 4041 Ἐντεῦθεν
1621 3989 1709 4060 ἤρξατο
1718 3996 1762 4058 τῆς
1773 3992 1841 4047 ἀντι·

227 4064 289 4136 μήτε
312 4066 386 4127 πόδας
409 4065 528 4136 ἔχοντας,
548 4066 588 4126 οθς
610 4063 712 4118 ἔκάλουν
731 4065 814 4138 έρμᾶς.
856 4065 969 4122 Ἐποίουν
985 4070 1011 4122 δὲ
1054 4069 1233 4138 παραστάσεως
1247 4070 1371 4138 συντρέχει
1382 4066 1431 4138 γὰρ
1442 4065 1517 4137 αύτῷ.
1529 4067 1606 4122 TCV.

226 4143 312 4207 αύτοίνς
339 4146 474 4210 διακένους,
496 4144 567 4214 θύρας
593 4143 697 4213 ἔχοντας
719 4146 826 4214 καθάπερ
853 4150 1010 4218 τοιχοπυργί-
1090 4153 1152 4218 49σ,
1172 4152 1212 4212 14,
1233 4148 1262 4200 Τί
1277 4148 1374 4218 μᾶλλον
1395 4142 1432 4209 οίς
1455 4145 1544 4217 ἔδομεν
1566 4149 1626 4217 νῦν]
1641 4147 1671 4199 Et
1690 4151 1732 4201 καί
1746 4153 1840 4221 μηδένα

226 4243 306 4285 σκους.
345 4223 457 4277 Ἐσωθεν
473 4217 517 4275 σύν
538 4221 616 4275 αὐτῶν
636 4221 742 4276 ἔτίθεντο
759 4223 892 4296 ἀγάλματα
909 4222 944 4281 ὧν
960 4227 1010 4281 ἒσέ-
1055 4227 1172 4299 ἔτίμησαυ
1186 4227 1210 4280 οἱ
1221 4228 1339 4297 πρόγονοι
1353 4228 1415 4279 κατά
1429 4244 1468 4291 τι,
1483 4230 1525 4278 νῦν
1537 4224 1567 4290 δή
1581 4221 1625 4279 οθν
1642 4226 1732 4300 ἀφαιρῇ
1741 4231 1841 4294 δικαίως

226 4302 300 4356 όοντο
309 4305 370 4357 θεῶν
381 4344 389 4371 ,
401 4302 488 4365 ἔξωθεν
500 4301 526 4355 δὲ
536 4301 663 4356 ἀπέκλειον
674 4303 730 4364 τοίις
741 4302 823 4375 ίρμιῐς.
838 4307 870 4360 R.
1054 4309 1095 4369 οθς
1113 4307 1242 4379 ἐτίμησας,
1258 4306 1332 4360 πάλιν
1346 4304 1446 4374 ύστερον
1460 4303 1644 4376 ἀφαιρούμενος.
1682 4307 1715 4378 0]
1728 4308 1771 4379 μὲν
1790 4310 1839 4380 γάρ

261 4384 334 4437 Τοῦθ’
347 4382 406 4453 ύμῖν
417 4382 586 4453 ἀναγνώσεται
595 4383 624 4436 τδ
640 4381 796 4457 ἔπίγραμμα]
811 4383 879 4447 Ἕως
890 4385 1009 4451 τούτωνή
1053 4388 1170 4455 πρόγονοι
1187 4386 1215 4439 ού
1229 4387 1349 4439 δεδώκασι
1367 4384 1409 4436 καὶ
1423 4386 1570 4454 σιγγνιύμης
1589 4385 1705 4455 ἔχονται,
1727 4388 1797 4458 ῦμεῖς
1813 4391 1839 4443 δὲ

226 4463 344 4525 ἀντίθεσις
353 4464 434 4515 TCV.
1053 4466 1135 4527 δόντες
1148 4465 1223 4535 μηδὲν
1239 4464 1401 4530 ἀδικήσαντας
1413 4461 1579 4532 ἀποστερεῖτε.
1616 4463 1671 4516 Ἵνα
1685 4466 1711 4519 δὲ
1724 4464 1757 4536 μὴ
1770 4465 1838 4521 ἀντι·

263 4546 325 4611 49ι,
337 4543 363 4596 8.
375 4539 405 4592 Εί
417 4539 460 4611 μίν
472 4538 521 4611 γάρ
534 4538 644 4604 ἀναξίους
657 4541 722 4594 εἷναί
735 4561 771 4605 τις
782 4542 867 4615 φήσει]
883 4543 950 4610 Φησί
960 4543 1009 4615 γὰρ
1054 4546 1130 4616 πέσῃ,
1153 4542 1210 4595 ἀλλ’
1225 4542 1373 4614 ἀφαιροῦμαι
1387 4540 1477 4605 αῦτδν,
1490 4542 1564 4604 κακδς
1580 4543 1628 4614 γάρ
1642 4544 1711 4614 ῶφθη
1727 4545 1781 4615 περὶ
1795 4547 1838 4599 τὸν

226 4624 264 4676 ότι
276 4621 331 4674 ούδί
342 4621 366 4673 οί
380 4621 497 4691 πρόγονοι
507 4621 605 4692 ίτίμων.
616 4623 697 4675 TCV.
1054 4622 1190 4693 εύεργέτην·
1207 4621 1248 4674 διδ
1260 4628 1333 4675 τοῦτο
1344 4622 1493 4693 προαρπάέει
1510 4621 1552 4673 καί
1563 4621 1631 4693 λέγει
1644 4646 1654 4671 ι
1674 4624 1748 4694 μηδὲν
1762 4624 1838 4694 ἀγκα-

262 4706 325 4767 491,
344 4702 385 4753 15.
405 4699 467 4752 Οὗδέ
484 4698 572 4771 όλίγου
589 4700 645 4771 δεῖ]
660 4701 756 4754 πολλοῦ
768 4720 797 4772 γε
810 4702 851 4754 καὶ
868 4703 915 4755 δεῖ·
931 4704 1006 4765 πάνυ,
1055 4700 1188 4763 ιλοῦντες.
1207 4724 1217 4750 ν
1235 4701 1315 4754 TCV.

225 4781 313 4852 φησίν,
328 4778 460 4851 ἀφέστηκεν
483 4780 565 4833 TCV.
1087 4785 1149 4850 492,
1166 4798 1210 4835 αο.
1224 4781 1308 4833 Καίτοι
1318 4781 1346 4831 τό
1360 4778 1384 4849 γ’
1395 4776 1498 4846 αίσχρδν
1512 4776 1622 4850 ὁμοίως]
1637 4780 1667 4832 Εί
1680 4781 1721 4834 καὶ
1734 4780 1839 4853 μιμήσε-

261 4865 323 4929 491,
347 4862 388 4912 16.
407 4856 466 4912 Ἐπί
477 4857 510 4930 μή
524 4858 678 4929 προσήκοντα
692 4857 837 4928 πράγματα]
852 4857 890 4911 έπί
901 4857 935 4930 μή
949 4860 1009 4912 ὄντα
1052 4860 1094 4911 οθε
1108 4861 1164 4922 τούς
1176 4862 1326 4931 προγόνους,
1342 4858 1493 4928 ἀμαρτήσετε
1510 4857 1593 4910 πάλιν
1610 4865 1654 4912 τοῦ
1672 4860 1719 4931 γὰρ
1731 4860 1836 4931 αἰσχροῦ

225 4939 315 5006 ἀληθῆ.
328 4938 409 4991 TCV.
1052 4937 1096 4991 ούκ
1118 4938 1275 5011 ἀπήλλαχθε.
1328 4940 1378 4991 Κάν
1396 4933 1457 4990 ὦσιν
1478 4936 1568 4989 ἔκεῖνοι
1586 4939 1610 4991 οί
1632 4941 1833 5010 προϋπάρξαντες,

261 5023 324 5085 49ι,
347 5035 388 5087 ¹7·
409 5017 541 5087 Δυοχερεῖς
559 5014 653 5087 ἀνάγκη
668 5015 811 5088 φαίνεσθαι]
834 5017 889 5078 τους
906 5017 1006 5089 λόγους.
1051 5018 1118 5088 δμως
1137 5027 1259 5090 συγχωρῶ
1274 5020 1403 5091 ἑπομένους
1415 5015 1477 5085 ύμᾶς
1490 5017 1543 5077 τοῖς
1556 5022 1685 5089 προγόνοις
1699 5021 1795 5072 τοιοῦτό
1811 5039 1834 5072 τι

229 5094 293 5150 Ἀντί
308 5100 352 5148 τοῦ
365 5094 503 5167 δυσφήμους
522 5095 564 5148 καί
580 5094 676 5156 κακούς.
715 5095 768 5165 ίλύχ
785 5095 900 5166 εύρίσκων
914 5097 962 5168 γάρ
977 5104 1007 5168 τῇ
1051 5103 1160 5164 ποιῆσαι·
1176 5099 1197 5152 εί
1217 5100 1242 5153 δὲ
1256 5101 1369 5154 οὐδέποτε
1390 5100 1464 5149 τοῦτο
1484 5096 1586 5164 γέγονε,
1608 5104 1718 5152 τοιοῦτον
1739 5098 1831 5169 ἔργον,

175 5166 182 5182 ’
227 5174 330 5244 ἀληθεία
349 5176 471 5245 μάχεσθαι
489 5175 633 5245 καταφεύγει
654 5174 694 5226 καί
717 5173 749 5235 είς
763 5174 806 5241 ἔθη
827 5174 881 5228 τινά
899 5177 939 5228 καί
953 5176 1007 5238 τούς
1050 5175 1191 5246 ἀχαριστίας
1213 5182 1356 5249 γνώρισμα,
1381 5173 1416 5247 μὴ
1442 5177 1549 5241 πρῶτοι,
1573 5176 1646 5244 φησί,
1666 5176 1831 5242 καταδείξητι.

226 5254 359 5324 προγόνους
369 5254 410 5314 οὓς
421 5253 548 5306 διαόάλλει
560 5254 714 5323 ψευδόμενος.
729 5256 808 5307 TCV.
1049 5257 1129 5310 TCV.
1462 5282 1471 5299 ι
