3967 5967
252 426 310 479 044
791 413 937 475 ΣΛΟΛΙΔ
959 414 1023 474 ΕΙΣ
1044 414 1320 474 ΔΗΜΟΣΘΕΝίίΝ.

246 546 356 617 ἀντεῦθεν
373 546 450 602 έπίτθ
466 547 549 617 ἕτερον
570 546 640 618 μέρος
652 546 794 616 μεταθαίνει
815 549 858 615 τῆς
872 546 1030 613 ἀντιθέσεως,
1112 547 1174 611 465,
1193 564 1234 602 ιο.
1253 547 1298 599 Καὶ
1311 547 1391 600 δίδοτε
1403 544 1428 599 έν
1444 547 1509 618 μέρει
1522 549 1608 618 τιμῆς]
1624 547 1654 599 Τί
1668 548 1809 619 κομπάζεις,
1819 568 1870 619 φη·

248 630 289 682 καί
297 629 351 683 λόει
363 632 437 682 τοῦτο
450 628 513 680 κατὰ
527 627 616 699 τρόπου
630 628 757 698 διαφοράν.
794 626 829 681 Οθ
848 628 896 700 γάρ
910 627 935 690 έξ
950 624 986 681 ών
1000 629 1030 681 έν
1077 628 1131 694 σίν,
1151 629 1184 690 ώς
1197 627 1222 682 έν
1241 629 1295 690 ταῖς
1309 628 1399 699 δωραῖς
1414 627 1469 689 τοδς
1481 622 1508 680 εδ
1516 631 1646 689 ποιοῦντας
1657 634 1746 693 νικῶν;
1760 630 1871 700 ματαίαν

250 706 489 776 τιςλειτουργήσειεν
503 704 529 759 οιί
550 706 666 777 πρόσοδοι
679 709 723 772 τῆς
733 705 828 768 πόλεως
844 705 971 771 αὔξονται,
986 726 1033 776 ρη-
1076 711 1167 783 χαρίζη
1188 710 1270 781 τιμήν·
1290 710 1419 780 φιλότιμος
1439 706 1463 761 εί
1482 713 1565 770 κενῶς·
1590 709 1635 760 κάν
1651 707 1685 779 μή
1707 711 1769 782 δῷς,
1797 708 1873 772 αιίτδς

243 785 368 851 αλν,ἀλλ’
381 784 778 856 έτέρωθενέχειταθταςήπόλις.
802 786 866 840 Εἶτα
879 787 1033 848 εθθὶνςπάλιν
1078 789 1131 860 ἔχω
1143 795 1297 861 τριηραρχῶν
1312 793 1354 855 τῆς
1365 789 1485 859 χορηγίας
1499 787 1620 843 ἀτέλειαν.
1632 789 1705 843 TCV
1707 832 1714 844 .
1806 776 1818 803 ⁸

247 865 387 938 μεταθαίνει
399 865 434 936 ἀφ’
447 864 529 936 έτέραν
546 865 706 918 λῦσεν-ἔστι
718 866 744 919 δέ
758 867 800 919 καὶ
817 866 877 934 αότη
896 865 960 919 κατά
974 866 1034 936 σύγ·
1112 872 1175 933 465,
1194 886 1236 938 19.
1254 867 1338 939 ‘0950’
1352 869 1385 930 ώς
1396 874 1493 938 σαφῶς,
1507 864 1529 922 ὦ
1545 868 1629 939 ἀνδρες
1643 866 1783 939 Ἀθηναῖοι]
1799 866 1872 922 ’Λνα-

246 965 370 1017 ερεσιν-,
383 947 486 1017 πότερον
498 944 606 1009 εὐδοξίαν
615 944 742 1017 αίροῦνται
755 946 853 1017 μᾶλλον
866 946 882 1013 ἠ
896 945 1032 1017 χρήματας
1077 950 1192 1019 γινώσκει
1203 947 1246 1001 τδν
1260 949 1348 1018 νόμον·
1364 949 1403 1001 διδ
1420 946 1515 1018 εἴρηκεν
1526 947 1560 1009 ώς
1578 945 1657 1009 οθδείς
1676 948 1725 1000 τῶν
1742 947 1872 1001 πλουσίων

247 1027 314 1096 λέγει
327 1025 353 1080 δέ
367 1030 440 1080 τοῦτο
451 1026 510 1097 πρδς
519 1028 598 1097 δῆμον
612 1026 742 1098 φιλότιμον
757 1030 800 1093 τῆς
813 1027 913 1096 πατρίου
924 1026 1034 1098 μεγαλα·
1077 1026 1234 1099 τριηραρχίας
1247 1025 1350 1093 ἀτελής,
1362 1028 1407 1081 ίνα
1420 1028 1521 1099 γένηται
1534 1030 1637 1098 ρανερδν
1651 1028 1684 1091 ώς
1695 1027 1719 1082 οἱ
1735 1029 1873 1083 πλουτοῦν·

247 1104 493 1175 ρροαίνηςγίμοντα.
543 1103 633 1176 Ὃγάρ
646 1103 804 1175 ἰσχυρότατον
819 1104 953 1159 ἀντιθεῖναι
973 1105 1032 1177 πρδς
1077 1103 1153 1167 τεςέκ
1165 1111 1213 1159 τῶν
1226 1104 1342 1161 ἀτελειῶν
1355 1106 1452 1161 ἐποίουν
1469 1107 1608 1169 συντελείας
1620 1107 1645 1162 έν
1660 1109 1712 1170 τοῖς
1732 1109 1871 1181 πολέμοις,

249 1184 301 1243 εοδς
312 1184 430 1236 Λεπτίνου
443 1182 534 1254 λόγους
542 1181 611 1253 ἔχει,
624 1185 698 1238 τοῦτό
709 1183 761 1237 ίστι
774 1182 804 1237 τδ
815 1188 858 1252 τῆς
873 1183 979 1247 εὐδοξίας
992 1183 1034 1237 διά
1078 1188 1281 1256 τριηραρχοῦντες
1302 1185 1329 1240 δί
1344 1185 1424 1240 οθκέτι
1441 1190 1602 1258 χορηγοῦσιν·
1626 1186 1654 1240 οθ
1673 1185 1722 1258 γάρ
1742 1186 1873 1259 ἀμφότερα

246 1262 275 1313 κδ
287 1258 345 1329 ἠθος
356 1268 404 1316 τῶν
419 1260 568 1318 ἀκουόντων.
580 1264 662 1316 TCV.
1078 1264 1202 1319 δόνανται.
1217 1266 1298 1319 TCV.

281 1345 344 1405 464,
364 1358 406 1409 19.
424 1341 502 1412 Χωρλς
512 1340 539 1394 δί
555 1338 666 1407 τοθτων,
687 1342 740 1395 νυνί
753 1346 787 1415 τῇ
800 1343 871 1397 πόλει
882 1344 969 1416 δυοῖν]
985 1342 1032 1396 Λό-
1115 1342 1177 1406 465,
1193 1360 1236 1398 αο.
1252 1343 1394 1414 Διείσηκεν]
1408 1342 1538 1414 διαρρήδην
1549 1340 1628 1397 εἶπεν.
1640 1344 1672 1397 Β.

246 1438 292 1482 αις.
314 1422 346 1474 Β.
363 1420 531 1487 Σόνηθεςκαί
552 1420 633 1491 τοότιρ
650 1419 693 1474 τόν
710 1421 818 1478 πλοῦτον
841 1422 934 1495 ἀγαθδν
949 1422 1034 1476 καλεῖν
1115 1421 1178 1484 465,
1192 1438 1236 1475 σε.
1255 1419 1298 1474 Ἐν
1310 1423 1364 1484 ταῖς
1377 1420 1514 1492 εἰσφοραῖς]
1527 1421 1638 1493 περὶτῶν
1649 1419 1810 1492 εἰσρερόντων
1824 1424 1871 1493 μό-

246 1498 288 1550 καί
308 1496 441 1570 Ἰσοκράτει
461 1497 503 1550 καί
521 1500 574 1560 τοῖς
592 1498 773 1562 παλαιοτάτοις.
812 1501 937 1572 Σωγκρίνει
953 1500 979 1554 δέ
992 1501 1035 1555 τδν
1082 1519 1122 1553 νον
1135 1498 1169 1562 εἰς
1180 1500 1222 1553 τδν
1236 1500 1361 1571 πόλεμον,
1382 1501 1424 1553 καί
1442 1502 1497 1571 περί
1515 1507 1564 1555 τῶν
1583 1501 1797 1572 τρεηραρχοθντων
1818 1503 1872 1574 ἀρα

247 1577 356 1631 πλοῦτον
370 1576 546 1649 πρόςεόνοιαν.
594 1577 624 1630 Λί
637 1578 981 1652 δίωγκρίσεεςίξόμογενῶν
996 1582 1035 1653 γί·
1079 1578 1121 1632 καί
1130 1577 1297 1650 είςρερόντων.
1314 1582 1389 1634 lm.

248 1675 342 1712 νονται.
384 1655 445 1712 Ἐάν
461 1657 534 1720 δέτίς
555 1675 614 1711 ποτε
631 1657 740 1730 πολέμου
754 1658 796 1711 καί
812 1658 935 1731 είρήνηςή
954 1667 1034 1714 κακῶν
1115 1658 1176 1721 465,
1193 1658 1238 1712 55.
1250 1658 1312 1712 Τίνα
1324 1653 1367 1712 σόν
1381 1658 1508 1730 ῥᾳστώνην
1526 1660 1578 1721 τοῖς
1590 1658 1709 1725 πολλοῖς]
1723 1656 1785 1711 Ὅτε
1799 1658 1872 1729 3049-

247 1738 289 1791 καί
303 1736 403 1807 ἀγαθῶν
415 1735 562 1809 ἑτερογενῶν
572 1737 651 1791 όντων
662 1738 721 1811 δόξη
732 1736 893 1803 ἀντεξετάσεις
902 1742 1034 1807 ποιεῖσθαι,
1083 1756 1141 1808 ρησε
1153 1739 1206 1800 τοῖς
1219 1738 1320 1800 δικαίοις
1330 1738 1372 1791 καί
1388 1741 1442 1802 τοῖς
1455 1736 1605 1810 εἰρημένοις,
1620 1739 1676 1792 τότε
1695 1738 1754 1808 πρδς
1766 1737 1808 1791 τδν
1825 1743 1872 1792 Λε-

247 1817 276 1870 οθ
295 1817 406 1888 ρήσομεν
421 1815 485 1871 εἶναι
506 1816 630 1888 σόγκρισιν
651 1817 680 1871 τδ
697 1820 828 1889 γινόμενον
838 1858 855 1888 ,ι
866 1817 924 1872 ἀλλ’
940 1819 1035 1882 ἀντεξέ-
1080 1817 1167 1885 πτίνην
1179 1817 1324 1889 ίλεγκτικῶς
1335 1818 1482 1883 διαλέγεται.
1495 1819 1541 1871 Ιίαί
1551 1818 1606 1888 περὶ
1618 1817 1697 1882 τίνος;
1710 1818 1765 1887 περὶ
1778 1822 1823 1870 τοῦ
1835 1817 1870 1889 μή

247 1914 317 1949 τασιν
342 1898 428 1968 μόνον.
471 1892 583 1966 Ἔχουσι
604 1894 647 1967 μίν
670 1895 719 1968 γάρ
735 1897 762 1952 αί
781 1899 917 1970 συγκρίσεις
930 1899 972 1952 καί
995 1898 1036 1953 ἀν·
1079 1897 1135 1959 τοῦς
1147 1896 1400 1964 πένηταςάνάπαυλαν
1415 1896 1493 1969 ίχειν,
1506 1898 1541 1951 ἵν’
1554 1897 1568 1951 ό
1583 1897 1723 1969 ἐλεγκτικὸς
1736 1898 1814 1969 λόγος
1829 1899 1871 1955 ἐπί

250 1975 396 2039 τεξιτάσεις,
425 1973 453 2027 οῦ
469 1974 517 2045 μήν
539 1974 565 2028 αί
582 1973 746 2039 ἀντεξετάσεις
765 1982 893 2048 πανταχοῦ
910 1976 956 2031 είσι
980 1997 1038 2050 συγ·
1079 1977 1250 2042 τῶνπενήτων
1263 1977 1396 2048 γενόμενος
1408 1977 1505 2048 μᾶλλον
1520 1975 1671 2045 ἀληθεύοντα
1685 1976 1751 2050 δείξη
1764 1983 1866 2043 τοῦτον,

248 2055 345 2124 κρίσεις.
386 2052 508 2107 Ἐνταῦθα
524 2053 551 2107 δέ
572 2053 696 2125 σόγκρισιν
716 2053 781 2109 εἶναι
794 2057 903 2128 ρήσομεν
926 2055 1036 2128 τδγινό·
1079 2056 1226 2128 ψευδόμενον
1240 2055 1268 2109 δέ
1288 2055 1332 2110 τδν
1354 2058 1474 2125 Λεπτίνην
1495 2056 1591 2130 έλίγξη.
1633 2054 1800 2111 Ἐνδείκνυται
1820 2059 1869 2131 γάρ

249 2153 339 2203 μενον,
350 2132 391 2185 διά
403 2131 433 2186 τό
444 2132 554 2204 ὁμογενῆ
567 2134 699 2204 τυγχάνειν
711 2134 741 2187 τά
751 2133 885 2206 ἀμφότερα.
907 2134 1036 2206 Συγκρίνει
1080 2134 1120 2187 διά
1134 2139 1177 2188 τοῦ
1193 2158 1204 2185 ι
1220 2136 1276 2188 τίνα
1288 2134 1337 2206 γάρ
1350 2134 1477 2207 ῥᾳστώνην
1492 2159 1503 2186 ε
1521 2136 1563 2190 καί
1574 2136 1626 2203 έξῆς
1638 2136 1679 2190 δτι
1696 2137 1751 2200 τοδς
1760 2137 1870 2202 πολλοῦς

249 2211 275 2265 δέ
291 2218 327 2284 τῷ
347 2212 448 2284 πλοότιμ
469 2209 514 2277 τήν
528 2212 600 2274 δόξαν
625 2212 684 2283 πρδς
704 2213 835 2285 φιλότιμον
852 2216 932 2286 δῆμον
952 2214 1036 2269 διαλε·
1080 2212 1290 2287 ἀπατρῖς,ῥήμασι
1299 2216 1383 2286 μόνοις
1394 2214 1438 2282 τήν
1448 2214 1589 2270 ἀνάπαυλαν
1600 2215 1682 2278 αθτοῖς
1694 2219 1867 2288 χαριζόμενος,

249 2292 363 2362 γόμενος·
385 2291 428 2345 καὶ
439 2293 550 2361 κρεῖττον
567 2292 673 2345 δείκνυσι
689 2291 718 2346 εδ
736 2293 910 2365 θαυμάζεσθαι.
961 2294 1036 2365 Ἔχει
1081 2294 1163 2365 ἕτερον
1178 2293 1232 2348 ἀνθ’
1246 2294 1327 2365 έτέρου
1345 2300 1432 2351 ποιῶν.
1483 2292 1513 2348 ‘O
1528 2297 1571 2367 μέν
1592 2295 1640 2367 γάρ
1660 2295 1779 2362 Λεπτίνης
1791 2298 1869 2367 ρησὶν

249 2371 276 2423 δέ
286 2390 341 2424 τινα
352 2370 393 2423 καί
406 2370 469 2425 κατά
483 2368 528 2437 τήν
549 2371 613 2434 λέξιν
633 2369 760 2442 ἀσόριιαν.
797 2372 832 2426 (λθ
848 2372 896 2444 γάρ
916 2374 983 2446 λέγει
997 2377 1035 2429 ότι
1083 2374 1176 2434 ιόπως
1196 2374 1226 2426 ἀν
1240 2371 1264 2425 οί
1278 2373 1458 2427 πλουσιώτατοι
1472 2373 1664 2445 λειτουργῶσιν,
1678 2372 1720 2426 εό
1743 2372 1770 2427 δέ
1784 2374 1868 2445 Δημο-

249 2452 282 2520 τῇ
294 2450 366 2503 πόλει
381 2448 495 2520 πρόσεστι
506 2450 566 2516 δθο,
586 2449 627 2504 καί
646 2450 779 2513 όπλοῦτος
800 2451 843 2505 καί
864 2452 893 2505 τδ
914 2454 1036 2524 θαυμάζε·
1079 2452 1173 2520 σθένης,
1187 2451 1278 2506 ώσανελ
1288 2453 1404 2523 λέγοντος
1414 2454 1530 2507 Λεπτίνου
1542 2455 1580 2507 δτι
1591 2455 1646 2516 τοίες
1653 2456 1756 2521 πένητας
1766 2452 1866 2526 ἀφίημι,

252 2528 317 2581 σθαι·
334 2527 416 2591 ἀλλά,
432 2529 501 2582 δυοῖν
515 2529 594 2582 όντων
605 2528 711 2600 ἀγαθοῖν
727 2529 875 2601 παράπᾶσιν
886 2530 1032 2604 ἀνθρώποις,
1079 2529 1144 2583 οθτω
1157 2531 1199 2585 τδν
1222 2530 1307 2602 ἀγῶνα
1326 2531 1368 2584 καί
1387 2530 1432 2597 τήν
1447 2532 1531 2603 μάχην
1553 2535 1669 2587 ποιεῖται.
1709 2530 1867 2604 Ἐξαπατᾷς,

251 2609 283 2676 τῇ
299 2606 370 2660 πόλει
381 2606 411 2661 τό
424 2610 535 2677 κρεῖττον
546 2607 658 2679 ίιπάρχει.
673 2609 754 2662 TCV.
1079 2609 1151 2680 μησί,
1170 2611 1213 2664 τόν
1231 2612 1311 2682 δῆμον
1329 2611 1371 2665 καί
1388 2610 1478 2682 λόγους
1497 2610 1640 2684 έπαγγελλη
1664 2612 1740 2682 μόνον
1757 2615 1811 2674 τοῖς
1826 2615 1867 2666 πέ-

287 2690 349 2751 464,
375 2703 419 2740 22.
434 2685 467 2740 Εί
479 2688 505 2743 δέ
520 2707 554 2751 τις
571 2686 649 2742 οίεται
670 2689 739 2756 δεῖν]
758 2686 848 2754 ἠθικῶς
867 2691 894 2746 S.
910 2692 989 2746 Τοῦτο
1003 2691 1036 2755 είς
1080 2706 1149 2756 vum,
1164 2690 1247 2760 κέρδος
1268 2689 1337 2745 οθδέν
1358 2696 1489 2761 περιπατῶν
1513 2693 1565 2752 τοῖς
1585 2690 1700 2754 πολλοῖς.
1742 2691 1823 2745 Δοκεῖ
1839 2693 1866 2744 δὲ

249 2766 370 2834 Λεπτίνην
391 2764 533 2837 ἀπέρριψεν,
556 2763 645 2831 ἠθικῶς
668 2766 712 2838 μέν
735 2765 764 2820 οδ
780 2767 828 2840 μήν
848 2770 930 2841 πόρρω
947 2772 989 2824 καὶ
1007 2773 1035 2826 τὸ
1079 2767 1199 2838 διασόρειν
1213 2767 1299 2833 καίείς
1313 2771 1475 2837 ταπεινότητα
1488 2771 1603 2841 κατάγειν
1618 2768 1648 2823 τό
1661 2769 1708 2824 ίιπδ
1723 2774 1768 2823 τοῦ
1788 2774 1868 2842 νόμον

250 2844 334 2916 πικρδν
345 2844 502 2907 ένδείξασθαι.
539 2844 672 2897 Δεαόάλλει
683 2844 732 2917 γάρ
741 2847 784 2899 τδν
794 2846 859 2900 οίίτω
871 2848 1034 2921 διακείμενον,
1079 2845 1246 2917 δεικνύμενον.
1257 2849 1339 2902 TCV.

250 2925 310 2979 όταν
328 2928 429 2978 τοιαῦτα
450 2922 529 2981 ἄτοπα
551 2924 628 2998 λέγη,
644 2925 676 2977 δι’
697 2925 751 2990 ένδς
769 2929 900 2998 προσώπου
915 2930 1035 2984 παιδεύων
1114 2925 1176 2991 465,
1188 2942 1232 2995 27.
1244 2925 1277 2980 Et
1291 2930 1346 2997 μιᾶς
1359 2928 1375 2993 ἠ
1394 2928 1462 2982 δυοῖν
1475 2926 1564 2998 φυλαῖν
1580 2928 1625 2980 ἕνα
1640 2927 1771 3000 χορηγόν]
1786 2928 1867 2981 Τοῦτο

250 3003 307 3066 τοῦς
317 3004 434 3065 ἅπαντας.
473 3003 558 3059 Καίτοι
570 3005 599 3059 τδ
615 3003 668 3072 έξής
685 3004 834 3077 ἠθικώτερόν
851 3007 942 3062 έστιτδ
957 3032 970 3059 ι
984 3009 1036 3082 ίγίο
1078 3002 1111 3065 ὧς
1125 3002 1213 3076 ἀσαφές
1223 3007 1296 3074 δῆθεν
1310 3009 1429 3075 ζητεῖται·
1445 3008 1486 3062 καί
1499 3008 1651 3077 έξηγήσαντό
1668 3028 1747 3072 τινες,
1760 3008 1798 3060 δτι
1814 3010 1868 3070 τοῖς

257 3105 269 3132 ι
286 3083 330 3154 μίν
344 3082 392 3154 γάρ
406 3082 511 3155 εὔχομαι
526 3086 578 3146 τοῖς
591 3086 666 3147 θεοῖς.
685 3088 790 3139 »TCV.
1079 3079 1227 3153 Θαργηλίοις
1247 3086 1316 3138 δυοῖν
1339 3085 1429 3156 ρυλαῖν
1446 3082 1480 3149 είς
1494 3090 1567 3156 μόνος
1586 3084 1718 3140 καθίστατο
1739 3086 1865 3157 χορηγός,

284 3166 348 3226 464,
365 3162 411 3215 εδ.
426 3160 492 3234 Ἐγὼ
508 3162 551 3233 μέν
561 3162 627 3235 γάρ]
640 3162 798 3236 ἠθικώτερον.
810 3166 858 3221 Bs.
1078 3163 1130 3223 τοῖς
1140 3161 1166 3214 δέ
1178 3163 1295 3233 μεγάλοις
1305 3165 1452 3229 Διονυσίοις,
1464 3163 1663 3236 ’Λνθεστηριῶνσς
1677 3165 1769 3237 μηνὸς,
1784 3165 1868 3219 πλείο·

285 3245 348 3306 464,
364 3245 407 3294 26.
422 3240 486 3312 Φέρε
497 3239 527 3306 δή
542 3241 769 3315 καίτάςεθπορίας]
781 3243 854 3298 Ἥκει
867 3244 941 3299 πάλιν
954 3244 994 3301 ἀπὶ
1006 3248 1035 3301 εδ
1078 3259 1118 3302 νος
1131 3241 1197 3314 αθτῷ
1212 3244 1360 3314 γιγνομένης
1376 3247 1419 3311 τῆς
1439 3244 1562 3310 δαπάνης,
1578 3238 1612 3306 είς
1632 3244 1741 3315 χορηγὸς
1761 3242 1868 3310 ἑκάστης

250 3319 309 3374 οώτδ
324 3322 394 3393 μέρος
406 3323 449 3387 τῆς
459 3319 610 3384 ἀντιθέσεως.
648 3322 785 3394 Εθποροῦσί
798 3343 867 3386 τινες·
880 3324 1035 3400 οίικοῦνθπέρ
1077 3318 1154 3387 φνόῆῦ
1174 3322 1316 3375 καθίστατο·
1360 3320 1435 3395 Ἐμοί
1454 3324 1481 3377 δέ
1500 3324 1572 3376 δοκεῖ
1592 3329 1735 3394 ῦοφῑπῑῑῶς
1755 3321 1868 3393 ῑίρῖίνθνν

249 3403 292 3465 τής
307 3398 402 3462 πόλεως
414 3398 458 3452 τδν
476 3400 583 3453 πλοῦτον
605 3400 764 3471 συλλέγουσιν
784 3402 810 3455 έν
824 3422 850 3456 τι
863 3406 917 3466 ταῖς
934 3404 1034 3477 ίερομη·
1078 3398 1189 3468 ww*
1207 3398 1379 3471 θννννῧῑῧείῳ.
1417 3399 1482 3455 Είπε
1504 3401 1552 3472 γάρ
1566 3398 1658 3463 ἐκεῖνος
1678 3400 1701 3454 έν
1722 3404 1753 3471 τῇ
1767 3401 1868 3473 δευτέρη

250 3479 311 3541 νίαις
322 3478 364 3531 καὶ
376 3479 430 3540 ταῖς
441 3478 613 3549 πανηγθρεσιν.
651 3477 707 3533 Εἶτ’
729 3478 863 3548 ίπιτίθησιν
880 3484 919 3536 ότι
930 3483 1035 3549 ἅπαντες
1080 3473 1151 3546 (ἱνῦθ
1170 3476 1195 3541 3,
1214 3479 1264 3547 17)
1278 3483 1326 3530 τῶν
1337 3476 1449 3550 ἱστοριῶν
1469 3478 1545 3544 «Τήν
1566 3497 1593 3531 τε
1611 3478 1659 3549 γάρ
1679 3479 1813 3531 Ποτίδαιαν
1827 3481 1866 3532 δί-

249 3554 395 3627 είσρέρουσιν
408 3554 441 3618 είς
452 3556 494 3610 τδν
511 3556 621 3628 πόλεμον
634 3557 658 3610 οί
670 3556 714 3624 τήν
727 3558 838 3614 ἀτέλειαν
860 3561 994 3632 εἰληφότες·
1010 3563 1035 3627 ίξ
1082 3572 1092 3600 ¹
1107 3554 1214 3623 δραχμῠῑ
1226 3552 1325 3607 ἀπλῖται
1342 3553 1481 3626 έρροόρουν·
1501 3554 1580 3626 ἑαυτῷ
1595 3553 1643 3624 γάρ
1656 3555 1698 3606 καί
1710 3560 1745 3626 τῷ
1757 3552 1866 3629 θπηρέτη

244 3632 279 3687 ὀῦ
293 3634 361 3702 καίή
377 3635 500 3707 σόγκρισις
512 3635 579 3708 αίντῷ
598 3636 738 3700 αεναθξεται
755 3638 797 3691 καί
815 3639 890 3712 τδτῇ
907 3640 979 3695 πόλει
990 3645 1033 3697 τὸν
1081 3652 1092 3679 ¹
1110 3629 1224 3702 δΡΤκίνθν
1239 3633 1326 3703 μννθὸν
1337 3632 1471 3703 {Mysum
1490 3655 1501 3683 ν
1519 3633 1565 3685 Καὶ
1576 3633 1654 3685 kim*
1668 3631 1684 3698 ἦ
1697 3633 1755 3703 πρός
1773 3634 1863 3703 πρόθῑ·

243 3713 357 3769 ’πλοῦτον
371 3713 531 3785 συλλέγεσθαι
546 3715 677 3771 δείκνυται.
715 3714 780 3771 Εἶτα
801 3719 935 3789 παρέχεται
956 3722 1034 3792 νόμον
1078 3727 1127 3775 σις,
1141 3710 1185 3763 ἵνα
1200 3707 1233 3784 ᾖ,
1246 3711 1588 3783 πρδςδραχμήνέλάμόανεν.
1625 3711 1696 3764 Οότω
1709 3709 1867 3765 καίένταῦθα

250 3793 291 3845 καί
300 3793 422 3864 σοφίζεται
434 3793 489 3864 περὶ
497 3792 581 3847 αίιτόν.
618 3795 666 3848 Δόσ
680 3794 728 3866 γάρ
740 3798 866 3867 προτείνας
879 3798 907 3851 τό
924 3798 967 3869 μέν
981 3800 1031 3852 έτι·
1078 3787 1187 3858 ῑίίῆνθνν
1204 3787 1269 3861 m,
1286 3787 1307 3841 ῑί
1322 3792 1376 3861 μνᾶς
1389 3790 1404 3856 ἢ
1418 3791 1487 3841 δννῗν
1503 3789 1591 3859 φνλαῗν
1612 3789 1670 3859 πίάς
1688 3790 1732 3842 ἕνα
1751 3790 1865 3860 Χνθῦίὸν

243 3889 291 3940 ρον
307 3869 475 3937 ἀποδείκνυσι,
496 3870 525 3924 τδ
547 3872 570 3923 δ’
584 3872 667 3942 ἕτερον
688 3872 871 3945 συλλογίζεται,
910 3876 968 3930 Ὅτι
989 3877 1033 3949 μέν
1078 3867 1214 3935 ννθίνῐηννι
1252 3869 1322 3929 Τίνος
1335 3868 1357 3919 θ’
1377 3868 1449 3921 ἕνεκα
1466 3867 1542 3928 οὕτως
1562 3867 1727 3934 σννίῦτῑῑλενῑ
1743 3867 1786 3920 ἵνα
1802 3869 1865 3939 μηδέ

249 3947 297 4020 γάρ
310 3950 467 4021 τριηραρχίας
486 3949 564 4013 οόδείς
586 3948 674 4017 ἀτελής
699 3954 906 4025 συνομολογεῖται
928 3955 969 4008 διά
989 3960 1034 4011 τοῦ
1077 3946 1191 4015 Ψνίννῖνν
1206 3945 1305 4000 ’mm‘
1326 3952 1444 4018 λνθίίίῶν
1463 3940 1577 4017 ῑῦθνθίνν
1599 3945 1713 4016 ῑθθίνδννν
1733 3946 1862 4013 θννννίννίί·

247 4030 334 4100 νόμου·
355 4031 393 4083 ότι
408 4028 434 4083 δέ
452 4030 493 4083 καί
513 4029 629 4101 είσρίρειν
643 4031 756 4087 εἰώθασιν
778 4033 811 4097 είς
826 4035 869 4089 τὸν
887 4036 997 4108 πόλεμον
1009 4037 1034 4091 οί
1077 4025 1158 4080 TCV-

245 4105 293 4172 τήν
308 4107 417 4162 ἀτέλειαν
431 4106 532 4178 ἔχοντες
544 4108 717 4180 ωλλογίζεται
738 4112 772 4173 ώς
795 4111 820 4165 όν
842 4111 901 4167 είδει
923 4118 967 4181 τῆς
990 4120 1033 4169 τοῦ
1112 4104 1175 4169 465»
1190 4106 1234 4159 28·
1251 4103 1295 4165 Ὃς
1306 4102 1358 4157 ἄνθ’
1370 4103 1588 4166 ἕνδεόλλῡντῠΰτῠ
1603 4103 1682 4174 ἅπαξ]
1699 4101 1785 4175 Ὀγίῑν
1798 4102 1862 4166 ἅπαξ

248 4185 417 4256 συλλογισμοῦ
430 4184 543 4249 ίτάσεως.
582 4187 617 4241 To
635 4187 684 4259 γὰρ
696 4187 729 4260 μή
745 4193 916 4263 γεγραμμένον
931 4191 1033 4255 timu.
1076 4183 1220 4253 χορηγήσας
1238 4181 1332 4251 δηλαδὴ
1352 4182 1517 4245 ἀπαλλάξεται
1533 4188 1577 4238 τοῦ
1588 4184 1719 4255 χορηγεῖν.
1757 4182 1829 4236 Ἔστι
1838 4185 1863 4235 δ’

247 4265 291 4318 τδν
301 4269 336 4337 τῷ
347 4263 461 4336 ἐγγράφῳ
470 4264 656 4332 συλλογίζεται,
667 4267 776 4339 οιίδαμοῦ
784 4274 858 4324 τοῦτο
870 4271 979 4333 διδόντος
989 4276 1033 4325 τοῦ
1076 4263 1138 4316 mo
1152 4262 1194 4333 μέν
1206 4263 1330 4333 κνθδῖίνν
1340 4263 1406 4316 Q
1415 4264 1440 4316 δὲ
1454 4262 1553 4335 dm&
1562 4263 1603 4317 ναί
1615 4263 1771 4333 νίνθίννθλίν·
1787 4263 1862 4333 TW·

242 4343 335 4414 νόμον.
373 4340 462 4407 Τήνδί
479 4345 558 4398 πίστιν
576 4350 620 4400 τοῦ
639 4347 718 4420 λόγον
739 4350 859 4421 προῦθηκε
875 4352 976 4422 πρὸτῆς
994 4351 1032 4406 ἐν.
1076 4360 1166 4413 ραρχος
1181 4342 1224 4412 μέν
1239 4344 1286 4413 γάρ
1300 4342 1393 4396 έστινό
1411 4347 1470 4395 ναῦν
1484 4347 1652 4414 παρεχόμενος
1669 4338 1805 4413 πολεμικήν
1820 4343 1863 4394 καὶ

245 4423 332 4487 ποίας,
349 4421 381 4484 νίς
390 4420 434 4489 κῆν
445 4425 576 4495 μαρτυρίαν
586 4432 634 4479 ῶν
645 4426 785 4494 &mm
798 4428 873 4497 (ὠνὴν
887 4430 1030 4502 ἀναγαγών,
1077 4422 1149 4489 σκεύη
1159 4424 1190 4493 τῆ
1205 4420 1246 4489 νηί
1256 4422 1297 4475 καί
1306 4424 1353 4474 ὅσα
1364 4427 1472 4475 τοιαῦτα
1486 4422 1596 4495 χορηγός
1602 4422 1628 4475 δέ
1639 4421 1653 4474 θ
1665 4423 1717 4483 τοῖς
1728 4423 1862 4484 Διονυσίοις

247 4502 278 4555 Τί
288 4503 431 4573 γάρρησιν;
446 4525 457 4552 ι
471 4502 523 4558 ίστε
532 4504 610 4571 δήπου
622 4508 689 4561 τοῦθ’
701 4511 739 4569 θεν
750 4531 763 4559 ι
775 4516 823 4564 τῶν
833 4517 1029 4582 πριηρρρχῶν,.
1075 4504 1117 4555 καί
1133 4505 1185 4564 τοῖς
1196 4502 1373 4569 Παναθηναίοις
1387 4507 1423 4573 τῷ
1440 4507 1509 4573 χορῷ
1528 4502 1572 4567 τήν
1586 4499 1677 4571 τρορήν
1691 4502 1805 4570 παρέχων
1820 4500 1863 4551 καί

248 4581 289 4635 καί
301 4581 367 4648 έξής,
381 4581 415 4644 ώς
428 4586 470 4649 τῆς
482 4587 610 4656 μαρτυρίας
623 4585 741 4658 ἀρκούσης
754 4588 828 4662 αὐτῷ,
843 4592 923 4644 TCV.
1076 4582 1206 4652 στεράνους
1219 4580 1260 4634 καί
1271 4583 1363 4650 κόσμον
1380 4580 1421 4632 καί
1435 4581 1481 4633 όσα
1495 4581 1549 4650 περὶ
1562 4578 1606 4646 τήν
1621 4579 1735 4645 τοιαθτην
1748 4580 1861 4649 πανήγυ·

283 4661 345 4726 465,
362 4660 386 4715 5.
400 4661 470 4733 Παρά
483 4662 525 4734 μέν
539 4663 586 4735 γάρ
596 4665 638 4734 τὰς
651 4672 699 4720 τῶν
714 4673 840 4739 χορηγιῶν
847 4669 972 4740 δαπάνας]
985 4669 1032 4723 Καὶ
1075 4677 1122 4732 ριν·
1137 4660 1311 4732 έστιάτωρδέὸ
1324 4659 1369 4726 τήν
1378 4660 1456 4732 ρυλήν
1466 4659 1499 4722 είς
1512 4661 1599 4714 δεῖπνα
1608 4659 1700 4713 καλῶν·
1712 4661 1862 4731 γυμνασίαρ-

246 4740 320 4810 χάριν
338 4738 474 4809 ὁμολογεῖν
495 4743 605 4811 πειρᾶται
617 4744 669 4804 τοῖς
690 4743 839 4810 πλουτοῦσι,
857 4749 890 4816 τῇ
904 4746 1032 4817 παραθέσει
1074 4760 1120 4811 χος
1131 4740 1299 4812 δὲέπαρὲχων
1311 4741 1426 4795 τοῦλαιον
1438 4743 1489 4803 τοῖς
1498 4741 1861 4812 γυμναζομένοις-γυμνάσιον

246 4822 296 4869 τῶν
311 4822 400 4887 ταφῶν
414 4815 458 4882 τήν
479 4820 618 4888 προσθήκην
632 4819 745 4877 ίπινοῶν.
783 4820 823 4875 Ἂν
838 4822 924 4894 εὑρεθῇ
932 4863 940 4888 ,
953 4824 1029 4893 φησὶ,
1074 4819 1123 4891 γάρ
1135 4818 1180 4886 τήν
1191 4819 1342 4890 παλαίστραν
1357 4818 1505 4885 έκάλυυν-,
1521 4819 1562 4872 καὶ
1571 4822 1691 4890 κρατῆρας
1703 4816 1861 4889 ἐπίμπλασαν

247 4897 372 4966 [opum
386 4896 535 4968 θν7,αγν)γῑῗ
547 4899 603 4962 τυθς
617 4900 752 4972 θεωμένους
763 4902 824 4973 ἀμοῖς
842 4901 867 4956 έν
886 4903 979 4973 βραχεῖ
989 4922 1032 4974 μο-
1074 4902 1125 4960 τυῖς
1135 4899 1292 4970 βουλομένοις
1298 4900 1405 4970 δημοσίᾳ
1413 4900 1532 4970 χρίεσθαι’
1543 4898 1656 4969 είσρέρειν
1667 4896 1693 4950 δέ
1705 4896 1818 4964 λέγουσιν
1826 4897 1862 4960 είς

247 4978 346 5048 ρίιρτῇς
358 4977 456 5048 ἡμέρας·
469 4977 494 5032 έν
505 4977 532 5031 δὲ
545 4981 599 5041 ταῖς
610 4983 777 5053 τρεηραρχίαις
796 4980 850 5035 ἀντί
863 4987 906 5049 τῆς
916 4981 1030 5049 ἠδονήςή
1074 4978 1118 5031 τὀν
1132 4977 1259 5048 πόλεμον,
1283 4980 1341 5032 όταν
1360 4978 1447 5050 ἔρανον
1461 4979 1521 5050 διδῷ
1537 4979 1600 5049 [τις]
1615 4980 1666 5037 τοῖς
1682 4976 1739 5047 θπέρ
1753 4980 1797 5042 τῆς
1811 4996 1860 5029 πα·

247 5052 421 5126 σωτηρία,καλ
432 5056 460 5109 οὗ
473 5056 535 5111 κατά
546 5058 648 5130 σμικρὸν
662 5062 750 5132 μέρος,
765 5059 823 5112 ἀλλ’
838 5060 897 5114 όλον
911 5061 954 5114 τδν
968 5062 1029 5132 γρό-
1075 5058 1386 5131 τρίδοςπαραταττομίνοις,
1396 5054 1470 5113 Λῦται
1479 5054 1541 5125 ἠσαν
1550 5078 1598 5130 παρ
1617 5057 1699 5120 αὗτοῖς
1713 5057 1737 5109 αί
1747 5056 1862 5129 λειτουρ-

248 5153 307 5198 νον,
325 5136 367 5188 καί
378 5135 421 5188 οθκ
434 5136 528 5207 όλίγοις
545 5137 614 5209 δρῶν
628 5143 680 5203 τοῖς
693 5139 718 5195 έν
733 5146 769 5214 τῶ
787 5141 881 5213 θεάτρῳ
899 5144 1008 5213 φανεῖσιν
1018 5183 1027 5210 ,
1073 5138 1139 5208 Tim,
1152 5137 1178 5190 αἱ
1192 5137 1235 5208 μὲν
1248 5138 1431 5208 πρθςείρήνην,
1449 5138 1475 5191 αἱ
1487 5137 1513 5192 δέ
1526 5138 1585 5209 πρὸς
1598 5138 1717 5209 πόλεμον.
1728 5138 1810 5193 TCV.

247 5211 313 5268 ἀλλά
328 5216 393 5287 πόση
406 5219 438 5287 τῇ
448 5216 528 5271 πόλει.
542 5219 622 5272 ch.
1109 5221 1170 5287 465,
1184 5237 1228 5291 29,
1251 5222 1300 5289 Τῆς
1313 5223 1339 5277 δέ
1357 5222 1382 5294 γ’
1401 5221 1518 5293 αίσχόνης
1534 5221 1596 5289 όλην
1618 5220 1787 5291 ἀναπίμπλησι
1811 5217 1861 5287 τήν
