3967 5967
648 460 759 523 xxm.
781 461 885 522 ΚΑΤΑ
906 461 1242 523 ΑΡΙΣΊῸΚΡΑΤΟΥΣ.
1692 472 1749 526 769

145 583 236 653 θιιται,
257 582 305 659 οδχ
321 588 354 653 ώς
371 586 387 656 ὴ
403 587 469 653 τάξις
480 590 595 658 ἀπαιτεῖ,
616 592 648 647 δι’
665 594 694 647 δν
716 594 863 666 προείπομεν
881 594 927 648 λό-
970 596 1129 650 καθάπτεται.
1165 595 1240 650 Τσδ
1260 595 1332 663 ὴκαί
1349 594 1434 658 άλλως
1453 615 1504 659 πιες
1522 596 1675 663 τελευτήσει,
1696 596 1752 665 ήτοι

144 683 202 735 γον.
970 672 1024 747 ἰδίῳ
1035 676 1142 747 θανάτῳ.
1748 710 1750 714 ·

180 751 243 811 6ε6,
261 746 303 800 15.
316 747 407 818 Τρίτον
430 748 457 802 δέ
475 750 510 813 ώς
527 749 623 814 ἀνάξιός
638 751 705 823 ἐστι]
720 752 755 805 To
771 753 874 806 δίκαιον
896 753 926 807 τδ
1005 755 1068 820 635,
1084 773 1125 824 17.
1136 755 1197 807 Τίνα
1207 755 1255 827 γάρ
1268 773 1307 808 σοι
1315 754 1428 809 λέλοιπεν
1438 755 1495 826 ὅρον
1509 761 1544 828 τῷ
1554 757 1681 828 γράμματι
1691 759 1701 830 ]
1711 758 1754 831 Τῷ

143 826 191 900 γάρ
206 826 302 890 ἀνάξιος
315 826 349 889 εἰς
360 833 433 882 τοῦτο
446 829 599 900 ἀναφέρεται.
969 833 1114 905 ψηφίσματι.
1152 835 1264 905 Διασόρει
1279 834 1422 906 δὲγράμμα
1434 838 1582 906 προσειπών.
1622 837 1707 890 Ιίαίτοι
1721 856 1752 908 γε

179 913 241 974 626,
259 925 301 977 17.
316 909 413 979 Λίρεσιν
431 910 490 982 θμῖν
512 913 613 983 δοῦναι]
629 909 730 976 Ἐπειδὴ
750 911 799 983 γέρ
813 910 885 985 ἀπήει
899 912 926 967 ἐκ
969 912 1049 984 τούτῳ
1059 913 1186 984 προσθείς,
1197 908 1251 967 οἷον
1268 919 1304 986 τῷ
1321 913 1415 986 ἀτόπῳ.

143 989 187 1053 τής
203 989 372 1049 καταστάσεως
391 989 540 1059 διδαχθεέςό
553 987 673 1061 ἀκροατὴς
686 992 716 1044 τδ
731 993 866 1062 συμφίρον,
881 991 926 1045 εθκ
1006 992 1068 1057 635,
1084 994 1128 1046 25.
1149 991 1191 1055 Ὧς
1204 990 1243 1046 ἐπὶ
1254 995 1368 1056 πάντων,
1379 994 1423 1047 οδκ
1434 993 1474 1047 ἐπί
1486 999 1534 1047 τῶν
1545 1001 1650 1065 φονικῶν
1663 996 1753 1067 μόνον]

143 1063 259 1119 ἐόοόλετο
270 1065 296 1119 δέ
307 1066 391 1130 αδτοῖς
401 1073 474 1122 τοῦτο
488 1074 584 1141 πρῶτον
604 1068 698 1135 εἰπεῖν,
713 1071 746 1133 ώς
759 1070 870 1142 είπομεν,
885 1071 927 1125 διὰ
970 1069 1045 1132 Ἔθος
1056 1077 1091 1144 τῷ
1099 1073 1249 1143 Δημοσθίνει
1265 1073 1453 1135 κατασκευάζειν
1466 1072 1510 1126 οιλκ
1522 1072 1546 1135 ἐξ
1563 1069 1599 1126 ών
1611 1069 1694 1145 λέγει,
1709 1076 1752 1127 ίνα

142 1142 187 1211 τὴν
203 1144 363 1217 οἰκονομίαν,
376 1149 474 1201 δίδωσιν
492 1148 576 1213 αὐτοῖς
595 1149 705 1220 τείρεσιν,
725 1150 767 1203 καὶ
785 1150 867 1213 ἐνδοὺς
880 1151 924 1217 τὴν
971 1148 1004 1219 μὴ
1029 1150 1086 1222 δόξῃ
1111 1151 1152 1203 διὰ
1172 1152 1201 1205 τδ
1223 1151 1287 1205 ἴδιον
1308 1154 1428 1224 σνμφίρον
1452 1151 1479 1205 ἐκ
1509 1153 1646 1220 δεινότητος
1671 1161 1752 1208 ποιεῖν

142 1226 225 1297 αιίήτν
247 1227 347 1297 άρπάζει
365 1228 409 1295 τὴν
434 1228 565 1300 ἐπίκρισιν,
580 1230 624 1283 ίνα
642 1230 700 1303 δόξῃ
722 1232 822 1285 ἕπεσθαι
844 1231 927 1295 αθτοίς
970 1233 1057 1296 τοῦτο,
1069 1229 1126 1282 ἀλλ’
1141 1229 1164 1293 ίξ
1179 1229 1281 1303 ἐτέρων,
1296 1233 1337 1285 ίνα
1348 1230 1365 1297 ὴ
1378 1232 1446 1302 φόσις
1461 1231 1536 1293 οὕτως
1549 1230 1617 1301 ἔχειν
1630 1234 1688 1305 δόξῃ
1707 1236 1755 1287 τοῦ

142 1305 184 1357 καλ
196 1306 258 1359 κατὰ
270 1305 380 1378 ἀνάγκην
393 1312 466 1362 τοῦτο
477 1311 555 1363 ποιεῖν
572 1309 614 1363 καλ
624 1315 661 1382 τῷ
677 1311 748 1383 πόθιμ
763 1308 863 1364 ἐκείνων
877 1311 929 1375 ἐξα·
968 1309 1121 1380 πράγματος.

142 1384 282 1441 κσλσυθεῖν,
1007 1389 1068 1454 635,
1084 1405 1128 1460 ογ.
1143 1389 1236 1460 Ἄρχων
1256 1395 1346 1461 χειρῶν
1361 1389 1469 1462 ἀδίκων]
1494 1391 1566 1444 Τοῦτ’
1581 1390 1647 1445 ἐστιν
1665 1391 1753 1463 άρχειν

177 1470 240 1530 6ε6,
257 1470 301 1521 28.
319 1464 393 1520 Ἀλλδ
405 1467 550 1534 ποιησάσθω
562 1464 608 1533 τὴν
624 1464 740 1539 ἀκρόασιν
754 1469 818 1542 ώδί]
835 1471 927 1541 ίίυρίως
969 1467 1073 1539 πληγῶν
1087 1466 1114 1521 ἐκ
1125 1472 1168 1535 τῆς
1186 1469 1336 1539 άβιμαχίας,
1350 1470 1406 1537 ήτοι
1419 1472 1638 1541 προκατάρχοντα,
1658 1473 1700 1525 καί
1717 1472 1750 1543 μὴ

143 1542 180 1615 ἐφ’
189 1544 292 1599 ἐκάστου
308 1547 440 1618 κεφαλαίου
452 1547 482 1600 τ“ο
494 1545 560 1618 βήμα
577 1546 652 1617 ίχεις·
671 1546 710 1602 ἐπί
724 1548 767 1620 μίν
781 1556 829 1603 τῶν
842 1553 925 1622 νόμων
968 1549 1167 1620 τιμωρούμενον,
1179 1547 1295 1617 πλήττειν
1308 1550 1404 1613 ἀδίκως.
1419 1553 1449 1604 Ρ.

142 1624 172 1676 τό
188 1624 269 1697 λέγω,
283 1627 318 1688 ώς
335 1627 415 1681 άπλσῖν
435 1631 480 1680 τωδ
500 1628 576 1697 νόμου
593 1628 772 1697 τυγχάνοντος,
791 1628 830 1683 ἐπὶ
842 1630 868 1683 δέ
881 1636 925 1684 τοῦ
1006 1628 1068 1698 637,
1090 1646 1131 1684 11.
1151 1626 1289 1701 Ὑπειπὼν]
1307 1627 1497 1702 Ὗπαγορεθσας.
1512 1630 1541 1683 B.

142 1705 238 1757 δικαίου
246 1711 295 1759 τῶν
306 1706 463 1776 ἀδικημάτων
474 1706 503 1760 τό
517 1696 629 1776 ἐλέγχοι,
646 1705 686 1760 ἐπὶ
698 1708 724 1761 δέ
735 1712 779 1761 τοῦ
792 1711 926 1781 συμφίρον-
1006 1706 1068 1770 638,
1080 1725 1106 1775 9.
1119 1706 1197 1776 Φίρε,
1212 1708 1242 1758 άν
1257 1708 1284 1760 δέ
1297 1726 1321 1761 τι
1338 1709 1420 1781 συμόή
1436 1710 1567 1775 τοιοῦτον]
1586 1705 1749 1763 Ἇντιπίπτον·

142 1800 184 1844 τος
195 1783 226 1837 τί)
239 1782 356 1845 ἐξετάσει·
373 1784 487 1857 λογισμῷ
498 1785 583 1856 γάρτό
595 1784 687 1855 μάλλον
698 1786 841 1858 είιρίοκεται.
969 1804 1010 1847 τος
1024 1784 1093 1847 λύσις
1106 1784 1133 1839 ἐκ
1145 1789 1188 1852 τῆς
1199 1781 1328 1853 ποιότητος
1341 1792 1384 1840 τοῦ
1397 1787 1547 1858 Χαριδήμου.
1589 1786 1688 1855 Ἐπειδὴ
1702 1790 1751 1860 γάρ

179 1866 241 1931 627,
258 1864 299 1916 15.
321 1863 438 1917 Ἔσονται
456 1864 482 1918 δέ
495 1864 597 1936 βραχεῖς
608 1864 663 1934 περί
681 1866 780 1919 πάντων
794 1866 819 1918 οί
831 1866 924 1939 λόγοι]
970 1862 1073 1917 ἰδιωτῶν
1092 1864 1188 1935 μᾶλλον
1200 1865 1216 1931 ὴ
1227 1873 1370 1937 στρατηγῶν
1383 1867 1411 1920 τδ
1424 1868 1561 1936 μοιχεύειν,
1575 1866 1616 1918 διά
1627 1872 1700 1921 τοῦτο
1710 1870 1752 1921 καί

145 1937 245 2006 Ἐπειδὴ
258 1938 808 2015 γάρτρίαὴνκεφάλαια,ἐπιτεινομόνουςκαλ
821 1946 925 2017 μακροὺς
970 1943 1068 2011 ἰδιώτην
1097 1944 1170 1997 αἰετόν
1193 1947 1269 1998 ποιεῖ.
1292 1947 1373 1999 ch,
1395 1943 1494 2010 Ἐπειδὴ
1518 1947 1669 2016 στρατηγοὶις
1695 1967 1751 2018 μοι·

142 2018 257 2090 θπέφαινε
269 2022 326 2084 τοδς
338 2022 435 2093 λόγους·
451 2022 491 2075 διά
510 2027 584 2076 τοῦτο
597 2025 776 2096 παραμυθεῖται
788 2024 875 2087 αθτοδς
887 2024 927 2079 λέ·
968 2022 1085 2089 χεόοντας
1095 2022 1207 2093 χαλεπόν
1220 2025 1397 2094 τιμωρεῖσθαι,
1413 2024 1453 2075 διά
1471 2029 1544 2077 τοῦτο
1556 2024 1749 2097 ἀπηλλαγμένον

142 2116 212 2168 γιον,
228 2100 329 2170 βραχεῖς
339 2101 438 2155 ἔσονται
446 2103 470 2154 οί
483 2102 567 2173 λόγοι.
969 2101 1043 2154 αθτδν
1057 2100 1164 2164 ἐξουσίας
1182 2103 1224 2154 καί
1239 2105 1386 2174 στρατηγίας
1399 2106 1474 2175 ποιεῖ.
1492 2107 1522 2158 Ρ.

179 2181 240 2246 6ο7,
256 2194 301 2234 αι.
316 2180 512 2243 Δικάζειν-καλ
529 2180 665 2252 τραίματος
677 2180 703 2234 ἐκ
715 2183 842 2253 προνοίας]
860 2180 923 2243 Ἐξί-
1006 2181 1068 2245 638,
1087 2197 1128 2233 ιο.
1145 2180 1211 2248 Ἤδη
1225 2199 1261 2252 τῳ
1277 2182 1319 2233 καὶ
1332 2180 1419 2252 ἀλλιμ]
1431 2181 1486 2234 Ἵνα
1496 2181 1531 2252 μή
1547 2201 1582 2243 τις
1598 2180 1676 2250 εἴποι,
1692 2181 1753 2235 ἀλλ’

141 2271 209 2316 τασις
224 2253 334 2311 ἐντεῦθεν
348 2263 392 2312 τοδ
402 2260 522 2332 νομίμου,
536 2260 578 2315 καλ
589 2262 719 2332 παράθεσις
730 2263 862 2334 τιθεμένων
876 2267 925 2316 τῶν
969 2256 1013 2311 οθκ
1026 2258 1229 2329 ἀπαλλαγήσεται
1249 2263 1293 2326 τῆς
1310 2261 1472 2330 στρατηγίας,
1494 2262 1535 2315 δδι
1550 2260 1618 2315 εἶπεν
1638 2264 1697 2333 δπερ
1710 2264 1753 2316 καί

141 2332 226 2403 νόμων
239 2335 335 2389 καίταδ
349 2337 509 2410 ψηφίσματος,
831 2367 834 2373 ·
968 2337 1041 2409 ἀλλιμ
1062 2339 1149 2405 συνίόη
1165 2344 1296 2411 στρατηγῷ
1308 2341 1471 2410 τυγχάνοντι,
1492 2340 1536 2391 ίνα
1560 2346 1597 2412 τῷ
1616 2348 1692 2414 κοινῷ
1710 2344 1750 2412 β-

176 2416 239 2482 ⁶²7.
255 2431 300 2486 27.
326 2415 357 2468 Εἰ
378 2419 505 2490 σκάήαισθε
525 2417 553 2473 ἐν
574 2420 623 2473 τίνι
644 2419 723 2488 τάξει]
747 2420 922 2492 Προθεραπεία,
969 2416 1185 2490 θαιώσῃτδίδιον.

145 2488 244 2560 Ἐπειδὴ
257 2495 307 2567 γάρ
318 2496 367 2551 ἔδει
380 2503 430 2551 τῶν
444 2500 527 2570 νόμων
544 2502 682 2571 μνησθῆναι
691 2500 718 2553 οί
727 2501 782 2572 περὶ
791 2507 841 2553 τῶν
853 2499 924 2554 πολι-
990 2522 992 2526 »
1005 2497 1067 2565 639,
1081 2513 1124 2550 αι.
1139 2496 1194 2550 Εἶτ’
1207 2496 1236 2549 οἰλ
1249 2497 1342 2561 δεινόν,
1353 2494 1375 2550 ὦ
1388 2500 1422 2569 γῆ
1435 2498 1477 2550 καί
1491 2497 1564 2569 θεολ]
1579 2497 1753 2570 Σχετλιασμδς

141 2577 190 2625 τῶν
209 2578 402 2645 προστάττουσι,
417 2576 484 2640 ξένος
503 2578 530 2631 δί
545 2576 615 2641 οὗτος
628 2575 676 2646 ὴν,
696 2581 741 2634 ἵνα
761 2579 924 2653 μὴάντιπίσῃ
969 2573 995 2627 ἐν
1008 2581 1094 2647 καιρῷ,
1133 2575 1215 2629 Καλόν
1228 2575 1276 2647 γάρ
1293 2575 1655 2647 ἐντῇδπερδελῇτῶνδεινιδν
1671 2576 1753 2632 ἐπικα·

142 2653 224 2725 αθτῷ,
244 2653 310 2733 Ἀλλ’
319 2651 391 2719 σότος
399 2657 480 2722 ξίνος,
496 2657 520 2710 οί
531 2658 557 2713 δί
570 2660 642 2729 νόμοι
652 2660 708 2730 περὶ
722 2659 830 2714 πολιτῶν
843 2658 925 2713 διαλό·
968 2653 1066 2707 δεῖσθαί
1075 2655 1132 2717 τοδε
1142 2656 1289 2726 κρείττονας’
1754 2658 1755 2661 ¹

141 2748 245 2803 γονται,
265 2738 441 2806 προοικονομεῖ
453 2740 527 2790 τοῦτο
538 2737 579 2789 καί
590 2740 659 2791 ποιεῖ
669 2737 743 2791 αδτδν
754 2737 870 2805 πολίτην,
879 2737 925 2790 ίνα
1005 2738 1067 2799 640,
1078 2752 1121 2791 20.
1132 2735 1180 2796 ίλδς
1191 2734 1219 2787 οδ
1233 2735 1470 2805 παραγεγράμμεθα]
1483 2733 1749 2808 Παρισημειωσάμεθα.

140 2813 219 2874 οίίτως
230 2813 303 2867 αὔτὀν
314 2812 423 2887 ἐξετάσῃ.
968 2810 1003 2863 Τό
1014 2811 1063 2883 γάρ
1077 2815 1164 2884 σχῆμα
1175 2812 1360 2882 περιληπτικόν.
1397 2809 1475 2864 Ὅταν
1487 2810 1667 2883 γάρπλειόνων
1679 2814 1751 2868 είιπο·

178 2895 240 2955 628,
255 2909 281 2948 1.
295 2891 350 2959 Ἰὴν
369 2892 417 2964 γάρ
437 2897 482 2946 τοῦ
492 2892 572 2965 δήμου
594 2893 704 2966 δωρεάν]
725 2894 858 2947 Ιίολακεθει
879 2894 923 2948 τδν
968 2894 1065 2961 ρι’θμεν,
1081 2894 1137 2945 τότε
1147 2891 1227 2962 τοότῳ
1239 2896 1275 2963 τῷ
1285 2891 1397 2961 σχήματι
1407 2892 1535 2961 χρώμεθα.

140 2970 238 3041 δῆμον·
253 2972 305 3042 ἅμα
318 2972 345 3025 δέ
355 2972 397 3025 καί
409 2972 529 3026 δείκνυσιν
545 2974 579 3035 ώς
590 2973 634 3026 οἰικ
647 2972 734 3044 ἐχθρός
747 2974 813 3046 αθτῷ
820 3013 828 3039 ,
841 2976 924 3046 ώσπερ
1006 2973 1068 3033 641,-
1086 2988 1111 3024 1.
1129 2970 1335 3040 Προῦῐῑῖημίνα
1346 2973 1398 3032 τῦῗς
1409 2971 1512 3042 νά4108]
1525 2969 1594 3041 Παρί
1605 2977 1654 3024 τῶν
1666 2974 1750 3042 νόμω*

141 3049 184 3101 καί
195 3048 221 3102 ἐν
229 3051 366 3122 προοιμίοις
376 3048 482 3123 εἰρηκει
497 3051 686 3124 μηδεμιᾶςίδίας
698 3052 788 3125 ἐχθρας
796 3054 921 3124 [ἕνεκα].υ
969 3050 1102 3118 ταχθέντα,
1140 3050 1305 3121 Συμπίρεσμα
1324 3048 1350 3102 δέ
1363 3049 1453 3104 λοιπόν
1466 3053 1510 3102 τοῦ
1528 3052 1622 3120 νόμου,
1640 3050 1681 3103 καί
1697 3051 1750 3122 μετ’

142 3127 174 3180 Εἰ
184 3128 232 3200 γάρ
251 3125 297 3198 ἦν,
315 3131 405 3200 φησίν,
425 3131 530 3203 ἐχθφδς,
546 3131 589 3185 οθκ
613 3134 643 3184 ἀν
669 3131 775 3199 πολίτην
791 3130 865 3185 αδτδν
879 3152 923 3186 πε-
968 3126 1090 3195 αθξήσεως
1102 3134 1151 3181 τῶν
1165 3128 1519 3200 εἰρημένωντδσυμπέρασμα.
1554 3128 1669 3196 Ζητήσειι
1687 3129 1756 3182 δ’άν

141 3209 246 3275 ποίηκα·
271 3209 340 3264 οὗδέν
356 3210 382 3264 δέ
404 3210 494 3264 κωλθει
513 3208 539 3264 ἐν
554 3205 591 3273 οἰς
610 3211 683 3282 χρεία
702 3213 745 3264 καὶ
760 3211 866 3266 ἐπαινεῖν
881 3213 923 3265 τόν
968 3226 1003 3270 τις
1020 3214 1070 3270 πῶς
1085 3206 1202 3270 ἐξετάζων
1214 3207 1244 3261 τδ
1257 3209 1363 3279 νόμιμον
1385 3208 1517 3277 κεφάλαιον
1537 3206 1585 3277 σθχ
1598 3208 1638 3278 ἀφ’
1651 3210 1678 3261 ίν
1690 3208 1751 3262 αιίτδ

142 3286 173 3358 ἐχ
175 3288 232 3359 θρὴν
241 3328 249 3354 ,
259 3289 304 3341 ἵνα
314 3288 426 3361 ἀνίωμεν
441 3290 524 3361 ίτερον
535 3293 551 3343 δ
569 3290 717 3361 βουλόμεθα.
968 3285 1110 3357 ἐργάζεται,
1122 3287 1234 3341 ἀλλάκαί
1245 3289 1335 3359 μερίζει
1347 3286 1380 3349 εἰς
1389 3287 1479 3339 δίεοκαί
1490 3286 1657 3357 παρεμθάλλει
1667 3289 1748 3359 ἕτερα,

143 3368 146 3373 “
178 3371 239 3429 628,
256 3370 283 3421 8.
301 3367 361 3420 *λδ*
376 3368 427 3421 οὔδ’
439 3366 501 3439 ὴμίν
513 3372 566 3432 τοῖς
577 3371 642 3440 γάνει
652 3360 782 3441 πολίταις]
796 3369 882 3431 Καλῶς
894 3369 925 3422 τό
968 3366 1012 3419 οὐκ
1026 3366 1118 3430 εἰωθώς
1131 3366 1227 3439 οθδαμῇ
1239 3370 1312 3419 τοῦτο
1324 3368 1418 3428 ποιεῖν,
1432 3364 1498 3418 ἀλλά
1511 3366 1597 3418 διόλου
1613 3368 1660 3419 πᾶν
1677 3363 1706 3418 οδ
1719 3369 1749 3418 δν

142 3446 207 3516 παρά
221 3447 386 3518 τοδςνόμους.
423 3447 479 3500 Ἵνα
489 3447 537 3519 γάρ
547 3448 581 3518 μή
592 3466 628 3510 τις
636 3446 707 3521 είπῃ,
720 3447 777 3499 ἀλλ’
787 3447 809 3501 εἰ
819 3448 925 3501 πλεῖστα
967 3447 1068 3517 άρξηται
1080 3446 1226 3517 κεφαλαίου,
1243 3446 1289 3508 ἕως
1302 3447 1332 3497 ἀν
1346 3445 1466 3518 τελεσθῇ,
1479 3443 1757 3516 ἐξεργάζεσθαιςφαμέν

142 3522 311 3594 εδεργετήκει,
331 3525 411 3596 [οδε]
430 3526 522 3597 ὀφείλει
536 3526 577 3580 καί
599 3526 720 3581 πλειόνων
738 3533 816 3598 τιμῶν
829 3529 925 3598 τυγχά·
968 3521 1011 3579 οὖν
1022 3527 1060 3579 δτι
1072 3524 1154 3590 ἐπειδὴ
1166 3526 1207 3578 καί
1218 3525 1248 3578 τδ
1259 3524 1371 3595 ψήφισμα
1385 3524 1433 3594 οθχ
1446 3523 1485 3595 θφ’
1494 3524 1521 3576 ἓν
1536 3524 1668 3590 ἐξήτασεν,
1680 3523 1749 3577 ἀλλὰ

143 3620 209 3667 νειν;
223 3603 264 3655 διά
279 3608 352 3658 τοῦτο
363 3604 428 3676 παρὰ
446 3606 611 3677 τουςνόμσνς.
648 3605 711 3659 03δέ
726 3605 775 3677 γάρ
789 3604 854 3677 παρὰ
868 3607 924 3659 τοό·
968 3604 1030 3658 κατὰ
1048 3605 1202 3676 μίρος,πρδς
1215 3604 1258 3675 μὲν
1271 3604 1299 3657 τό
1312 3602 1435 3665 ἐξετασθέν
1455 3604 1526 3674 μέρος
1539 3603 1595 3665 τοίες
1606 3606 1696 3674 νόμους
1706 3605 1751 3667 οδς

142 3700 199 3742 τους
212 3684 327 3752 πράττειν
339 3684 427 3736 καλόν.
967 3685 1060 3755 παρίδῃ
1080 3683 1185 3748 τίθεικε,
1201 3683 1259 3753 πρδς
1271 3682 1298 3736 δέ
1319 3682 1348 3735 τό
1361 3681 1414 3748 ίξῆς
1432 3682 1506 3736 πάλιν
1523 3681 1614 3755 ὁμοίως
1625 3685 1751 3755 προσφέρει

178 3764 240 3828 6α8,
252 3769 297 3817 26.
312 3764 359 3816 Καί
367 3765 398 3818 τά
407 3768 508 3818 τοιαῦτα
518 3766 618 3836 πάντα]
631 3764 789 3834 Παραιτεῖται
800 3764 882 3829 λίγειν
893 3764 925 3817 τά
968 3763 1024 3825 τοίις
1036 3766 1139 3833 νόμους·
1163 3762 1204 3814 καί
1216 3761 1315 3823 εἰκότως
1333 3761 1401 3814 οδδέν
1421 3761 1486 3814 ἀλλο
1502 3761 1664 3834 παρενέόαλεν
1679 3762 1749 3824 ἐκτός

143 3835 196 3907 είδη
209 3847 257 3894 τῶν
273 3847 440 3913 κακουργιῶν,
454 3843 470 3908 ὴ
485 3842 526 3895 διὰ
536 3845 565 3896 τδ
581 3844 722 3914 δύσφημον,
735 3843 806 3910 ὴίνα
819 3842 852 3913 μὴ
862 3845 926 3916 δοκῇ
968 3846 1012 3896 τοῦ
1023 3841 1172 3913 κεφαλαίου,
1187 3840 1253 3892 ἀλλά
1266 3840 1308 3893 καί
1321 3845 1370 3894 τών
1380 3838 1452 3896 ἐθῶν.
1492 3839 1533 3902 Εἰς
1542 3842 1586 3893 δόο
1604 3840 1652 3913 γάρ
1665 3842 1749 3913 τάμνε·

142 3918 182 3970 διὰ
196 3919 225 3972 τδ
237 3922 350 3991 πράττειν
363 3920 461 3976 εἰδέναι.
967 3940 1009 3975 ται
1018 3922 1048 3974 τό
1058 3923 1180 3991 νόμιμον,
1192 3918 1226 3982 είς
1236 3939 1261 3973 τε
1272 3919 1381 3991 ἀγραφσν
1393 3920 1435 3973 καί
1443 3922 1549 3992 νόμιμον
1560 3921 1693 3994 ἔγγραφον,
1706 3923 1752 3983 ἵνα

179 4001 241 4064 618,
255 4005 300 4069 2'7·
313 4000 365 4071 Πρδ
384 3999 426 4072 μίν
448 4003 492 4053 τοῦ
513 4000 591 4069 κρίσιν
613 4000 743 4071 γενέσθαι]
760 3998 818 4053 Ὅτι
835 4003 864 4055 τδ
878 4001 925 4072 πρδ
968 3999 1026 4073 δόξῃ
1036 3998 1096 4053 ὅλον
1106 4001 1132 4053 ἐν
1143 3998 1217 4055 εἶναι.

142 4080 185 4143 τῆς
201 4079 300 4149 κρίσεως
313 4079 412 4151 λέγεται
426 4079 505 4132 αἰτία·
522 4081 560 4134 ότι
573 4080 602 4132 τό
621 4079 682 4151 μετὰ
695 4080 738 4134 τδν
752 4078 858 4151 ἔλεγχον
872 4081 925 4134 ἀδί·
1005 4085 1066 4146 641,
1084 4098 1110 4149 7.
1125 4081 1250 4152 Βούλομαι
1261 4081 1284 4133 δ’
1297 4079 1373 4134 εἰπεῖν
1385 4078 1426 4131 διά
1438 4081 1568 4151 βραχίων]
1583 4080 1651 4134 'reth
1662 4082 1750 4152 χρήσι-

143 4176 219 4226 κημα.
236 4159 293 4211 ΒΥ.
969 4179 1016 4232 μον
1033 4160 1088 4230 περί
1100 4166 1148 4213 τῶν
1159 4161 1321 4230 δικαστηρίων
1330 4159 1397 4229 λίγει
1406 4198 1414 4224 ,
1423 4165 1471 4211 τῶν
1481 4160 1567 4228 νόμιον
1577 4158 1753 4233 προεξητασμί·

179 4235 241 4298 630,
255 4252 297 4305 17.
311 4234 354 4298 Ὦς
368 4236 440 4290 αθτδν
450 4237 541 4306 ]Τοῖιτ“
554 4237 607 4291 ἔστι
619 4237 678 4308 πρός
689 4237 777 4303 αίιτδν,
791 4241 873 4310 ὥσπερ
885 4238 926 4292 καί
968 4259 1035 4304 νων;
1052 4237 1133 4304 ἐπειδὴ
1151 4238 1201 4291 ἔθει
1218 4238 1310 4292 πολλοί
1323 4240 1483 4308 κεκράτηνται
1497 4238 1586 4308 νόμοι,
1602 4238 1756 4310 βουλόμενος

144 4314 273 4383 κατωτίφω
284 4315 317 4375 ιὐς
328 4316 474 4384 θεσμοθέτας
488 4318 546 4387 πρδς
559 4319 713 4387 θεσμοθέτας.
732 4320 762 4372 P.
970 4316 1086 4379 ἐπιδεῖξαι
1101 4318 1139 4370 δτι
1159 4318 1247 4379 πάντες
1261 4315 1308 4369 είσλ
1321 4316 1414 4386 κύριοι,
1430 4315 1533 4377 ἐξετάζει
1546 4314 1576 4368 τά
1590 4318 1752 4389 δυιαστήρια,

179 4392 241 4456 631,
258 4392 299 4445 13.
313 4393 358 4445 Καί
368 4393 416 4463 μὴν
426 4394 452 4447 ἰν
466 4414 495 4466 γε
506 4398 629 4468 τῷποιεῖν
644 4395 793 4470 ἀγώγιμον]
803 4399 845 4470 Τῷ
858 4396 925 4468 άγω·
970 4396 1134 4458 δεικνδςκατίι
1146 4396 1245 4457 τοότους
1255 4397 1335 4449 πάντα
1350 4395 1557 4465 σογιιροτοθμενα.
1576 4396 1648 4449 BSY.

142 4470 213 4544 γίμῳ
226 4476 354 4542 πανταχοῦ
364 4474 497 4542 σοφίζεται.
1007 4481 1069 4539 641,
1101 4492 1142 4528 12.
1169 4472 1272 4545 Ἡμεῖς,
1297 4470 1423 4544 ὦάνδρες
1448 4471 1587 4540 Ἀθηναῖοι,
1610 4474 1750 4546 Χαρίδημον

179 4552 241 4614 Τοίις
255 4550 357 4623 ἐφέτας]
376 4550 476 4621 Ἐφίτης
490 4551 637 4619 όδικαοτής.
652 4555 683 4608 B.
970 4554 1151 4625 ἐποιησάμεθα]
1165 4553 1347 4624 Προοιμιάσατο
1362 4552 1471 4623 περὶτοῦ
1487 4551 1555 4613 ἔθους
1568 4554 1693 4624 πρότερον,
1707 4554 1752 4608 ίνα

180 4632 243 4696 633,
259 4635 303 4683 2⁶·
318 4627 360 4695 Μὴ
374 4631 498 4700 προδήλου
509 4635 553 4698 τῆς
572 4631 684 4700 ἐπιούσης
695 4634 770 4704 &m
784 4634 857 4702 οὔσης
869 4635 926 4688 ἓκά·
971 4635 1036 4689 οίίτω
1051 4636 1105 4707 περὶ
1123 4639 1166 4688 τοῦ
1185 4636 1314 4705 προοιμίου
1327 4632 1379 4699 ἐξής
1400 4631 1530 4706 ἀντιπέσῃ,
1545 4632 1611 4685 ἀλλά
1627 4638 1703 4687 ταῦτα
1719 4635 1754 4690 τέ

144 4712 214 4781 οτῳ]
230 4708 272 4770 Εἰς
285 4707 356 4761 ίλεον
374 4707 509 4781 ήγαγετδν
525 4711 675 4783 λόγον,ίνα
693 4714 758 4787 δείξῃ
772 4713 816 4781 τὴν
831 4714 926 4768 ἀδικίαν
972 4712 1015 4779 ἐθη
1041 4712 1106 4783 παρά
1130 4713 1186 4773 τοίις
1210 4711 1311 4773 πολίτας
1335 4710 1415 4763 ἐστίν·
1440 4710 1496 4763 όθεν
1520 4707 1643 4781 ἐπήγαγεν
1667 4709 1750 4776 εθθὶις,

144 4787 246 4841 ἐκείνου.
975 4814 986 4841 ι
1007 4788 1131 4862 ὴμεῖς,ὦ
1155 4791 1240 4862 ἀνδρες
1267 4790 1403 4858 Ἀθηναῖοι,
1424 4790 1564 4860 Χαρίδημον
1586 4787 1754 4859 ἐποιησάμεθα

181 4867 244 4931 633,
259 4867 455 4941 εμἜκδοτον]
472 4870 665 4941 Πρσδεδομίνον.
679 4872 714 4929 Β.
974 4893 990 4921 ε
1006 4872 1120 4938 πολίτην.
1146 4894 1156 4920 υ
1199 4870 1230 4923 Ἠ
1257 4871 1300 4942 μὲν
1314 4865 1355 4924 σόν
1373 4872 1456 4940 πρώτη
1475 4874 1519 4922 τοῦ
1539 4869 1645 4941 νομίμου
1662 4870 1754 4935 παντὸς

181 4947 243 5012 635,
258 4964 285 5001 α.
306 4948 438 5019 ίλλδέτερον
461 4952 558 5023 ποιεῖν]
576 4949 638 5004 Ἀντλ
651 4954 695 5003 τοῦ
719 4950 799 5021 ἕτερον
819 4950 846 5004 δέ
862 4950 927 5022 παρά
971 4949 1052 5015 λόσις,
1073 4951 1111 5003 δτι
1128 4949 1192 5013 ξίνος
1207 4951 1358 5021 Χαρίδημος
1370 4947 1385 5014 ὴ
1397 4946 1423 5001 δέ
1436 4948 1534 5018 δευτίρα
1546 4946 1608 5001 κατά
1619 4948 1648 5003 τδ
1660 4948 1715 5011 ἔθος
1726 4948 1752 5002 ἐν

146 5027 221 5076 ταῦτα
231 5021 264 5095 μὴ
276 5028 365 5082 ποιεῖν.
374 5029 430 5083 ΒΥ.
971 5034 1009 5103 τῷ
1023 5030 1134 5116 νομίμῳ,
1150 5031 1187 5084 δτι
1200 5029 1305 5096 πολίτην
1322 5027 1364 5100 μίν
1384 5027 1456 5080 αὐτόν
1470 5027 1635 5098 ἐποιησάμεθα
1648 5028 1753 5098 Χαρίδη·

183 5104 244 5167 635,
261 5110 287 5159 6.
300 5106 347 5159 Ιίαλ
361 5106 394 5179 μὴ
410 5110 527 5181 νομίσητε
542 5107 624 5176 εδηθες
635 5108 663 5161 τδ
676 5109 810 5182 ἐρώτημα]
828 5107 926 5175 Ἐπειδὴ
972 5128 1034 5180 μον·
1047 5107 1076 5163 σθ
1090 5107 1138 5179 μὴν
1151 5108 1206 5163 οθδὲ
1219 5115 1268 5161 τῶν
1280 5106 1422 5179 ἀπορρήτων
1435 5105 1489 5159 οδδί
1503 5111 1550 5158 τῶν
1567 5105 1690 5177 ἱερῶνκαὶ
1703 5113 1751 5160 τῶν

147 5181 248 5237 ἀπαιτεῖ
259 5185 332 5238 αθτδν
345 5189 398 5260 περί
408 5195 456 5242 τῶν
471 5189 614 5260 μελλόντων
626 5188 811 5260 ἀποκρίνασθαι.
849 5187 927 5241 Ὅσον
971 5188 1047 5242 όσίων
1066 5187 1132 5260 αθτῷ
1146 5189 1363 5261 μεταδεδώκαμεν,
1382 5183 1432 5239 ἴδια
1446 5184 1494 5257 γάρ
1512 5189 1588 5239 ταῦτα
1603 5191 1652 5240 τῶν
1669 5186 1753 5259 ἐγχιο·

147 5262 218 5328 δέιίς
231 5264 334 5320 ἀτοπίαν
348 5267 403 5339 ἰίγει
417 5268 460 5323 τδν
474 5270 567 5341 λόγον,
585 5268 659 5325 πλίεν
674 5274 719 5324 τοῦ
735 5268 928 5341 Ἀριστοκράτους
970 5269 1029 5341 ρίων
1046 5266 1121 5323 ἐστίν.
1745 5264 1748 5267 ’
