3967 5967
622 481 704 543 xlx.
727 481 818 544 ΠΕΡΙ
837 480 917 542 ΤΗΣ
938 479 1267 542 mmmmm&
1688 490 1745 540 615

179 614 244 684 359,
259 628 286 667 α.
302 610 356 664 ’ίνα
369 611 395 665 δέ
406 611 486 678 εἰδῆτε
498 610 594 684 σαφῶς]
606 614 689 667 Τοῦτο
705 613 749 686 μέν
759 610 875 684 ᾠήθησάν
886 631 922 667 τι·
967 613 1154 683 προκεχώρηκεν
1173 610 1190 679 ή
1205 610 1322 674 ἀπόδειξις
1340 614 1384 664 τοῦ
1403 611 1466 690 κατόμ
1485 611 1587 673 Φωκέας
1597 611 1746 680 κεφαλαίου,

143 712 181 757 νες
191 699 239 748 τῶν
251 691 379 764 πρδήμῶν
391 689 446 745 ἀντὶ
456 694 499 759 τῆς
511 693 696 764 τῶνμαρτύρων
707 695 802 747 κεῖσθαι
810 711 923 765 παραγω-
966 690 1009 744 καί
1023 690 1066 754 τάς
1088 690 1177 753 οἰκείας
1198 690 1289 752 πίστεις
1309 690 1461 761 παρέσχετο,
1483 687 1578 742 ἀνελὼν
1597 688 1693 756 δηλαδὴ
1717 688 1748 740 τα

144 778 205 846 γῆς·
233 773 305 845 ἡμεῖς
318 771 447 842 εἰρήκαμεν
461 773 500 825 ότι
514 770 561 841 ούχ
572 769 625 825 οίόν
637 790 664 825 τε
677 771 702 825 ἐν
716 777 753 843 τῷ
762 770 810 825 ἀπό
822 773 923 843 γνώμης
966 768 1121 840 ύρορμοθντα
1133 770 1187 831 ταῖς
1202 767 1288 821 ἐαυτοῦ
1301 768 1427 833 πίστεσιν,
1441 769 1484 820 ἵνα
1497 769 1651 837 πανταχόθεν
1663 768 1692 820 τθ
1708 786 1746 821 πι·

142 859 277 925 στοχασμῷ
297 854 416 925 μάρτυρας
443 851 605 923 παρέχεσθαι,
629 849 698 923 [μή]
721 850 922 922 ὡμολογημένων
967 849 1043 903 θανόν
1063 847 1078 902 ό
1097 847 1174 915 λόγος
1196 847 1389 918 συνερανίσηται.
1431 845 1559 901 Ἐντεῦθεν
1582 846 1605 898 δ’
1620 845 1751 917 ἀρίσταται

141 939 190 988 τῶν
203 934 354 1004 πραγμάτων
367 930 406 1001 ύρ’
418 926 454 984 ὧν
473 931 613 1001 πέπρακται.
656 928 722 982 Ἆλλ*
734 928 799 992 εἰδος
811 929 921 1001 ἐλέγχων
967 934 1015 982 τῶν
1029 932 1073 981 τού
1084 927 1239 999 ἐγκλήματος
1248 926 1407 992 ἀποδείξεων,
1420 929 1503 998 χωρεῖ
1510 927 1532 978 δ’
1548 925 1588 979 ἐπὶ
1598 925 1642 988 τίις
1659 926 1669 996 [
1682 925 1751 1001 ἀπό]

142 1014 216 1067 τοῦτό
233 1012 283 1066 ἰστι
301 1011 342 1064 καί
358 1008 476 1073 ἀπόδειξις
494 1012 538 1062 τού
558 1007 598 1060 διά
618 1008 661 1062 τδν
684 1008 802 1079 Αἰσχίνην
821 1009 923 1072 Φωκέας
967 1011 1011 1075 τῆς
1029 1009 1158 1074 ποιότητος
1171 1005 1315 1070 ἀντιθέσεις,
1327 1006 1360 1068 ώς
1373 1005 1490 1078 Αἰσχίνου
1508 1005 1582 1077 μηδίν
1596 1005 1633 1059 ἰτι
1648 1005 1750 1075 ίχοντος

142 1088 307 1144 ἀπολωλέναι.
327 1091 397 1160 Αέγει
407 1087 470 1160 γάρ,
481 1087 525 1140 ίνα
538 1088 619 1140 τοίνυν
631 1085 711 1154 εἰδῆτε
722 1089 761 1141 ότι
773 1086 802 1140 ού
817 1087 849 1139 δι’
861 1086 923 1158 ύμάς
968 1086 1045 1142 εἰπεῖν
1061 1085 1177 1158 ἰσχυρόν,
1191 1084 1326 1151 ἀποστῆσαι
1341 1084 1367 1139 δὲ
1380 1086 1436 1148 τοθς
1450 1084 1587 1152 Ἀθηναίσυς
1600 1087 1751 1148 σπουδάζον·

142 1169 197 1224 οθδί
207 1171 240 1224 δι’
252 1170 338 1232 αύτούς
349 1168 404 1222 ούδέ
417 1168 457 1220 διὰ
469 1167 595 1221 Φίλιππον
607 1164 750 1234 ήπατηκότα
758 1166 856 1227 Φωκεῖς
865 1164 924 1219 ἀπο·
967 1184 1008 1229 τος
1019 1170 1062 1233 τῆς
1072 1164 1162 1238 ἀργῆς,
1175 1163 1370 1236 καλπραθνοντας
1380 1165 1436 1228 τούς
1445 1164 1593 1229 ἀκούοντας,
1604 1165 1647 1218 καί
1655 1164 1750 1228 ἀξιοῦν·

142 1249 254 1313 λώλασι,
269 1249 324 1310 τούς
345 1248 449 1319 χρόνους
470 1247 529 1319 ύμῖν
545 1246 689 1317 λσγιυῦμαν
709 1244 736 1299 ἐκ
754 1250 803 1298 τῶν
823 1246 922 1316 χρόνων
967 1262 1008 1307 τος
1028 1244 1062 1316 μή
1084 1243 1225 1315 όργίζεσθαι
1249 1241 1307 1314 ύπέρ
1331 1243 1457 1307 Φωκίων,
1480 1241 1513 1314 μή
1539 1243 1587 1314 γάρ
1607 1245 1752 1316 συμμάχους

142 1328 190 1401 γάρ
203 1330 315 1401 βούλεται
326 1327 517 1397 συλλογίσασθαι
529 1324 574 1392 τήν
588 1324 717 1390 ἀπόδειξιν,
730 1324 766 1377 ἵν’
780 1324 849 1391 ήτού
862 1324 923 1395 χρό-
967 1321 1068 1394 είχετε;
1083 1324 1197 1394 βούλεται
1208 1322 1222 1376 ό
1234 1324 1390 1394 Δημοσθένης
1400 1323 1427 1376 ἐκ
1440 1327 1483 1388 τῆς
1494 1322 1636 1386 ἀντιθέσεως
1647 1324 1751 1381 πλείονα

142 1427 185 1461 νου
200 1409 317 1479 βραδύτης
328 1406 370 1460 καί
383 1406 412 1459 τδ
425 1404 455 1472 δὴ
473 1405 609 1477 λεγόμενον
624 1404 708 1476 ἀκαρές
721 1404 834 1457 σύστασιν
851 1403 923 1475 ἐργά·
967 1403 1010 1457 τόν
1024 1403 1177 1475 παροξυσμὸν
1188 1402 1351 1475 ἐργάσασθαι,
1366 1404 1585 1475 καίπρολαμόάνει
1598 1402 1642 1470 τήν
1654 1404 1751 1459 ἀντίθε-

142 1506 215 1554 σητσιι
226 1489 269 1539 τού
284 1485 325 1537 διὰ
342 1484 385 1538 τόν
402 1483 519 1555 Αἰσχίνην
538 1483 693 1537 ἀπολωλέναι
706 1483 820 1544 Φωκέας·
837 1481 859 1535 εί
874 1480 922 1554 γάρ
967 1498 1006 1532 σιν
1019 1481 1061 1534 καί
1072 1478 1117 1546 τήν
1131 1480 1201 1534 λύσιν
1211 1481 1348 1552 ἐργάζεται.
1391 1479 1469 1553 Ὁμοῦ
1486 1482 1512 1535 δί
1524 1481 1566 1535 καί
1575 1481 1691 1554 ἐπίλογός
1700 1483 1753 1539 ἐστι

143 1565 190 1637 πρδ
206 1568 249 1633 τῆς
263 1564 358 1637 εἰρήνης
371 1563 509 1630 ἐσώζοντο,
525 1565 567 1617 καί
583 1562 644 1634 μετά
660 1561 706 1629 τήν
719 1561 827 1633 εἰρήνην,
847 1561 922 1634 ἰπαγ·
967 1558 997 1612 τδ
1016 1560 1159 1630 γινόμενον.
1197 1559 1274 1612 ’ίδιον
1292 1559 1319 1613 δέ
1332 1565 1381 1612 τῶν
1396 1558 1518 1630 ἔπιλόγων
1533 1559 1638 1628 αὔξησις.
1675 1560 1752 1623 Αύξά·

143 1645 297 1717 γελλομένου
319 1643 345 1697 δέ
360 1644 401 1697 καί
414 1644 585 1715 ύποσχομένου
597 1640 642 1708 τήν
654 1641 775 1712 σωτηρίαν
791 1640 921 1712 Αἰσχίνου,
968 1657 1043 1709 νομευ
1062 1639 1089 1693 δέ
1107 1637 1186 1707 ήάπδ
1209 1639 1338 1705 ποιότητος
1361 1640 1526 1709 προσώπωνῆ
1551 1639 1599 1693 ἀπό
1620 1644 1751 1708 ποιότητος

142 1725 208 1793 τρεῖς
222 1722 309 1794 ήμίραι
328 1725 460 1793 γεγόνασιν
474 1720 498 1784 ἐξ
514 1717 587 1793 ούπερ
609 1720 707 1782 Φωκεῖς
718 1719 847 1774 ἐπύθοντο·
868 1718 923 1773 εἰτα
967 1720 1127 1789 πραγμάτων.
1169 1718 1252 1791 Ὀμέν
1265 1713 1309 1772 οθν
1319 1716 1434 1789 Αἰσχίνης
1443 1720 1557 1789 καθαιρεῖ
1565 1716 1609 1785 τὴν
1621 1721 1749 1786 ποιότητα,

143 1803 292 1873 συνθεμένων
306 1801 364 1872 πρδς
374 1800 500 1855 Φίλιππον
512 1799 603 1861 άλωσις
616 1799 718 1870 γέγονε·
730 1803 780 1860 πῶς
792 1797 837 1851 ούκ
851 1797 922 1866 κύδη-
967 1795 1026 1849 ἀλλ’
1042 1796 1086 1851 οθκ
1101 1794 1162 1865 ήσαν
1175 1798 1303 1869 σύμμαχοι
1315 1798 1357 1850 καί
1370 1797 1454 1852 πολλὰ
1465 1796 1509 1864 τὴν
1526 1798 1599 1853 πόλιν
1613 1796 1746 1865 ἠδίκησαν·

142 1880 188 1933 λον
200 1882 232 1934 δι’
240 1881 359 1951 Αἰσχίνην
368 1879 538 1942 ἀπολωλέναι;
551 1878 584 1949 μὴ
592 1878 639 1950 γάρ
648 1876 678 1943 δή
690 1876 848 1948 λογιζώμεθα
860 1876 921 1949 μηδέ
967 1874 1018 1929 όδὲ
1027 1876 1208 1949 προλαμόάνων
1219 1876 1261 1938 τάς
1270 1875 1400 1939 άντιθίσεις
1408 1878 1531 1943 συνίστησι
1540 1877 1580 1929 διά
1592 1883 1641 1931 τῶν
1655 1876 1749 1929 λύσεων

143 1961 186 2024 τάς
196 1963 266 2016 πέντε
277 1960 383 2032 ἡμέρας,
398 1958 423 2012 ἐν
442 1957 481 2021 αἰς
493 1957 517 2010 οί
531 1957 628 2018 Φωκεῖς
646 1953 775 2010 ἐπύθοντο·
792 1955 860 2026 λέγει
875 1957 923 2027 γὰρ
967 1950 1012 2017 τήν
1026 1954 1159 2021 ποιότητα,
1171 1953 1298 2025 σύμμαχοι
1308 1958 1352 2019 τῆς
1364 1953 1459 2018 πόλεως
1472 1954 1497 2008 οί
1509 1955 1607 2017 Φωκεῖς
1623 1955 1664 2007 καί
1684 1953 1749 2023 ιύερ·

144 2040 230 2102 αύτούς
248 2039 379 2109 ἐγνωκίναι
403 2036 463 2108 μετά
479 2036 521 2098 τάς
539 2038 610 2089 ἅντε
622 2034 725 2106 ἡμέρας,
741 2034 785 2088 δύο
803 2034 829 2088 δέ
843 2034 868 2088 ἐν
889 2041 924 2109 τῷ
967 2032 1088 2103 γέταιτοῦ
1098 2032 1195 2103 δήμου,
1218 2034 1298 2103 ιρέρε
1311 2032 1342 2099 δή
1356 2052 1397 2105 μοι
1410 2031 1454 2099 τήν
1475 2034 1619 2106 συμμαχίαν
1641 2031 1749 2099 τὴντῶν

146 2118 234 2189 μεταξύ
246 2119 321 2189 μόνας
330 2120 372 2183 τῆς
383 2115 533 2187 ἀπαγγελίας
542 2116 688 2187 γεγενῆσθαι
696 2114 738 2167 καί
746 2118 789 2180 τῆς
798 2113 922 2177 ἀλώσεως.
967 2111 1075 2165 Φωκέων
1090 2134 1101 2161 υ
1117 2112 1208 2182 λέγων.
1222 2112 1303 2165 ch,

144 2194 223 2249 Πάλιν
238 2195 358 2266 Αἰσχίνου
372 2196 426 2267 [τῷ
437 2194 629 2267 μεταληπτικῷ]
641 2194 775 2264 δυναμένου
786 2192 924 2264 χρήσασθαι
1004 2190 1065 2255 360,
1083 2206 1124 2244 11.
1139 2189 1241 2261 Ἄρδην]
1253 2189 1308 2244 ἀντί
1319 2193 1362 2244 τοῦ
1372 2189 1512 2253 παντελῶς,
1523 2189 1588 2261 παρά
1596 2191 1626 2244 τδ
1635 2188 1711 2261 αἰρειν
1723 2208 1750 2242 τι

143 2274 185 2327 καί
205 2272 286 2345 λέγειν
305 2276 343 2327 ότι
363 2273 433 2328 αθτοί
446 2273 613 2335 πιστεύσαντες
632 2277 670 2344 τῷ
688 2271 821 2345 Φιλίας-ιαμ,
837 2275 923 2326 τοῦτον
967 2269 1009 2322 καί
1021 2268 1157 2342 λαμύάνειν
1166 2266 1192 2322 έν
1206 2269 1298 2342 είρκτῆ.
1315 2272 1369 2324 ΑΡ.

142 2354 186 2408 τδν
196 2356 285 2425 τρόπον
298 2355 469 2425 σπεισάμενοι,
482 2351 647 2424 [ἀπώλοντο]
658 2394 665 2418 ,
677 2352 758 2424 ἐτίραν
770 2352 855 2424 ἐπάγει
864 2353 924 2407 ἀπό·
1003 2347 1047 2402 Διά
1056 2350 1172 2419 τούτους]
1181 2350 1224 2403 τόν
1239 2348 1359 2421 Αἰσχίνην
1372 2349 1414 2403 καί
1423 2349 1577 2420 Φιλοκράτη.
1595 2350 1625 2403 Ρ.

143 2432 225 2499 δειξιν,
250 2433 303 2506 μεθ’
319 2433 516 2504 ύπερδαλλούσης
535 2432 681 2499 δεινότητος.
723 2430 768 2484 Ἐκ
780 2435 924 2503 περιτροπῆς
1002 2430 1108 2502 Αύτούς]
1120 2431 1176 2493 τούς
1186 2431 1297 2493 Φωκέας.
1313 2432 1342 2484 Ρ.

142 2508 191 2582 γάρ
205 2510 233 2565 τδ
249 2510 308 2563 αύτθ
321 2510 395 2564 πάλιν
410 2509 442 2571 εἰς
452 2509 593 2563 τοθναντίον
610 2509 741 2580 λαμόάνει.
777 2510 813 2562 Tb
825 2509 873 2581 γάρ
889 2507 922 2582 μή
1004 2511 1065 2576 360,
1084 2515 1126 2574 τί..
1141 2509 1175 2562 Ού
1189 2511 1237 2581 γάρ
1256 2508 1350 2563 ἐκεῖνόν
1362 2528 1391 2580 γε
1407 2507 1530 2580 ἠγνόουν]
1544 2508 1586 2560 ίνα
1601 2504 1635 2578 μὴ
1648 2506 1750 2576 λέγωσι,

143 2588 275 2643 ἀπολίσθαι
292 2588 336 2651 τάς
354 2587 436 2649 πόλεις
447 2586 473 2640 ἐκ
493 2586 646 2658 πολιορκίας,
667 2586 724 2639 ἀλλ’
737 2585 763 2639 ἐκ
783 2589 924 2660 συμόάσεως
967 2587 1008 2640 διίι
1022 2589 1047 2641 τί
1062 2588 1110 2660 γίιρ
1127 2587 1193 2660 αύτῷ
1204 2587 1329 2641 ἐπείθοντο
1346 2588 1371 2640 οἱ
1382 2588 1494 2652 Φωκεῖςς
1509 2588 1628 2640 δείκνυσιν
1642 2588 1680 2640 ὅτι
1694 2588 1750 2658 Ιήδε·

143 2668 184 2721 καί
198 2669 320 2731 σπονδῶν,
334 2668 437 2736 σημεῖον
448 2663 512 2717 εἰναι
524 2664 592 2734 λέγει
601 2668 645 2718 τοῦ
657 2666 829 2727 πιστεύσαντας
839 2666 924 2729 αθτοθς
967 2686 1013 2720 σαν
1026 2667 1099 2721 αύτδν
1113 2668 1155 2720 καὶ
1168 2668 1211 2720 ούκ
1227 2669 1256 2719 ἀν
1271 2666 1405 2737 ἐθάρρησαν
1422 2666 1489 2738 αὐτῷ
1511 2665 1553 2737 [εί
1567 2665 1620 2739 μὴ]
1639 2667 1679 2718 διὰ
1693 2668 1751 2719 τού·

64 2758 72 2774 ⁴
143 2749 194 2808 τοῖς
203 2746 288 2816 λύγοις
299 2743 414 2814 Αἶῦχίνθθ
427 2741 469 2804 τὰς
480 2742 570 2804 ’dm‘
579 2742 760 2812 προσδέξασθαι.
771 2745 851 2800 ch.
967 2765 1032 2809 τους.
1069 2746 1104 2800 Ού
1120 2746 1169 2818 γάρ
1181 2746 1204 2799 οἰ
1219 2745 1343 2812 Ἀθηναῖοι
1351 2785 1359 2811 ,
1374 2745 1431 2798 ἀλλ’
1443 2746 1467 2799 οί
1480 2746 1535 2817 περί
1549 2746 1593 2799 τδν
1612 2745 1749 2816 Αἰσχίνην,

180 2823 246 2891 359,
262 2825 289 2885 ό.
305 2820 458 2891 Λογιοῦμαι]
473 2817 528 2873 ἀντί
538 2823 581 2872 τού
594 2818 785 2890 ἀπαριθμοδμαι.
800 2827 832 2877 Α.
967 2829 1011 2878 τοῦ
1025 2826 1113 2887 πάθους
1126 2824 1209 2879 αἰτιοι.
1224 2826 1306 2878 ch,

179 2900 240 2969 359,
252 2904 278 2954 6.
292 2897 520 2970 Ἐλαρηόολιῶνος]
534 2898 690 2970 Δεκεμόρίου.
699 2900 729 2952 Ρ.
740 2898 876 2970 Δεκεδρίου.
890 2899 920 2954 Β.
1006 2902 1117 2957 Ἔκεῖνόν
1129 2905 1174 2976 γε]
1193 2905 1235 2957 τόν
1247 2903 1383 2958 Φῶιππον.
1399 2904 1428 2959 Ρ.

179 2979 383 3051 Σθῑρῦφορῑῶννς]
399 2978 518 3048 Μαρτίου.
533 2979 563 3032 Ρ.
1003 2982 1064 3050 360,
1079 2999 1123 3038 αι.
1138 2982 1186 3035 Ὧν
1198 2983 1221 3035 δ’
1236 2981 1342 3054 ἰιυχον]
1355 2981 1412 3037 Ἵνα
1422 2977 1455 3052 μὴ
1470 2980 1532 3050 δοκῇ
1545 2980 1684 3049 συντρέχειν
1698 2983 1750 3043 τοῖς

181 3054 238 3112 Ἀπδ
251 3059 331 3112 τοίνυν
346 3058 449 3129 ταύτης]
469 3051 673 3124 ἀπδταύτηςοθν
687 3061 729 3123 τῆς
744 3056 779 3122 ις’
796 3064 840 3112 τοῦ
853 3058 922 3131 Μαρ·
968 3063 1012 3112 τοῦ
1030 3058 1152 3113 ἀντιδίκου
1179 3060 1281 3132 λόγοις,
1305 3061 1334 3115 τό
1354 3064 1398 3128 τῆς
1416 3058 1511 3120 πόλεως
1532 3059 1603 3129 μέρος
1624 3055 1747 3125 ἐξήτασεν.

144 3136 196 3191 τίου
209 3139 388 3209 διαγενομίνων
402 3137 499 3209 ήμεριῗιν
515 3135 633 3204 ἀκηκόασι
647 3140 723 3190 ταῦτα
735 3137 759 3190 οί
771 3137 877 3201 Φωκεῖς.
890 3142 920 3193 P.
967 3136 1037 3205 Εἶτ’,
1052 3140 1177 3213 ἐπειδήπερ
1195 3139 1305 3194 ἐναντίον
1317 3140 1376 3213 πρὸς
1388 3139 1432 3206 τὴν
1447 3139 1532 3210 χρείαν
1544 3138 1610 3211 αύτῷ
1622 3140 1709 3209 γέγονε
1721 3141 1750 3194 τό

178 3216 294 3287 Ταύτην]
309 3215 430 3283 εἰκοστήν.
446 3218 479 3271 Ρ.
967 3217 1054 3288 ρηθέν,
1068 3216 1169 3282 ταῗιςούν
1184 3220 1228 3274 οθκ
1244 3218 1413 3291 ἰόαηθήσαμεν
1424 3222 1478 3280 τοῖς
1495 3218 1703 3288 συμμάχοιςςίνα
1715 3218 1749 3290 μή

180 3297 246 3367 359,
268 3314 311 3367 α9.
331 3295 395 3349 ’ίίκε
408 3294 434 3349 δί
453 3294 605 3366 Δέρκυλλος]
624 3293 639 3346 ό
660 3294 774 3365 πεμφθείς
791 3293 923 3365 ἀπαιτῆσαι
967 3297 1051 3363 δοκοίη
1069 3299 1216 3369 κατηγορεῖν
1229 3301 1272 3364 τῆς
1285 3297 1396 3363 πόλεως,
1409 3297 1562 3370 μεταστήσας
1575 3295 1643 3358 εθθθς
1657 3297 1708 3368 ἅμα
1717 3302 1749 3369 τῆ

142 3374 207 3445 παρὰ
220 3375 344 3430 Φιλίππου
357 3374 400 3437 τδς
416 3374 570 3444 ύποσχέσεις,
584 3375 611 3435 δς
623 3371 725 3439 ἤκουσεν
743 3373 767 3428 έν
779 3375 880 3429 Χαλκίδι
893 3377 923 3431 τά
968 3374 1070 3448 ἐργασίᾳ
1078 3377 1107 3430 τό
1117 3377 1233 3449 ἔγκλημα
1245 3376 1299 3431 εἰπε
1314 3399 1325 3426 ε
1345 3376 1386 3429 διά
1399 3380 1487 3430 τοῦτον
1501 3375 1543 3427 τόν
1560 3375 1680 3445 βοηθῆσαι
1700 3397 1749 3428 κω-

145 3455 403 3527 συμόάνταΦωκεύσι.
417 3453 499 3508 ch.
970 3476 981 3503 ν
1003 3454 1121 3512 λύσαντα.
1137 3479 1148 3506 ε
1164 3458 1246 3510 ch.

179 3533 227 3585 ἰίαί
239 3532 368 3603 πέμπτην]
383 3536 414 3603 τῆ
426 3530 474 3603 γάρ
485 3531 526 3601 κγ’
539 3530 650 3601 ἐγίνοντο
659 3529 685 3583 αί
697 3532 809 3586 σπονδαί.
821 3534 851 3588 P.
1003 3533 1064 3600 360,
1074 3536 1119 3590 25.
1133 3533 1240 3589 Ἀτούετε
1248 3533 1364 3606 ]Ἐτερον
1373 3532 1548 3606 μεταστατικδν
1557 3529 1620 3594 ώςέν
1628 3530 1746 3603 ἐπιλόγῳ·

178 3609 242 3664 Αύτθ
256 3610 401 3681 συμόαίνει]
418 3609 473 3663 ἀντί
493 3612 536 3664 τού
552 3608 654 3680 ἀκριόῶς
668 3610 794 3680 συμόαίνει
810 3614 921 3683 πέμπτην
967 3611 1083 3678 θηόαίοις
1094 3610 1193 3676 ἑαυτούς
1205 3612 1229 3666 οί
1243 3614 1341 3676 Φωκεῖς
1355 3612 1484 3678 ἐνέδοσαν,
1494 3610 1629 3672 θετταλοῖς
1640 3608 1748 3664 ἐπίστευ·

143 3685 221 3752 εἰναι,
237 3687 312 3755 εἰςήν
326 3687 368 3741 καί
384 3687 525 3742 ἐσπείσαντο
541 3688 583 3740 καί
601 3686 740 3743 ἀπώλοντο.
757 3690 837 3746 TCV.
864 3689 922 3762 Αρι-
967 3690 1380 3762 σαν,πρθςΑοκρυύςέσπείσαντο.
1421 3690 1535 3764 Ἀνήρηκε
1557 3690 1638 3744 τοίνυν
1654 3690 1749 3743 ἅπαντα

142 3766 244 3836 θμοῦσιν
256 3765 280 3818 οἰ
297 3763 418 3833 Ἆθηναῖοι
431 3767 476 3827 ἕως
488 3769 531 3832 τῆς
545 3764 578 3816 ιδ’
588 3764 620 3826 ὡς
631 3763 712 3835 ἡμεῖς,
727 3766 761 3827 ώς
773 3766 865 3839 ἔχομεν
878 3768 922 3836 τήν
966 3767 997 3821 τά
1012 3769 1191 3840 μεταστατιιά,
1206 3769 1278 3825 εἰπών
1292 3771 1351 3841 πρδς
1369 3770 1495 3825 Φίλιππον
1508 3768 1581 3822 αθτδν
1601 3770 1749 3840 γεγενῆσθαι

142 3848 231 3916 χρῆσιν
246 3844 271 3898 ἐν
282 3850 317 3917 τῷ
330 3844 392 3898 κατά
404 3846 577 3917 Τιμοκράτους,
589 3843 614 3897 ἐν
629 3840 665 3907 οίς
673 3844 740 3916 λέγει
754 3848 765 3916 (
775 3850 840 3917 708,
859 3848 889 3901 13
899 3853 920 3919 ).
966 3846 1009 3909 τάς
1024 3849 1159 3917 συνθήκας,
1169 3850 1212 3902 ἵνα
1223 3851 1378 3920 πανταχόθεν
1391 3849 1468 3924 ἀρέλη
1479 3850 1569 3915 ταύτην
1581 3847 1625 3913 τὴν
1635 3851 1749 3918 συγγνώ-

145 3944 156 3969 t
172 3921 206 3974 ια’
216 3922 256 3975 καί
269 3920 302 3974 ιδ’
314 3920 357 3974 τὸν
371 3922 446 3993 νόμον
460 3921 598 3992 εἰσήνεγκεν
608 3922 686 3975 όντων
700 3923 817 3994 ἰίρονίισν.
834 3948 845 3975 ν
858 3925 922 3979 Εἶτα
968 3946 1016 3997 μην
1030 3927 1163 3998 Αἰσχίνου,
1175 3931 1284 4001 καθαρῶς
1296 3929 1332 3983 ἐπ’
1348 3928 1422 3982 αθτδν
1438 3928 1551 3990 ἐλθόντος
1564 3932 1607 3981 τοῦ
1620 3926 1747 3999 έγκλήμα·

142 4000 229 4055 λοιπόν
241 4000 319 4056 οθκέτι
328 4001 497 4074 δμοίωςήμῖν,
509 4001 573 4054 ἀλλά
585 4002 647 4055 κατὰ
656 4003 795 4074 προσθήκην
806 4003 922 4078 ἀριθμοῦ·
966 4023 1016 4066 τος.
1058 4005 1244 4077 Ἔπιλογίζεται
1266 4008 1289 4060 δ’
1311 4007 1336 4061 ἐν
1353 4010 1447 4071 τούτοις
1470 4009 1522 4079 ἅμα
1542 4008 1583 4060 καί
1602 4006 1748 4078 ἀγωνίζεται

142 4098 190 4145 σιν,
199 4075 252 4134 οίον
263 4078 352 4144 ούτως·
368 4081 436 4152 τρίτη
450 4079 489 4135 ἐπί
502 4083 574 4147 δέκα,
588 4082 689 4152 τετάρτη
701 4081 740 4136 ἐπί
753 4083 824 4147 δέκα,
840 4084 879 4139 ἐπί
891 4085 921 4138 τά
966 4083 1044 4147 αύξων
1058 4084 1100 4147 τάς
1112 4085 1236 4156 συμροράς
1247 4087 1289 4139 καλ
1299 4088 1389 4150 πάντας
1401 4085 1477 4158 ἀριείς
1488 4085 1553 4152 πλήν
1569 4084 1686 4154 Αἰσχίνου
1698 4092 1747 4139 τῶν

141 4159 243 4213 πλείονα
254 4162 420 4230 προστιθέντες
435 4159 466 4214 τδι
479 4160 586 4228 ήττονα,
600 4161 645 4223 έως
659 4161 741 4224 ἀπλῶς
755 4165 798 4227 τῆς
818 4161 918 4228 εἰκάδος.
965 4160 1139 4235 ἐγκλημάτων.
1158 4166 1275 4223 BFRSY.

143 4234 210 4289 Εἶτα
219 4237 306 4291 λοιπόν
318 4236 365 4292 ἀπθ
374 4239 448 4304 τῆςσί
456 4238 497 4291 καί
507 4238 600 4301 εἰκάδος
609 4238 633 4301 ἐξ
641 4239 921 4312 ύποστρορῆς,λέγοντες
1002 4243 1064 4307 36ι,
1082 4260 1123 4297 ιο.
1137 4243 1247 4311 Τούτων,
1256 4242 1278 4297 ώ
1287 4245 1371 4314 ἀνδρες
1383 4242 1521 4313 Ἀθηναῖοι]
1534 4239 1578 4293 Ἔν
1592 4242 1684 4303 τούτοις
1695 4241 1746 4295 ἐπι·

143 4311 186 4378 τήν
207 4314 232 4366 α’
248 4315 289 4366 καί
312 4313 395 4367 εἰκάδα
415 4317 515 4388 ύστὲραν
536 4317 649 4385 δεκάτην,
670 4319 711 4371 καί
732 4317 776 4386 τὴν
796 4319 821 4390 β’
837 4320 921 4374 εἰκάδα
964 4320 1091 4390 λογίζεται
1112 4321 1163 4391 άμα
1183 4322 1224 4373 καί
1249 4321 1409 4393 ἀγωνίζεται·
1428 4321 1541 4390 ἐπίλογος
1557 4319 1606 4389 γάρ
1626 4318 1689 4380 αύξει
1705 4319 1747 4381 τάς

142 4390 240 4458 ἐνάτην,
255 4393 296 4446 καί
312 4390 356 4458 τὴν
368 4391 394 4464 γ’
406 4392 489 4447 εἰκάδα
502 4395 604 4468 όγδόην,
622 4397 663 4449 καί
683 4398 773 4471 ὁμοίως
786 4399 862 4463 σύτως
876 4402 921 4463 έως
965 4398 1103 4469 συμμοράς,
1120 4399 1295 4471 ἐπαγωνίζεται
1311 4399 1337 4453 δέ
1358 4402 1449 4462 πάντας
1468 4398 1534 4468 άρεθς
1551 4396 1616 4463 πλὴν
1630 4397 1747 4469 Αἰσχίνου

143 4473 282 4543 τριακάδος,
294 4470 430 4542 ἐπίῑῧθπῑρ,
440 4474 473 4536 ὣς
486 4474 606 4548 ἔγνωμεν,
617 4476 680 4529 κατά
690 4478 796 4546 σελήνην
807 4478 921 4551 ἀριθμοῦ.
964 4483 1013 4529 τῶν
1027 4476 1200 4549 ἐγκλημάτων,
1214 4478 1277 4541 αύξει
1287 4480 1348 4532 τετθ
1359 4480 1435 4542 πάθος
1446 4483 1477 4550 τῇ
1487 4480 1596 4531 δεινώσει
1605 4479 1747 4547 χρώμενος·

142 4570 180 4604 σιν
195 4551 219 4604 οί
236 4548 359 4618 Ἀθηναῖοι
379 4552 420 4604 καί
433 4551 481 4606 ἀπό
494 4557 537 4620 τῆς
553 4554 577 4606 α’
594 4554 636 4607 καί
655 4555 748 4619 εἰκάδος
766 4557 796 4610 τὰ
816 4558 920 4613 πλεῖστα
964 4554 1139 4621 ίηδέδείνωσις
1156 4556 1183 4609 ἐκ
1201 4563 1243 4623 τῆς
1258 4558 1414 4628 συγκρίσεως.
1451 4557 1481 4610 Αί
1495 4556 1543 4628 γάρ
1554 4555 1688 4626 συγκρίσεις
1700 4552 1749 4607 εἰσί

142 4628 217 4696 ᾱθτῆς
232 4634 300 4700 νῶτα
314 4628 446 4700 μεῑοθμενα
462 4632 579 4700 μαίνεται.
616 4634 651 4686 Tb
664 4635 691 4688 δέ
708 4635 734 4706 γ’
749 4636 788 4690 έπί
801 4639 858 4692 δέκα
879 4640 920 4693 καί
964 4640 1013 4689 τῶν
1027 4634 1163 4701 αὐξήσεων·
1178 4636 1281 4708 αύξομεν
1293 4636 1319 4690 δέ
1335 4635 1406 4690 σύτά
1420 4635 1501 4708 άγαθὰ
1516 4638 1592 4706 μόνον
1603 4676 1610 4699 ,
1622 4633 1688 4685 ἀλλά
1704 4635 1747 4685 καί

140 4707 184 4770 ἳέε
197 4707 274 4771 ωας
288 4706 333 4769 ἐως
347 4704 441 4770 ‘RQ
455 4705 549 4782 Ἀττικῇ
569 4712 682 4783 συνηθείᾳ
696 4714 819 4787 λέγουσιν.
845 4718 919 4781 Ἃςδί
964 4715 994 4768 τά
1010 4714 1116 4769 ἐναντία.
1155 4715 1378 4787 Εἶθ’ίυαδγκονή
1393 4713 1745 4787 δείνωσιςλάόη,ἐμέρισετθν

141 4783 243 4858 εἰπαμεν
254 4786 368 4857 λέγεσθαι
382 4784 406 4847 ἐξ
416 4785 575 4858 ύποστρορῆς,
588 4790 675 4853 ταύτας
687 4793 728 4845 καί
738 4794 866 4864 ρθινούσας
876 4815 918 4849 κα·
963 4797 1053 4865 χρόνον
1068 4792 1101 4856 εἰς
1113 4793 1233 4848 ἐνεστῶτα
1248 4795 1288 4848 καί
1305 4798 1486 4869 παρῳχηκότα,
1509 4795 1550 4848 καί
1564 4793 1594 4846 τά
1613 4794 1745 4863 πράγματα

140 4866 210 4920 λοθσι
225 4865 286 4938 μετά
297 4869 340 4919 τοῦ
354 4866 494 4936 προσθεῖναι
508 4866 553 4934 τῆν
564 4864 655 4940 ήμέραν
667 4870 770 4939 ἰκάστην
782 4873 862 4927 ἀπδοί
875 4874 918 4947 άρ-
963 4872 997 4935 εἰς
1006 4873 1158 4941 πηλικότητα
1173 4876 1213 4928 καί
1225 4877 1359 4943 ποιότητα,
1372 4877 1413 4929 καὶ
1421 4876 1545 4945 δεινότερα
1559 4872 1632 4927 εἰπὼν
1645 4872 1686 4925 καί
1695 4872 1746 4942 μεί·

140 4943 255 5015 ξαρίνηε.
270 4938 323 4997 υίον
337 4942 363 4996 α’
376 4944 501 5014 φθίνοντος
514 4946 554 4997 καί
567 4945 589 5015 β’
600 4948 641 4999 καί
653 4946 791 5011 ἀκολούθως
806 4949 844 5004 ἀεί
857 4953 919 5023 χρή-
962 4953 1032 5013 ζονα.
1071 4951 1125 5005 Ἵνα
1140 4951 1211 5024 δέμῆ
1225 4954 1296 5025 ψιλόν
1310 4956 1441 5022 ποιήσηται
1458 4954 1501 5007 τδν
1514 4953 1704 5023 λόγον,ῶσπερ
1718 4948 1745 5003 ἐν

141 5024 228 5074 σασθαι
248 5027 279 5093 τῇ
300 5022 440 5095 προσθήκη,
467 5024 609 5096 ἐπειδήπερ,
633 5024 665 5089 ώς
689 5026 800 5100 εἴπαμεν,
826 5031 917 5101 ρθίνειν
962 5032 1088 5104 τραγῳδίᾳ
1106 5032 1323 5105 δεινολογούμενος
1343 5033 1508 5105 παραμίγνυσι
1521 5032 1562 5084 καί
1581 5030 1623 5084 τάν
1648 5029 1674 5083 ἔκ
1694 5034 1743 5081 τίἶθ

140 5102 221 5169 ῶσπερ
239 5102 280 5153 καί
297 5102 433 5172 ρθείρεσθαι
447 5105 519 5157 δοκεῖ
532 5105 562 5157 τά
579 5111 655 5176 ρῶτα.
693 5105 743 5173 Τήν
762 5106 788 5161 δέ
801 5112 918 5179 τριακάδα
963 5112 1114 5182 πραγμάτων
1134 5115 1302 5183 παρεπόμενον
1321 5112 1412 5183 ρόδον,
1435 5112 1479 5163 ἵνα
1497 5110 1537 5163 καί
1559 5109 1633 5175 ότης
1650 5107 1744 5171 πόλεως

140 5174 256 5230 καλοῦσιν
269 5178 325 5244 ἐνην
338 5196 362 5232 τε
376 5180 493 5234 καίνέαν.
511 5182 683 5237 ACDGRTV.
962 5192 1071 5254 κίνδυνος
1090 5192 1228 5263 προστεθεὶς
1249 5191 1424 5264 χαλεπώτερον
1448 5190 1477 5244 ῑθ
1500 5192 1575 5253 πάθος
1599 5188 1740 5260 ἐθίύωιῖαί·

177 5256 238 5320 360,
254 5275 281 5324 9.
298 5255 355 5310 Ἔτι
368 5258 449 5312 τοίνυν
463 5261 491 5314 τό
506 5262 643 5333 μηδεμίαν]
657 5262 725 5334 Ἀχρι
738 5268 832 5319 τούτων
853 5266 918 5341 αθτῷ
962 5272 1078 5325 BFRSY.
