3967 5967
751 482 831 542 XXl.
859 481 960 541 xm
983 480 1155 540 ΜΕΙΔΙΟΥ.
1698 494 1752 543 τοι

145 618 174 670 ἀν
188 615 244 689 είχέ
257 636 306 681 τις,
326 615 463 686 ἀνενεγκὼν
481 612 520 667 ίπί
534 611 578 679 τὴν
598 613 666 685 φύσιν
686 612 759 667 αύτοῖι
773 611 817 679 τὴν
838 611 929 677 αίτίαν,
974 632 1018 678 νης
1035 612 1107 682 ρησίν
1128 612 1166 665 ύτι
1186 611 1211 665 ἐν
1232 611 1297 682 αύτῷ
1310 616 1346 683 τῷ
1363 609 1474 682 ἐσκέρθαι
1493 610 1660 674 πολλάκιςτί
1678 613 1760 668 δίκαια

145 695 256 750 ἐνδοῦναι
276 697 317 749 καλ
338 694 371 767 μὴ
388 696 480 766 σρόδρα
500 693 648 766 ὀργίζεσθαι.
689 693 718 745 El
738 692 764 746 δέ
783 694 870 763 πέφυκε
889 692 931 745 καί
975 690 1106 762 ἔσκεμμαι.
1149 690 1178 743 '0
1200 690 1248 762 γάρ
1265 692 1380 761 περὶτῶν
1398 690 1477 744 αύτῶν
1499 698 1607 762 συνεχῶς
1626 691 1761 762 ἀνιρευνῶν

144 792 203 847 προς
225 778 308 844 ἐτερον
327 773 599 845 μετασχηματίζεσθαι,
623 769 660 837 εἴη
681 771 711 822 ἀν
733 770 821 824 λοιπδν
838 768 866 822 ού
887 773 931 836 τῆς
974 767 1093 832 ούτοςκαλ
1103 768 1148 836 τὴν
1158 771 1274 838 ἀληθειαν
1287 771 1389 842 εύρίσκει
1400 771 1441 822 καὶ
1452 774 1540 841 μεῖζον
1552 771 1622 825 ούδέν
1634 771 1760 844 λέγειτῶν

143 856 234 927 τύχης,
250 853 315 906 ἀλλὰ
330 858 373 919 τῆς
384 855 485 924 γνώμης
500 851 529 904 τδ
540 852 711 921 κατηγόρημα.
974 850 1063 917 όντων,
1078 850 1146 913 είδὼς
1160 853 1198 904 ύτι
1214 850 1376 923 ἐξελέγχεται.
1414 852 1515 913 Μειδίας
1525 852 1551 906 δέ
1569 854 1643 924 μηδὲν
1656 858 1760 909 σκεπτό·

181 934 246 1002 575,
260 938 286 986 6.
303 933 381 985 ίίύλιν
395 931 487 991 ἐκεῖνος
503 929 716 1000 αύτδςδνύμεῖς]
731 928 761 981 Τί
775 934 810 999 τῷ
821 927 930 998 σχήματι
970 951 1047 1005 μενος
1061 931 1102 984 διά
1116 937 1188 986 τοῦτο
1200 934 1342 1003 θρασύτερός
1356 932 1406 985 ἐστι
1418 934 1458 985 καί
1473 935 1549 1005 μείζω
1562 940 1605 987 τοῦ
1617 936 1723 997 δέοντος.
1778 942 1789 967 ⁸

142 1014 286 1086 προσέχειςς
299 1010 344 1078 τὴν
358 1012 420 1078 ὅλην
431 1014 534 1081 γνώμην
548 1009 680 1073 ύπόπτευε,
693 1008 733 1080 ἀρ’
749 1002 777 1073 ἧς
789 1008 804 1075 ἡ
818 1008 930 1061 ταπεινό·
1015 1011 1057 1074 Ὦς
1069 1012 1205 1084 ἐσκεμμένα
1211 1013 1253 1065 καί
1265 1015 1476 1084 παρεσκευασμένα
1485 1015 1564 1067 πάντα
1574 1014 1640 1085 λέγω
1650 1017 1703 1088 νῦν]
1716 1013 1761 1068 Ἐκ

144 1115 187 1162 της
200 1094 240 1147 διά
253 1093 296 1147 τὀν
310 1094 387 1165 ρόῦον
406 1091 566 1162 συμῦέῦηκεν.
605 1087 646 1141 ’Λν
661 1088 725 1161 ρύγη
745 1088 788 1141 τδν
806 1088 928 1150 κίνδυνον,
970 1096 1019 1144 τοῦ
1033 1092 1087 1162 περί
1099 1094 1203 1165 μεθόδου
1217 1095 1356 1161 δεινότηκος
1370 1095 1424 1165 περί
1436 1095 1617 1165 προσποιήσεως
1628 1102 1637 1162 (
1647 1099 1760 1153 Hermo·

145 1174 239 1228 ἐκεῖνον
254 1174 307 1245 δύαι
321 1174 364 1226 τδν
378 1171 488 1233 ἀλαζόνα
500 1170 541 1223 καί
555 1170 680 1239 τύραννον.
975 1189 1035 1241 gen.
1052 1172 1101 1229 νοΙ,
1118 1174 1150 1237 3,
1163 1192 1190 1245 p.
1207 1176 1285 1241 θοαί
1306 1196 1317 1220 ν
1335 1172 1360 1227 ἐν
1372 1177 1403 1244 τῇ
1417 1175 1529 1246 δικανικῃ
1537 1214 1545 1237 ,
1558 1175 1603 1226 κάν
1614 1174 1761 1246 ἐσκεμμένος

182 1255 248 1325 575,
266 1270 307 1307 10.
326 1251 402 1323 Ἐμοί
415 1251 499 1305 παιδία
513 1248 556 1301 Ούκ
575 1249 657 1319 ἐστίν]
677 1244 786 1312 ’Μκῦολὴ
803 1246 845 1299 καί
858 1249 931 1299 τοῦτο
978 1271 989 1298 α
1007 1250 1084 1322 ἥκῃς,
1106 1256 1239 1321 προσποιοῦ
1253 1252 1353 1305 αὐτόθεν
1372 1251 1463 1323 λέγειν,
1482 1252 1548 1305 ὅτιὸ
1568 1253 1682 1320 δικαστὴς
1701 1254 1759 1308 [mo-

144 1334 214 1401 ἐλέου
228 1334 276 1388 ἀπδ
290 1339 337 1387 τῶν
350 1333 443 1386 παίδων
459 1329 522 1383 κατὰ
542 1329 683 1399 παράθεσιν.
725 1326 829 1398 ’ίέκείνιρ
847 1326 931 1379 παιδία
977 1331 1086 1384 ιπτεύει
1100 1332 1143 1383 τον
1156 1331 1247 1402 ῥήτορα
1258 1332 1299 1384 καὶ
1310 1332 1401 1386 δέδοικε
1412 1330 1445 1402 μὴ
1461 1330 1642 1402 ἐξαπατηθῇ.»
1673 1330 1761 1385 νὈδί

145 1416 249 1469 δέδωκεν
269 1414 284 1481 ἡ
301 1413 385 1485 ρύσις,
408 1410 462 1483 ἐμοί
485 1410 511 1463 δέ
534 1409 577 1462 υύκ
590 1408 667 1464 ἔστιν.
706 1407 774 1460 Κατὰ
794 1412 867 1461 τοῦτο
887 1402 930 1459 σύν
975 1411 1131 1480 Δημοσθένης
1150 1412 1310 1484 ὁμολογήσας
1334 1410 1446 1482 ἐσκέφθαι
1469 1410 1548 1464 αίτιον
1570 1411 1674 1484 ύπέρηνε
1698 1412 1759 1466 Μεα

145 1495 250 1547 ἐλαττον
265 1493 310 1555 ἐξω
329 1492 370 1546 καλ
387 1491 544 1562 ἀδικούμενος
561 1488 603 1541 καὶ
618 1494 666 1541 τῶν
681 1487 790 1558 ἐχόντων
805 1489 894 1549 παῖδας
907 1486 931 1540 οί
976 1493 1039 1546 δίαν.
1058 1492 1111 1549 ΒΥ.

143 1575 244 1638 ἄπαιδες
259 1577 345 1646 χεῖρον
357 1572 558 1638 διατεθήσοντκις
1012 1575 1078 1642 576,
1092 1588 1135 1626 20.
1149 1571 1296 1642 Γεγραρέναι
1311 1589 1354 1642 μοι
1364 1571 1407 1626 τδν
1422 1571 1500 1638 λόγον
1514 1569 1636 1642 Μειδίαν]
1653 1572 1762 1643 Πρόσρο-

182 1655 247 1723 575,
267 1654 308 1710 15,
326 1653 387 1715 Τούς
401 1653 489 1723 νόμους
503 1650 594 1720 ἔχοντά
609 1649 656 1720 με]
671 1648 701 1700 Τί
721 1647 845 1719 σεμνύνῃ,
870 1648 931 1700 Μει·
973 1672 1018 1722 ρον
1033 1652 1106 1703 αῦτοῦ
1117 1654 1148 1722 τῇ
1159 1652 1227 1722 μύσει
1238 1652 1266 1704 τό
1280 1651 1438 1703 σκέπτεσθαι·
1453 1650 1492 1702 διδ
1503 1651 1544 1702 καί
1556 1650 1691 1722 ὁμολογεῖ,
1707 1651 1762 1706 όδέ

141 1735 199 1798 δία,
215 1734 347 1805 προτείνων
359 1733 415 1794 τούς
433 1732 535 1793 παῖδας
551 1728 603 1799 ἐχω
614 1728 731 1791 καλλίους
741 1729 861 1781 δεικνύναι
874 1731 930 1782 παῖ·
976 1731 1018 1792 τῖες
1032 1730 1141 1801 ἀρορμίις
1156 1731 1282 1793 δεδωκὼς,
1297 1730 1380 1800 φησίν,
1396 1724 1467 1792 οὗτος
1478 1731 1520 1783 τὀν
1532 1730 1610 1800 λόγον
1621 1733 1760 1798 συνέθηκεν.

142 1815 202 1877 δας,
217 1815 258 1876 οδς
272 1811 414 1883 αἰσχύνεται
427 1810 501 1864 πλέον
519 1810 547 1862 τδ
562 1807 727 1878 δικαστήριον,
743 1808 859 1860 δεικνύων
875 1808 932 1870 τούς
1013 1812 1080 1877 57θ,
1100 1826 1143 1863 αι.
1165 1807 1195 1860 '0
1209 1808 1256 1879 γάρ
1274 1808 1304 1862 τά
1319 1808 1381 1880 ἔργα
1401 1810 1580 1881 παρεσχηκὼς]
1602 1810 1759 1882 Σημείωσαι·

150 1895 255 1965 νόμους,
271 1892 312 1945 καί
323 1895 462 1962 καρποῦμαι
475 1887 520 1955 τὴν
536 1887 639 1943 εύνοιαν.
976 1892 1031 1961 όρος
1041 1889 1075 1960 ρῖς
1087 1893 1202 1960 πρότασιν
1217 1891 1356 1961 προοιμίου,
1374 1892 1405 1942 Β.

184 1974 251 2043 575,
270 1977 314 2035 24.
339 1972 386 2023 ίίαί
402 1971 480 2042 ῥητωρ
498 1969 562 2023 ἐστίν
577 1964 739 2039 ούτοςίσως]
762 1967 882 2042 Βούλεται
899 1969 931 2020 δι’
1013 1972 1078 2039 576,
1094 1972 1138 2024 23.
1154 1968 1448 2041 Ούδόμεριμνησαςτά
1463 1969 1562 2039 δίκαια]
1581 1967 1615 2024 Ὁ
1627 1971 1762 2043 μελετήσας

145 2050 220 2119 αιίτῆς
237 2055 280 2118 τῆς
292 2049 433 2121 ἐπιλογικῆς
451 2048 593 2110 ἀντιθέσεως
606 2050 753 2117 συγκροῦσαι
772 2045 815 2099 τδν
829 2047 931 2099 Μειδίαν
976 2048 1072 2116 τάληθῆ
1091 2050 1248 2120 κατηγορεῖν.
1262 2052 1292 2103 Ρ.
1330 2049 1383 2103 Καί
1396 2051 1436 2114 τί,
1455 2050 1528 2119 μησί,
1550 2051 1627 2121 μέγα,
1644 2051 1666 2103 εί
1679 2053 1762 2122 Δημο·

146 2130 204 2202 πρός
218 2130 273 2192 τούς
285 2130 400 2202 ῥήτορας,
416 2130 479 2182 ὥστε
494 2128 559 2200 αύτῷ
572 2126 604 2198 μὴ
617 2128 749 2180 συνειπεῖν.
778 2124 811 2180 Εί
823 2125 870 2197 γάρ
887 2128 932 2192 ύη-
975 2132 1073 2191 σθένους
1086 2131 1248 2195 καθάπτεταις
1266 2131 1308 2183 καί
1322 2129 1335 2182 ό
1347 2131 1425 2201 δῆμος
1443 2130 1504 2192 ἅπας
1517 2129 1578 2201 μετά
1596 2133 1764 2203 Δημοσθένους

148 2210 268 2281 μοσθένην
288 2215 366 2271 κακῶς
383 2209 466 2279 λέγει,
480 2208 557 2276 δῆλον
572 2209 610 2261 ότι
628 2205 670 2259 καλ
687 2205 782 2268 αύτούς.
820 2206 884 2279 Πρδς
904 2204 931 2260 δὲ
975 2210 1175 2277 διαύληθησεται.

147 2289 240 2350 τούτοις
253 2290 293 2341 καί
305 2288 369 2340 ἀλλο
389 2288 515 2341 συνανύει·
530 2289 610 2357 ῶσπερ
622 2285 670 2356 γίιρ
684 2284 723 2338 ἐπί
734 2291 783 2338 τῶν
799 2290 841 2353 τῆς
852 2285 932 2348 αίδοῦς
1012 2292 1077 2359 576,
1092 2306 1137 2358 α9,
1154 2286 1233 2361 Οἶμαι
1253 2290 1335 2342 τοίνυν
1357 2288 1430 2343 αύτδν
1444 2288 1499 2342 ούδέ
1517 2293 1561 2341 τοῦ
1579 2290 1679 2361 δημου]
1699 2291 1763 2363 Συγ.

144 2368 228 2421 τόπων
241 2368 283 2421 τόν
299 2368 342 2438 μέν
361 2367 464 2421 Μειδίαν
483 2366 587 2420 ἐδείκνυε
602 2364 635 2437 μὴ
649 2366 715 2429 ἀξιον
728 2364 825 2431 αίδοῦς,
845 2367 931 2420 έαυτδν
974 2369 1078 2439 κρούσας
1089 2368 1161 2422 αὐτὸν
1171 2370 1295 2430 δικασταῖς
1307 2369 1348 2421 καί
1359 2367 1458 2439 ῥήτορσι
1473 2368 1514 2421 καὶ
1527 2371 1560 2439 τῇ
1573 2367 1597 2430 ἐξ
1614 2367 1702 2439 ’λρείου
1714 2374 1763 2424 πέ-

141 2449 172 2503 δί
194 2448 234 2501 διά
248 2448 277 2502 τδ
299 2448 395 2520 μαῖλλον
412 2448 656 2519 λελειτουργηκέναι,
672 2447 736 2499 οὕτω
759 2447 801 2499 καί
817 2452 860 2500 νῦν
875 2450 930 2519 βού·
975 2468 1020 2519 γου
1034 2447 1113 2518 βουλῇ
1126 2447 1167 2499 καί
1180 2447 1277 2501 ίππεῦσι
1290 2448 1331 2500 καί
1343 2447 1453 2509 όπλίταις
1465 2447 1507 2500 καί
1518 2452 1666 2518 στρατηγοῖς
1678 2450 1764 2520 βούλει

145 2528 214 2583 λεται
233 2528 425 2600 αίδεσιμώτατον
446 2528 534 2581 έαυτδν
556 2527 678 2596 ἀποφῆναι
696 2526 736 2578 διὰ
757 2530 800 2593 τῆς
822 2532 866 2580 τοῦ
887 2528 930 2599 ρή-
974 2549 1014 2581 ται
1026 2529 1066 2582 καί
1081 2528 1153 2583 παντί
1166 2533 1202 2599 τῷ
1213 2527 1286 2598 δήμῳ
1298 2531 1455 2599 συγκροῦσαι,
1469 2528 1511 2580 καί
1522 2548 1595 2598 ρησιν
1606 2529 1644 2581 ότι
1653 2528 1763 2603 ἡγοῦμαι

145 2625 216 2678 τορος
226 2608 398 2678 προσηγορίας,
438 2604 775 2675 Ἄξιοςδὲαίδοῦςόρητωρ.
814 2605 892 2669 Είδῶς
906 2606 931 2660 δέ
975 2608 1048 2660 αύτδν
1063 2609 1161 2660 καὶτοῦ
1177 2607 1257 2676 δήμου
1273 2609 1430 2677 κατηγορεῖν.
1470 2606 1576 2659 Πιθανδν
1590 2606 1616 2661 δέ
1625 2609 1654 2661 τδ
1670 2613 1760 2680 νόημα·

144 2686 240 2749 πολλάς
253 2685 325 2748 ούσας
339 2684 453 2756 διαρορίις
465 2684 584 2756 ῥητόρων,
604 2685 645 2737 καί
658 2685 700 2737 τδν
720 2683 763 2755 μὲν
777 2685 836 2738 όντα
850 2686 930 2754 ἀληθῆ
975 2686 1051 2760 εέγάρ
1061 2690 1119 2741 πᾶσι
1132 2688 1184 2748 τοῖς
1193 2687 1374 2757 προειρημένοις
1388 2686 1532 2756 ἐλοιδορήθη
1543 2687 1584 2739 καί
1596 2687 1640 2740 ούκ
1655 2687 1762 2760 ἐροῦηθη

146 2764 253 2835 ῥήτορα,
274 2764 316 2817 τδν
336 2764 364 2819 δί
384 2764 520 2827 πολιτικόν,
537 2763 581 2816 τδν
596 2762 622 2816 δέ
641 2762 784 2827 κολακικὸν,
806 2763 849 2817 τὸν
865 2766 890 2818 δέ
908 2766 932 2828 ίξ
974 2767 1019 2834 τὴν
1031 2767 1089 2838 πρὸς
1102 2766 1200 2828 τούτους
1214 2765 1315 2838 ἔχθραν,
1331 2765 1386 2818 ούδέ
1401 2770 1444 2818 τοῦ
1459 2766 1537 2836 δήμου
1548 2767 1665 2836 ρείσεται,

146 2843 284 2914 ἐμπειρίας,
306 2842 360 2896 οίον
387 2843 500 2913 βούλεται
517 2843 558 2895 καί
581 2841 623 2894 τδν
643 2840 767 2911 Αἰσχίνην
787 2840 867 2908 εἶναι,
891 2845 931 2897 διὰ
1012 2848 1073 2918 577,
1090 2849 1116 2900 3.
1138 2846 1180 2909 Ὧς
1195 2848 1247 2899 όσοι
1261 2848 1315 2899 δέον
1328 2845 1413 2907 ἐξιέναι
1424 2846 1576 2917 κατέμενον]
1598 2842 1629 2898 ‘0
1643 2845 1686 2917 μὲν
1702 2847 1762 2899 Μει·

146 2924 219 2975 τοῦτο
230 2921 378 2994 ἐπισημασίρ
389 2922 505 2993 κέχρηται
516 2920 557 2973 καί
568 2939 640 2991 ρησιν
655 2942 666 2969 ι
689 2919 710 2973 εί
728 2920 771 2991 μέν
785 2919 879 2976 ἐκεῖνον
890 2923 931 2978 λέ·
976 2926 1029 2989 δίας
1041 2928 1127 2997 ράσκει
1143 2924 1175 2998 μὴ
1191 2926 1233 2979 τδν
1252 2927 1328 2987 ύντως
1341 2924 1415 2977 αύτοῦ
1433 2925 1607 2995 κατεψηφίσθαι
1615 2964 1623 2990 ,
1644 2923 1710 2976 ἀλλά
1729 2930 1764 2999 πῇ

148 3024 161 3051 ι
178 3022 216 3074 γει
236 3002 327 3074 ῥήτορα
348 3003 391 3056 τδν
412 3000 609 3072 συμδουλεύοντα
626 2999 657 3054 τά
672 3001 801 3071 κράτιστα,
823 3006 931 3059 τουτέστι
974 3004 1019 3076 μέν
1032 3006 1087 3067 τούς
1101 3003 1283 3075 ἀστρατεύτους,
1297 3005 1323 3056 οί
1334 3005 1388 3056 δέον
1402 3003 1487 3064 ἐξιέναι
1501 3002 1533 3065 είς
1545 3003 1588 3056 τδν
1597 3003 1707 3073 πόλεμον
1720 3025 1764 3057 κα·

146 3104 161 3132 κ
177 3083 220 3136 τόν
236 3083 372 3147 πολιτικὸν,
385 3083 489 3153 δέχομαι
503 3081 532 3134 τδ
550 3081 640 3151 ὄνομα.
677 3079 707 3131 Εἰ
720 3079 746 3132 δέ
763 3081 845 3152 ἕτερον
864 3082 931 3156 λέγει
973 3087 1075 3157 τέμενου
1090 3083 1114 3136 ἐν
1128 3088 1160 3156 τῇ
1172 3084 1252 3147 πόλει,
1263 3088 1298 3155 πῇ
1307 3083 1333 3137 δέ
1342 3083 1396 3145 τούς
1408 3082 1535 3143 λείποντας
1546 3080 1613 3150 [τίς]
1625 3082 1708 3145 τέξεις.
1732 3084 1763 3136 θί

146 3184 161 3211 α
175 3161 218 3216 τδν
230 3162 288 3234 πρδς
302 3163 374 3233 χάριν
389 3162 596 3231 δημηγοροῦντα,
615 3157 659 3211 οῦκ
671 3160 700 3210 ἂν
720 3156 758 3227 είη
775 3159 868 3224 ἐκεῖνος
885 3163 929 3234 §15-
974 3166 1022 3236 γὰρ
1035 3166 1179 3235 τεταγμένοι
1193 3166 1305 3234 φρουρεῖν
1320 3166 1437 3233 φυγόντες
1446 3160 1477 3213 τά
1487 3161 1588 3232 φρούρια
1601 3164 1655 3215 τότε
1668 3160 1762 3230 ἠκκλη-

149 3260 270 3313 κτωρ.»
309 3241 402 3295 Ούκοῦν
418 3239 447 3293 ἐν
461 3245 495 3312 τῷ
510 3238 585 3293 είπεῖν
609 3261 620 3287 ι
643 3238 673 3291 τά
693 3240 809 3309 κράτιστα
829 3244 932 3313 σομόου-
974 3247 1070 3310 σίαζον,
1085 3242 1169 3309 καλδὴ
1185 3243 1299 3305 καλξὲνοι
1313 3240 1559 3311 τινέςκαλχορευταὶ
1575 3246 1619 3293 τοῦ
1634 3243 1762 3312 Δημοσθέ-

146 3320 224 3374 λεύων
240 3344 251 3371 κ
266 3322 308 3374 καί
320 3327 369 3376 τῶν
388 3318 543 3393 συμδουλιῶν
564 3317 638 3372 αύτοῦ
651 3317 798 3387 θπέμνησεν,
816 3322 879 3374 ὥστε
895 3322 932 3374 αί-
974 3345 1045 3389 νους,
1063 3325 1088 3377 οἳ
1110 3325 1166 3395 παρ’
1178 3324 1252 3376 αλτοῦ
1269 3324 1395 3394 τραρέντες
1415 3321 1608 3392 κατεψηρίσαντό
1631 3341 1688 3392 μου.
1730 3321 1761 3375 Ὅ

146 3402 202 3464 δοῦς
214 3402 277 3463 ἄξιος
287 3406 393 3472 φανῆναι
403 3399 509 3471 μᾶλλον.
551 3395 672 3466 Ἀποσυλᾷ
683 3397 705 3447 δ’
720 3395 746 3449 ἐκ
762 3398 855 3452 τούτων
877 3403 932 3465 τούς
975 3408 1019 3473 δὲ,
1035 3408 1077 3462 τδν
1099 3407 1158 3459 όλον
1174 3407 1254 3476 δῆμον
1270 3405 1376 3474 ύόρίζει,
1397 3403 1471 3472 μησί,
1490 3402 1609 3473 χορευτὰς
1626 3404 1667 3455 καί
1684 3403 1763 3468 ξένους

146 3482 295 3551 wvw⁶9⁰⁰4
312 3479 385 3534 αὐτοῦ
396 3480 438 3532 καί
451 3477 578 3548 συίύέθίίῑῑ
590 3478 642 3537 Τθῖί
653 3474 775 3545 ίίίῖὓθσίί·
974 3487 1115 3541 ἀποκαλῶν.
1156 3486 1201 3538 Καὶ
1212 3485 1237 3537 τί
1252 3483 1401 3555 θαυμαστὸν,
1414 3482 1489 3552 ρησί,
1510 3481 1650 3544 λιποταξίου
1666 3482 1762 3555 γραρὴν

183 3562 250 3629 575.
273 3564 318 3615 28,
343 3560 417 3621 050¹)ss
441 3558 535 3628 ἐνίους]
557 3555 612 3608 Ἵνα
631 3552 664 3625 μὴ
688 3557 778 3617 πάθας
801 3556 932 3630 πολεμίους
974 3570 1016 3621 τὀν
1041 3568 1144 3622 Μειδίαν
1170 3567 1223 3618 κατ’
1246 3563 1305 3636 ἐμοῦ
1326 3564 1524 3627 κατασκευάζειν,
1540 3562 1554 3615 ό
1569 3563 1612 3617 τδν
1632 3565 1712 3635 δῆμον
1730 3566 1763 3629 είς

145 3636 224 3711 έαυτῷ
237 3640 386 3711 καταστήσῃ.
423 3639 466 3691 Διδ
478 3637 519 3690 καί
531 3634 669 3698 έλαττώσας
680 3633 724 3701 τὴν
737 3633 785 3688 ἀπὸ
795 3643 842 3690 τῶν
857 3642 932 3708 καθη·
974 3645 1117 3717 ἀστρατείαν
1138 3645 1264 3706 ὀνειδίζων
1285 3643 1327 3696 καί
1345 3641 1496 3709 λιποτάκτην
1508 3641 1607 3708 καλῶν;
1628 3643 1653 3695 οί
1670 3663 1695 3697 τε
1715 3645 1762 3717 γὰρ

146 3719 226 3788 μύθων
242 3718 319 3789 ἐξεῦρε
334 3718 448 3788 βθίίίῑῑαθ
463 3715 536 3770 ῑῖῶῖθ
551 3738 562 3765 ¹
578 3716 619 3768 ²¹²1
630 3715 699 3786 ὓμῑῖς
711 3715 736 3768 δὲ
749 3715 830 3786 ύρᾶῖί·
846 3740 857 3767 ⁹
973 3726 1128 3797 δρειλοντες,
1145 3724 1229 3796 ρησλν,
1246 3723 1353 3785 ἐξελθεῖν
1368 3722 1456 3793 ἔμενον
1472 3722 1513 3774 καί
1528 3722 1551 3774 οί
1563 3722 1594 3776 τά
1608 3725 1708 3795 φρούρια
1722 3746 1763 3796 ρο·

184 3800 251 3868 576»
267 3816 293 3867 7·
308 3798 354 3849 Καί
367 3797 448 3849 Οὐδενί
463 3798 586 3867 μέμφομαί
598 3798 606 3866 ί
620 3795 694 3862 Ἄλλη
710 3797 824 3866 θείαπῑίῑ
843 3818 931 3870 xmp·
973 3807 1103 3868 λάττοντες
1113 3804 1157 3872 τὴν
1175 3802 1284 3876 ρυλακὴν
1304 3803 1488 3857 ἐκλελοίπεσαν.
1525 3803 1636 3875 Φρούρια
1649 3805 1675 3858 δέ
1695 3806 1763 3877 λέγει

145 3879 222 3930 θοῦσά
235 3898 258 3931 τι
269 3878 403 3950 χρήσιμον,
418 3877 451 3939 ίυς
468 3876 582 3930 ούδέποτε
595 3875 654 3947 ύμῖν
668 3874 776 3946 όχληρδς
798 3874 929 3951 ἐγευόμην,
973 3887 1004 3941 τὰ
1023 3886 1111 3960 μςταξο
1126 3889 1169 3952 τῆς
1184 3883 1289 3951 Ἀττικῆς
1306 3883 1347 3937 καὶ
1365 3887 1408 3951 τῆς
1421 3883 1548 3945 Βοιωτίας,
1586 3884 1700 3957 Πολέμου
1713 3887 1762 3957 γὰρ

145 3957 203 4028 θπὲρ
215 3965 263 4011 τῶν
276 3959 424 4030 νφῑνῡμένωθ
438 3958 553 4027 ὄδύμενῡς
573 3955 615 4008 καί
629 3954 700 4018 ἆίῑῶθ
714 3957 833 4023 ῦωίῆθαῑι
871 3959 930 4012 Kat-
973 3970 1029 4023 τότε
1042 3968 1101 4039 πρδς
1114 3966 1234 4033 θηῦαίους
1247 3965 1317 4027 ὄντος
1332 3964 1373 4017 διά
1386 3961 1431 4029 τὴν
1449 3963 1564 4027 Εύῦοιαν,
1579 3962 1716 4036 ἀναγκαῖον
1730 3963 1761 4033 ἦν

147 4039 244 4109 &few
264 4039 314 4109 ύρῶ
327 4038 370 4092 ’ὠν
392 4038 494 4091 Μῑῑῧίῡυ
506 4039 611 4109 τρόπον·
628 4037 721 4098 θαϊίίὶῑ
739 4037 794 4099 τούς
813 4036 929 4111 ῥότυρας,
973 4047 1016 4110 τὰς
1026 4046 1053 4102 ἐκ
1062 4050 1105 4114 τῆς
1119 4044 1236 4108 Βοιωτίας
1248 4043 1361 4106 είσῦολάς
1372 4043 1437 4114 παρά
1454 4048 1503 4096 τῶν
1523 4039 1655 4109 Ἀθηναίων
1668 4045 1760 4115 ρυλάτ-

147 4117 187 4170 ’διά
199 4118 307 4190 ρητόρων
320 4118 440 4180 σώζεσθαι
452 4116 659 4189 προθυμούμενος.
862 4119 868 4130 “
974 4129 1066 4183 mum,

184 4201 250 4270 576,
271 4216 311 4251 ια.
330 4198 413 4251 Καίτοι
426 4204 478 4260 πῶς
492 4197 543 4251 ἐστι
557 4198 651 4250 δίκαιον
664 4195 771 4268 τούνομα
784 4196 828 4268 μέν
842 4201 929 4273 τοῦτο]
1288 4208 1328 4260 ζον

149 4278 272 4332 Ἐνταῦθα
290 4282 397 4348 ρανερῶς
419 4278 561 4347 συνέκρουσε
581 4275 636 4338 τούς
655 4275 758 4348 ῥήτορας
775 4281 811 4349 τῷ
831 4276 930 4349 Μειδίᾳ,
1011 4278 1076 4348 577,
1091 4281 1117 4340 ί..
1134 4275 1358 4346 Ἐξεκκλησὶασαν]
1374 4274 1547 4343 Συνήθροιζον.
1567 4274 1597 4324 B.

147 4360 189 4412 καί
206 4360 302 4431 μα’λλον
322 4356 395 4411 αύτοῦ
414 4359 563 4428 συνηγόρους
582 4358 708 4426 πεποίηκε.
747 4357 866 4411 Φαίνεται
883 4359 931 4431 γὰρ
1012 4356 1073 4424 577,
1088 4373 1115 4425 7.
1141 4353 1184 4416 Ὦς
1201 4353 1280 4407 ίσασιν
1296 4356 1354 4407 δσοι
1373 4357 1485 4424 παρῆσαν
1502 4352 1591 4422 ύμῶν]
1607 4350 1663 4412 Πῶς
1679 4351 1759 4422 λέγων

147 4438 218 4501 αύτδς
241 4439 283 4510 μέν
302 4437 361 4507 ύπέρ
378 4442 427 4490 τῶν
444 4436 587 4509 ὁμοτέχνων
606 4437 763 4509 ἀγανακτῶν,
786 4437 886 4502 Μειδίας
906 4441 932 4495 δέ
974 4435 1012 4485 ότι
1024 4436 1069 4494 παῖς
1081 4433 1096 4485 ό
1109 4435 1186 4504 δῆμος
1200 4430 1417 4503 κατεχειροτόνησε
1431 4429 1504 4483 πάλιν
1518 4428 1590 4498 φησὶν
1607 4450 1618 4477 ι
1640 4429 1694 4480 ὅσοι
1712 4448 1759 4482 πα·

145 4518 260 4590 ύόρίζων.
974 4516 1065 4583 ρῆσανς
1081 4533 1092 4561 ν
1108 4518 1204 4583 πρῶτον
1220 4511 1263 4582 μέν
1278 4512 1316 4563 ότι
1334 4508 1363 4562 ού
1377 4509 1435 4580 πρδς
1449 4509 1491 4562 τδν
1511 4509 1591 4579 δῆμόν
1606 4507 1670 4560 ἐστιν
1687 4508 1759 4561 όλό.

184 4599 251 4666 576,
273 4596 314 4651 15.
330 4595 402 4666 Τάχα
416 4596 495 4648 τοίνυν
512 4594 570 4657 ίσως
583 4596 624 4649 καί
646 4601 761 4666 τοιαῦτα]
772 4599 838 4651 Μίαν
855 4593 930 4650 οὖσαν
974 4612 1033 4659 τος,
1054 4589 1120 4643 ἀλλὰ
1140 4591 1199 4661 πρύτ
1218 4590 1273 4652 ῒῡθὶ
1293 4588 1407 4650 ῧλῑαΰῖᾶς
1426 4590 1496 4659 μέρος
1513 4589 1584 4649 ὄντας
1598 4592 1643 4640 τοῦ
1660 4587 1756 4658 δόμου·

148 4674 173 4740 ἐξ
185 4676 263 4748 ἀρχῆς
275 4675 319 4743 τὴν
332 4674 452 4729 ἀντίθεσιν
463 4674 522 4745 δίχα
542 4674 613 4746 ἔτεμε
628 4676 686 4746 πρδς
706 4696 724 4747 χ
726 4677 839 4749 ρησιμον.
877 4677 930 4730 Ἦν
973 4670 1042 4724 ούδέν
1056 4665 1099 4723 ούν
1113 4669 1203 4723 ἐκώλυέ
1215 4688 1282 4731 τινας
1297 4668 1321 4730 ἐξ
1335 4667 1414 4722 αύτῶν
1424 4670 1464 4722 καί
1476 4665 1661 4738 ἀπολελεῖρθαν
1676 4666 1758 4721 ἐπιιτα

147 4756 195 4828 γάρ
208 4757 316 4823 τοιαύτη·
330 4754 410 4826 όότιυρ
420 4751 489 4816 ούτός
501 4753 551 4807 ἐστι
565 4754 607 4807 καί
623 4757 702 4809 πάντα
714 4755 930 4829 ἐσκεμμέναλέγει
973 4754 1011 4805 ότι
1023 4750 1138 4822 ἐνεχώρει
1149 4749 1216 4813 τινάς
1232 4750 1258 4803 ἐκ
1272 4750 1365 4803 τούτων
1385 4747 1509 4803 εἶναιτῶν
1527 4747 1559 4809 είς
1570 4747 1674 4800 Εύόοιαν
1684 4766 1758 4818 στρα·

147 4837 188 4890 καλ
200 4836 420 4909 παρεσκευασμένα.
458 4831 488 4887 Ὁ
501 4833 527 4887 δὲ
537 4834 629 4888 διεῖλεν
642 4833 716 4900 αύτήν
728 4842 823 4906 πρῶτον
841 4835 884 4907 μίν
899 4837 931 4899 είς
972 4832 1136 4902 τευσαμένων,
1622 4867 1624 4869 .

147 4917 177 4970 εδ
193 4940 203 4968 ι
220 4916 301 4989 ῥητωρ
315 4915 390 4980 ἐστίν,
405 4936 416 4964 ν
429 4914 473 4967 ίνα
486 4914 528 4966 καί
541 4913 585 4980 τὴν
598 4912 659 4967 αίδῶ
671 4914 735 4986 παρά
746 4921 795 4968 τῶν
809 4916 929 4969 δικαστῶν
1009 4910 1085 4964 ’Ὥστε
1099 4915 1178 4971 κακῶς
1193 4908 1295 4981 λέγων]
1312 4908 1407 4962 θύκοῦν
1428 4906 1529 4974 σύνηθες
1542 4905 1608 4979 αύτῷ
1619 4906 1663 4959 τόν
1677 4906 1758 4976 δῆμον

147 4995 226 5069 ἐαυτῷ
238 4995 342 5069 κινήσῃ,
358 4994 399 5048 καί
411 4994 466 5056 τούς
478 4993 569 5056 ἀλλους
586 4992 687 5065 ῥήτορας
701 4993 759 5065 πρὸς
772 4994 815 5048 τόν
827 4994 929 5048 Μειδίαν
972 4991 1087 5061 ύδρίζειν.
1121 4989 1157 5040 Δι’
1171 4985 1262 5060 ὧνγίιρ
1276 4987 1413 5059 ἠπείλειτῷ
1427 4988 1555 5059 θαρροῦντι
1568 4987 1634 5057 μέρει
1647 4985 1757 5057 καίέρό·

148 5076 294 5147 συγκρούση.
331 5074 447 5145 Δεύτερον
467 5072 493 5126 δέ
511 5072 540 5126 τδ
558 5072 623 5125 ἀλλο
644 5074 714 5144 μέρος
737 5072 826 5141 ἔθηκε,
843 5075 872 5127 τδ
892 5075 930 5129 ότι
973 5074 1020 5137 ῦει,
1029 5071 1069 5125 διίι
1078 5071 1169 5125 τούτων
1182 5070 1245 5142 ᾤετο
1257 5071 1299 5123 τόν
1309 5068 1370 5123 όλον
1383 5071 1462 5140 δῆμον
1475 5068 1718 5122 καταδουλώσασθαι.

149 5175 162 5202 ι
177 5152 313 5225 ἐσκεμμένα
324 5174 353 5227 γε
364 5155 442 5208 πάντα
452 5153 530 5227 λέγει.
545 5176 558 5204 υ
597 5154 643 5206 Καί
658 5158 688 5226 τῇ
698 5153 768 5206 λύσει
780 5155 842 5207 πάνυ
861 5153 929 5207 ἐνδό·
1010 5154 1077 5224 575,
1094 5169 1136 5206 ιι.
1147 5152 1183 5224 ’ῌ
1198 5151 1240 5206 καί
1255 5151 1344 5222 γελοῖα
1358 5148 1440 5219 εἶναι]
1456 5149 1499 5202 Διό
1520 5148 1562 5202 καί
1579 5148 1668 5220 γελοῖα
1682 5167 1754 5221 νομι-

148 5230 193 5295 ξως
207 5231 338 5304 ἐχρήσατο.
376 5234 426 5287 Τοῦ
443 5233 491 5306 γάρ
504 5234 605 5289 Μειδίου
621 5233 738 5304 λέγοντος
749 5234 787 5286 δτι
803 5236 929 5289 σκίπτεται
972 5236 1040 5288 στέον
1050 5231 1081 5286 τά
1093 5237 1134 5285 νῦν
1147 5233 1252 5303 δάκρυα·
1267 5238 1316 5297 πῶς
1327 5231 1375 5303 γὰρ
1389 5231 1403 5284 ό
1416 5232 1496 5286 πάντα
1512 5230 1586 5302 [τόν]
1600 5231 1680 5301 δῆμον
1691 5229 1755 5300 ύόρί·

148 5312 227 5366 πάντα
238 5312 279 5366 καί
290 5314 348 5385 πρός
357 5312 385 5368 τδ
398 5316 483 5385 μεῖζον
495 5313 581 5385 ἐξαίρει
592 5314 646 5377 τούς
655 5314 762 5385 λόγους,
780 5312 793 5367 ό
805 5314 928 5384 Δημοσθέ-
971 5317 1021 5377 ζων
1033 5312 1065 5374 ιὐς
1076 5311 1187 5373 ταπεινδς
1197 5312 1226 5364 ἀν
1241 5310 1353 5377 ίλεοῖτος

1590 5407 1625 5450 ss.
