3967 5967
766 428 848 502 τιτι.
872 442 971 503 xm
994 444 1165 535 ιιτιοιοε.
1705 460 1758 516 ενι

198 568 265 634 536,
282 585 305 623 ι.
318 568 409 640 Είγδρ
425 567 519 640 ίκάστῳ
532 574 581 623 τῶν
597 570 788 641 χορηγούντων]
804 571 939 642 Μληρώσας
983 574 1085 646 δύναμιν
1117 580 1159 642 τῆς
1185 575 1326 639 ἀντιθέσεως
1349 576 1491 644 ίνήλλαξεν.
1538 578 1610 635 Οῦτω
1631 582 1679 653 γάρ
1695 585 1764 640 ἂνό

161 644 203 696 καί
215 646 256 698 τόν
269 644 317 699 άπδ
330 650 374 700 τοῦ
392 646 502 700 ίναντίου
515 649 589 701 τόπον
604 646 732 719 ἔπιλογική
746 647 843 701 ἑκόάσει
864 649 938 719 ἐχρή·
983 652 1083 716 Μειδίας
1102 655 1257 726 προήγαγεν·
1281 678 1292 704 ι
1314 655 1372 707 ἀλλ’
1389 656 1458 711 ούδίν
1471 660 1590 721 πίπονθας
1610 661 1700 727 δεινόν,
1715 664 1763 731 Δη-

160 742 220 777 σατο
235 725 331 779 τελικόν
344 726 435 799 ίχούση
446 727 589 797 κεφάλαιον,
602 727 640 779 δτι
651 725 728 789 ούδελς
740 726 850 794 ἐθελήσει
861 748 938 798 χορη·
985 734 1138 801 ομοοοενες·
1154 734 1208 787 οὔτε
1220 734 1267 806 γὰρ
1282 736 1367 798 σκέλος
1385 735 1576 807 ἐπηρώθηςοῦςς
1590 742 1675 812 χεῖρας
1694 762 1762 797 ωας.

159 801 203 872 γδς
217 802 278 857 ίκὼν
297 808 463 871 καταστῆναι,
479 804 576 874 μέλλων
590 810 689 858 τοιαῦτα
707 806 810 875 πάσχειν
830 805 876 859 ύπδ
890 812 938 859 τῶν
985 812 1229 882 ιτρίόηςούτ’άλλο
1248 814 1391 882 τηλικοῦτον
1404 816 1483 871 ούδίν.
1520 818 1575 880 Πῶς
1587 814 1631 872 οῦν
1645 819 1720 884 αύξεις
1733 825 1762 876 τὸ
1872 826 1876 833 ’

160 880 264 952 ‘Wu-
301 884 405 951 ἳύνηθῑε
418 883 690 956 Μαθτῷπληρύσαντι
706 885 837 955 κεραλαιον
855 885 939 940 ἐπιλο-
985 893 1112 961 «πρᾶγμα
1121 891 1163 945 καί
1183 893 1288 946 θανάτου
1306 898 1390 965 τιμᾷςς
1404 918 1416 944 ν
1432 895 1537 967 Ἴδωμεν
1557 893 1600 950 ούν
1614 900 1655 952 καί
1671 901 1761 970 ταύτην

158 962 278 1032 γίίῑνθνῑ·
982 966 1026 1033 τήν
1038 968 1168 1029 ἀντίθεσιν.
1201 994 1212 1022 ι
1228 973 1291 1026 ίλθδί
1301 973 1349 1045 γάρ
1360 975 1426 1028 τοῦτ’
1441 974 1506 1028 ίστιν
1519 976 1607 1043 εἰπεῖν,
1620 979 1654 1041 ὡς
1666 978 1716 1050 ἐγὼ
1727 988 1763 1053 τῷ

196 1042 261 1105 536,
277 1060 303 1112 7.
319 1040 403 1103 Ὅστις
416 1040 478 1095 ίκδυν
493 1043 522 1094 ἂν
537 1042 594 1113 μίαν
610 1039 743 1113 δραχμήν]
768 1040 869 1108 Ἐπειδὴ
883 1043 938 1095 κατ’
986 1047 1237 1123 ιλόγῳςλπρᾶγμα
1250 1058 1292 1105 νῦν
1310 1051 1409 1123 αίρω.»
1449 1053 1553 1122 Τοιαύτη
1567 1051 1597 1122 ήν
1615 1054 1762 1122 ήάντίθεσις

159 1119 268 1191 άνάγκην
288 1122 432 1174 καθίσταντο
452 1121 572 1192 χορηγοὶ,
595 1120 636 1173 διίι
653 1125 725 1175 τοῦτο
743 1118 797 1174 είπε
813 1142 823 1171 ι
838 1121 894 1184 τοῦς
912 1121 938 1175 lu
980 1132 1024 1180 τοῦ
1040 1129 1156 1193 Μειδίου,
1174 1127 1308 1184 ἔλαττοῦσα
1322 1130 1350 1184 τ“ο
1366 1133 1507 1202 γινόμενον,
1523 1134 1557 1196 ίος
1572 1134 1619 1204 άρα
1632 1134 1713 1198 ίκανδς
1731 1136 1762 1190 τά

161 1221 174 1249 ιι
189 1202 347 1272 προαιρίσεως
358 1200 540 1272 φιλοτιμεῖσθαι
554 1201 715 1272 βουλομένους
729 1199 859 1271 ἀπείρξετε.
877 1224 888 1250 ο
982 1205 1056 1276 μικρά
1071 1204 1163 1279 ίγεῖραι
1177 1208 1307 1280 τῷλόγῳ·
1326 1210 1405 1262 δεινδν
1416 1210 1464 1281 γὰρ
1477 1211 1544 1264 οῦδὲν
1558 1211 1585 1266 ίκ
1598 1214 1690 1267 τούτων
1702 1234 1763 1287 συμ·

195 1280 259 1342 536,
278 1295 320 1335 12.
347 1278 417 1350 Ἐγὼ
436 1280 536 1351 τοίνυν]
553 1278 679 1333 Ἐντεῦθεν
702 1279 741 1333 έπλ
762 1280 805 1333 τόν
820 1284 863 1333 τοῦ
884 1279 937 1332 ίσου
982 1285 1093 1353 δίθηκεν.
1134 1286 1198 1340 Ἀλλ’
1212 1285 1282 1350 οὗτος
1294 1287 1339 1353 τήν
1349 1291 1446 1359 πρώτην
1462 1289 1600 1362 εἰσαγωγήν
1613 1296 1655 1359 τῆς
1668 1292 1762 1350 amne.

159 1357 311 1427 μεταῦαίνειν
332 1358 445 1428 βούλεται
464 1359 538 1412 τόπον
551 1359 593 1412 καί
612 1360 728 1430 κίχρηται
743 1359 935 1430 προεπαγγελίρ.
980 1381 1040 1425 σεως
1050 1364 1115 1435 παρά
1126 1372 1174 1420 τῶν
1186 1368 1305 1419 δικαστῶν
1316 1366 1414 1431 ἔλαθεν,
1426 1369 1469 1420 ἵνα
1478 1369 1542 1441 δείξῃ
1551 1370 1593 1422 τδν
1605 1369 1647 1440 μίν
1658 1373 1760 1426 Μειδίαν

158 1436 262 1502 Σύνηθες
274 1436 321 1508 γάρ
334 1437 459 1490 καὶτοῦτο
472 1443 508 1510 τῷ
518 1438 674 1509 Δημοσθένει.
686 1438 759 1490 BSY.
980 1441 1025 1495 ούκ
1040 1443 1131 1514 ίχοντα
1144 1445 1231 1499 λοιπδν
1247 1448 1262 1499 ό
1279 1465 1304 1499 τι
1318 1445 1515 1517 άπολογήσεται,
1528 1449 1586 1511 τούς
1603 1449 1630 1502 δύ
1647 1452 1761 1516 δικαστάς

194 1514 259 1579 536,
273 1520 315 1579 εή,
329 1516 412 1569 Καίτοι
422 1518 494 1569 πᾶσιν
506 1515 582 1587 ύμῖν]
599 1514 725 1569 Ἐντεῦθεν
739 1513 773 1575 είς
782 1513 825 1567 τόν
835 1513 882 1569 άπύ
893 1519 936 1570 τοῦ
980 1519 1177 1591 άμριῦάλλοντας
1190 1524 1243 1593 περί
1256 1529 1300 1577 τοῦ
1313 1524 1458 1595 τιμήματος.
1482 1526 1563 1593 Δῆλον
1575 1523 1618 1581 σύν
1630 1527 1657 1583 ία
1667 1532 1760 1585 τούτων

158 1591 211 1647 ίσου
225 1596 299 1650 τόντον
314 1596 447 1668 μεταόῆναι
460 1594 582 1665 βούλεται.
980 1601 1018 1652 ότι
1035 1602 1168 1670 πηλικότης
1181 1602 1247 1656 ἐστίν
1267 1602 1283 1668 ίγ
1301 1602 1473 1675 ἐξεταζομένη·
1490 1606 1543 1676 περί
1562 1606 1610 1678 γὰρ
1625 1610 1761 1679 ποσότητος

193 1674 258 1741 536,
276 1692 318 1745 19.
337 1674 430 1747 Ἐχρῆν
444 1675 493 1747 γάρ
506 1674 597 1746 αύτδν]
619 1673 647 1726 Δ’
659 1676 732 1737 τόπος
746 1672 794 1728 άπδ
811 1677 854 1727 τοῦ
871 1672 935 1728 ίσου.
979 1684 1023 1732 τοῦ
1035 1681 1169 1752 τιμήματός
1181 1681 1244 1734 ίστιν
1256 1681 1272 1749 ή
1283 1684 1393 1750 ζήτησις.

156 1753 229 1806 BSY.
1015 1759 1045 1812 Εί
1062 1762 1161 1832 τοίνυν]
1182 1759 1303 1815 Ἐνταῦθα
1325 1761 1341 1829 ή
1359 1763 1507 1831 πηλικότης,
1520 1764 1573 1830 ήτις
1590 1768 1696 1837 περιέχει
1715 1769 1759 1840 μὲν

194 1832 261 1895 536,
281 1837 326 1886 26.
345 1831 419 1902 Ἐμοί
431 1832 471 1898 δί,
486 1834 513 1894 δς
527 1830 574 1885 είτε
588 1850 639 1896 τις,
654 1828 676 1884 ὦ
693 1831 777 1901 ἄνδρες
795 1829 937 1904 Ἀθηναῖοι]
979 1839 1077 1906 αύξησιν
1090 1843 1133 1892 τοῦ
1150 1841 1313 1910 πραχθέντος,
1328 1842 1446 1911 διαφόρως
1460 1842 1486 1895 δί
1502 1843 1592 1909 ἢκαεδ
1606 1846 1635 1899 τί)
1652 1847 1711 1917 πρός
1723 1867 1758 1902 τι,

157 1910 235 1963 Τοῦτό
249 1910 313 1964 ίστιν
332 1909 432 1978 ἠθικόν·
453 1910 605 1983 ίπαινεῖγίιρ
627 1911 701 1963 αύτοῦ
715 1909 759 1976 τὴν
778 1911 933 1982 φιλοτιμίαν·
983 1915 1025 1979 Ἐξ
1036 1915 1177 1980 ἀντιθέσεως
1187 1919 1213 1971 δὲ
1225 1917 1344 1988 εἰσήχθη,
1357 1919 1409 1985 ήτις
1424 1918 1449 1972 ἐν
1469 1921 1519 1993 Spq,
1530 1921 1623 1991 γίνεται
1635 1925 1718 1996 μόνιρ
1733 1924 1759 1979 ίν

157 1991 198 2042 καὶ
210 1991 254 2043 ἵνα
268 1991 311 2063 μίν
331 1991 422 2064 αύξήσγγ
438 1991 466 2045 τθ
484 1991 618 2063 άνάλωμα,
633 1992 721 2063 μανίαν
742 1991 815 2046 αύτοῦ
828 1994 935 2064 κατηγό-
978 1995 1027 2067 γάρ
1040 2001 1093 2059 ταῖς
1112 1997 1200 2060 άλλαις
1220 1999 1332 2050 στάσεσιν
1354 1996 1370 2064 ὴ
1393 1999 1526 2066 πηλικότης
1543 1997 1685 2072 ύπιλογικήν
1704 2002 1759 2074 ἔχει

157 2091 240 2140 ρησεν,
260 2071 286 2125 ίκ
302 2076 345 2125 τοῦ
358 2073 466 2125 καθόλου
478 2074 661 2143 πιστωσάμενος
681 2074 719 2124 ότι
731 2073 811 2125 πάντα
829 2072 859 2125 τά
878 2073 935 2145 ύτθρ
978 2078 1072 2146 χώραν·
1088 2076 1185 2144 αύξησιν
1196 2077 1244 2148 γάρ
1256 2076 1310 2146 ἔχει
1320 2083 1369 2129 τῶν
1381 2076 1517 2149 ίπιλόγων·
1536 2078 1561 2131 ἐν
1575 2080 1626 2151 δρερ
1646 2080 1673 2134 δὲ
1683 2101 1757 2152 κερα·

156 2151 258 2221 δύναμιν
274 2152 349 2223 μανία
363 2150 436 2205 ἐστίν.
474 2151 529 2206 Ἵνα
540 2150 566 2204 θλ
580 2149 614 2223 μή
622 2149 730 2222 ,άλογίιις
741 2152 819 2214 όντως
829 2156 893 2224 φανῇ
907 2153 935 2206 τό
977 2153 1049 2207 λαίου
1060 2155 1161 2224 δύναμιν
1174 2154 1226 2224 ἔχει
1236 2154 1276 2207 διὰ
1286 2154 1330 2222 τὴν
1342 2158 1474 2223 στενότητα
1485 2162 1533 2209 τῶν
1547 2155 1759 2231 ίντῷόρῳκερα-

156 2230 292 2304 ἀνάλωμα,
312 2233 469 2302 προσέθηκεν,
497 2230 574 2285 ιεῖτε
588 2231 629 2284 καί
647 2231 787 2302 φιλοτιμία,
809 2253 820 2281 ε
844 2231 936 2293 δεικνύς
978 2233 1065 2289 λαίων.
1080 2236 1153 2288 BSY.
1190 2235 1343 2306 Σημείωσαι·
1358 2234 1528 2302 ἡπηλικότης.
1540 2239 1571 2291 Β.

154 2312 194 2364 ότι
207 2311 247 2364 διά
258 2310 398 2382 φιλοτιμίαν
414 2317 499 2383 μικροῦ
515 2311 545 2365 τά
556 2317 604 2364 τῶν
619 2312 772 2382 μαινομίνων
786 2309 885 2381 ἔπραξα.
1014 2315 1075 2383 537,
1086 2319 1113 2368 6.
1123 2313 1158 2367 Ού
1167 2315 1215 2385 γάρ
1223 2313 1274 2367 ἔστι
1283 2316 1388 2387 δίκαιον]
1402 2314 1536 2376 λντίθεσις.
1546 2317 1576 2368 Β.
1590 2314 1676 2380 Οθδὲν,
1686 2319 1756 2388 φησί,

191 2391 252 2460 537,
273 2408 301 2448 1.
314 2389 391 2445 Ὥστε
406 2392 466 2461 μηδὲ
480 2396 528 2444 τῶν
542 2390 612 2461 ίερῶν
633 2391 736 2461 ἱματίων
747 2392 755 2460 ]
768 2390 870 2455 Ταύταις
881 2395 935 2455 ταῖς
977 2394 1064 2464 γίγονε
1080 2393 1159 2446 δεινόν
1173 2392 1227 2446 ούδί
1240 2395 1312 2463 φόνος
1326 2395 1342 2461 ἢ
1363 2395 1470 2464 πήρωσις
1482 2390 1523 2445 διά
1542 2391 1587 2459 τὴν
1604 2393 1665 2465 ἐμήν
1685 2395 1758 2451 ίπιεί-

154 2473 300 2541 προσθήκαις
313 2472 342 2524 τό
354 2470 473 2525 ίδιωτικδν
487 2470 520 2533 είς
532 2470 560 2523 τ“ο
573 2471 692 2543 δημόσιον
705 2471 855 2541 μεθίστησιν.
977 2491 1055 2536 κειαν,
1071 2472 1099 2524 ού
1113 2472 1154 2524 διὰ
1166 2471 1210 2539 τήν
1223 2473 1336 2526 Μειδίου.
1376 2471 1406 2525 ‘0
1417 2472 1460 2545 μίν
1474 2471 1522 2543 γάρ
1536 2474 1615 2527 πάντα
1628 2473 1659 2527 τά
1672 2474 1705 2538 είς
1718 2475 1758 2528 αύ-

191 2552 258 2620 537,
274 2552 300 2603 3.
316 2550 348 2603 Et
357 2551 438 2604 τοίνυν
450 2570 485 2612 τις
495 2550 573 2621 δρῶν,
586 2547 607 2603 ὦ
619 2550 703 2620 ἄνδρες
715 2549 853 2623 Ἀθηναῖοι]
867 2551 935 2618 Πλη.
977 2552 1020 2604 τόν
1035 2552 1127 2617 ἥκοντα
1147 2552 1288 2618 πεποίηκεν,
1309 2551 1361 2618 ἐγὼ
1379 2552 1405 2606 δὲ
1425 2551 1458 2623 μή
1474 2552 1600 2622 βουληθείς
1621 2552 1758 2625 άμύναοθαι

154 2632 232 2701 ρώσας
246 2630 309 2683 άπαν
321 2628 351 2681 τό
362 2630 421 2699 πρός
433 2648 456 2682 τι
468 2629 587 2699 μετῆλθεν
601 2627 693 2694 έπίτήν
705 2629 866 2695 πηλικότητα,
882 2630 934 2695 ήτις
976 2630 1098 2698 παρέσχον
1111 2626 1220 2701 ἀφορμὴν
1235 2633 1278 2680 τοῦ
1293 2627 1367 2699 μηδὲν
1382 2628 1514 2695 ἀνήκεστον
1528 2630 1649 2700 γενέσθαι.

154 2710 261 2778 περιέχει
276 2706 319 2777 μὲν
336 2706 434 2773 αύξησιν
448 2707 489 2759 καί
501 2706 560 2773 αύτή
573 2712 616 2760 τοῦ
635 2708 797 2777 πραχθέντος,
817 2708 934 2779 διαφόρως
1012 2708 1078 2776 537,
1094 2712 1120 2761 8.
1140 2706 1214 2759 ’λλλίι
1226 2707 1268 2761 τδν
1281 2707 1323 2779 μίν
1334 2707 1344 2778 ]
1356 2708 1405 2773 Τῆς
1415 2707 1577 2776 πηλικότητος
1587 2707 1705 2774 άντίθεσις
1715 2713 1757 2766 καί

151 2786 180 2839 δὲ
193 2788 209 2852 ή
221 2786 282 2839 κατίι
293 2785 322 2839 τό
333 2786 392 2855 πρός
405 2804 436 2837 τι·
452 2785 476 2839 ἔν
487 2784 572 2855 ίκείνῳ
583 2784 626 2857 μίν
635 2784 684 2856 γάρ
695 2786 724 2839 τδ
735 2787 853 2857 δημόσιον
865 2787 935 2855 ηύξη-
976 2783 1064 2851 ταύτης
1076 2784 1153 2846 λύσις.
1168 2786 1222 2837 BY.

154 2884 207 2933 σεν,
222 2863 278 2918 οἷον
293 2865 322 2918 τύ
336 2863 398 2918 κατά
411 2865 454 2918 τόν
465 2866 586 2935 χορηγδν,
597 2863 621 2918 ἔν
635 2865 710 2937 ταύτῃ
720 2864 747 2917 δύ
759 2865 788 2917 τό
801 2864 931 2932 ίδιωτικδν,
1012 2862 1081 2932 537,
1102 2880 1143 2917 10.
1158 2863 1221 2916 Οθδί
1240 2862 1287 2934 γάρ
1301 2857 1333 2915 αθ
1350 2864 1416 2917 τοῦτ’
1428 2862 1493 2916 ίστιν
1515 2863 1610 2933 εἰπεῖν]
1625 2864 1756 2938 Ἐπίκρισις

154 2945 183 2998 τό
197 2944 259 2999 κατὰ
272 2943 315 3007 τίς
327 2944 433 3012 πληγάς.
455 2945 502 2997 Καὶ
512 2944 541 2997 τδ
555 2943 598 3014 μίν
607 2946 665 3016 πρός
678 2963 702 2998 τι
713 2950 762 2997 τῶν
778 2944 803 2997 ίν
820 2944 933 3019 αύτῷτῷ
975 2941 1005 2998 τό
1018 2945 1114 3013 σχῆμα.
1134 2944 1165 2997 Β.
1202 2941 1266 3008 λύτη
1280 2938 1311 3009 ἦν
1325 2940 1341 3009 ίη
1355 2941 1380 3005 ἐξ
1400 2940 1477 3013 άρχῆς
1490 2946 1532 2995 τοῦ
1546 2943 1647 2997 Μειδίου
1660 2944 1755 3011 άντίθε·

155 3025 248 3095 θεάτρῳ
258 3024 300 3078 καί
310 3027 342 3097 τῇ
353 3024 486 3095 πανηγύρει
499 3023 656 3095 πραχθέντων
669 3022 723 3094 ἔχει
735 3022 779 3090 τήν
791 3023 932 3093 ίξέτασιν,ή
976 3041 1012 3082 σις
1027 3042 1037 3069 ι
1052 3026 1088 3091 τῷ
1099 3019 1170 3091 λόγῳ
1181 3019 1211 3072 τά
1224 3022 1356 3092 πράγματα
1367 3020 1457 3092 φοόερὰ
1468 3024 1555 3087 ποιεῖς,
1568 3023 1665 3086 ούδτνδς
1675 3026 1755 3079 δεινοῦ

152 3103 179 3156 a}
191 3103 323 3170 πηλικότης
336 3103 442 3156 καθόλου
455 3103 508 3174 περί
519 3102 608 3173 ύθρεως
620 3106 726 3156 ποιεῖται
737 3103 779 3157 τόν
792 3102 880 3174 λόγον,
894 3106 932 3159 ότι
978 3099 1172 3171 νγῑγννθῐνω
1214 3097 1244 3150 Ὅ
1257 3098 1320 3152 Μῦν
1334 3098 1400 3171 ἆρχῇ
1414 3100 1457 3171 μίν
1476 3099 1581 3171 θφνὸήθη
1594 3101 1754 3174 θοῖνανπρο·

152 3183 231 3236 δεινόν
248 3182 351 3253 ὴόόρις·
367 3184 430 3236 ὥστε
442 3181 497 3235 ίκεῖ
506 3182 549 3253 μίν
562 3184 591 3236 τδ
606 3181 736 3250 ίδιωτικδν,
751 3181 854 3236 ἐνταῦθα
866 3184 892 3238 δί
903 3185 931 3239 τό
974 3177 1058 3230 λαθὼν
1073 3178 1099 3231 δὲ
1111 3180 1165 3239 ταῖς
1180 3176 1263 3230 δίῦῑνῑ
1282 3178 1389 3241 καλῐαῖς
1404 3181 1561 3241 mmm&
1575 3179 1618 3233 tbv
1632 3180 1753 3252 ἆνρναῐήν

152 3263 248 3331 γενιχδυ
261 3260 421 3324 ἐξετάζεσθαι.
459 3261 505 3313 Καὶ
521 3260 546 3314 ἓν
561 3260 603 3331 μέν
623 3262 727 3333 ςῷςςρής
748 3281 772 3315 ςς
785 3261 858 3316 παντὶ
870 3283 930 3334 προ.
977 3279 988 3308 ε
1005 3258 1043 3310 ότι
1056 3256 1096 3309 διά
1109 3255 1152 3322 τὴν
1169 3254 1296 3310 άπίείκειαν
1311 3254 1354 3321 τήν
1371 3254 1432 3327 ίμὴν
1452 3256 1520 3310 οῦδὲν
1534 3259 1620 3328 γέγονε
1633 3261 1750 3324 δεινόν,ν

152 3342 222 3409 σάγει
234 3339 279 3406 τήν
293 3340 400 3408 αὔξησιν,
418 3339 443 3394 ίν
459 3339 485 3393 δὲ
496 3343 527 3412 τῇ
539 3340 685 3407 πηλικότητί
696 3359 751 3394 τινα
765 3341 807 3393 καί
825 3339 928 3398 ἐλάττω,
974 3338 1029 3390 τότε
1039 3335 1111 3403 ἔθηκε
1123 3340 1230 3405 φανερῶς
1243 3336 1282 3386 δτι
1293 3333 1338 3386 ούκ
1349 3332 1481 3404 ὠφελεῖται
1493 3335 1594 3398 Μειδίας
1605 3342 1680 3390 ταῦτα
1692 3358 1753 3409 προ-

151 3419 219 3481 Αύξει
234 3419 276 3490 μὲν
295 3410 343 3490 γάρ
360 3416 405 3484 τήν
422 3418 523 3471 Μειδίου
545 3420 697 3490 θρασύτητα,
716 3421 829 3491 καθαιρεῖ
844 3421 870 3473 δὲ
885 3419 930 3488 τήν
973 3415 1135 3487 όαλλόμενος,
1151 3414 1305 3484 δεδειγμίνου
1318 3416 1370 3475 τοῖς
1382 3415 1506 3476 δικασταῖς
1518 3416 1556 3467 δτι
1568 3415 1596 3468 ού
1608 3416 1640 3468 δι’
1647 3414 1751 3484 ἐκεῖνον,

152 3496 237 3550 ίαυτοῦ
249 3500 362 3568 γνώμην,
376 3499 409 3560 ὡς
422 3497 526 3552 ἔλαττον
541 3503 584 3553 τοῦ
597 3500 760 3570 προσήκοντος
773 3499 812 3554 ῶς]
827 3504 879 3564 τοῖς
891 3523 930 3575 φς.
973 3493 1040 3547 άλλά
1052 3495 1083 3546 δι’
1096 3493 1169 3547 αύτδν
1182 3491 1253 3545 οῦδὲν
1268 3491 1401 3558 ἀνήκεστον
1412 3492 1523 3562 γέγονεν.

151 3576 261 3647 νομίνοις
274 3576 471 3646 παροξυνθεῖσαν,
510 3578 586 3631 Ἴδιον
604 3579 631 3632 δί
647 3579 753 3650 μάλιστα
769 3580 931 3649 πηλικότητος
1009 3574 1076 3643 537,
1093 3573 1135 3626 ¹3·
1151 3570 1214 3624 'm’
1228 3570 1307 3624 {W
1322 3570 1441 3641 ἅπαθθῑς]
1454 3570 1553 3640 Πρώῐνς
1563 3571 1643 3638 τίθηνῑ
1655 3570 1752 3635 fiem-

151 3652 184 3725 με]
200 3656 274 3724 μόνον
287 3652 375 3719 αύξειν,
390 3654 456 3707 ἀλλά
469 3657 577 3709 τινακαὶ
596 3660 688 3727 μειοῦν,
727 3657 857 3728 Καχςῖμίο
874 3659 930 3731 ὡρῑ.
973 3650 1159 3724 ραδειγματικάς
1169 3651 1269 3713 πίστεις,
1283 3649 1445 3719 πιθανωτέρας
1456 3647 1528 3711 ούσας
1542 3652 1594 3712 τοῖς
1613 3649 1750 3705 άκούουσιν.

149 3734 250 3803 σμένους
261 3734 347 3795 τόπους
360 3732 505 3805 ίγύμνασεν,
521 3734 624 3788 ἐνταῦθα
637 3735 663 3789 δί
677 3735 760 3798 άπλῶς
772 3736 888 3807 άσρίστως
899 3738 929 3792 τά
972 3732 1007 3784 θθ
1022 3728 1070 3803 μὴν
1085 3731 1125 3785 ἕο]
1137 3730 1230 3784 τούτων
1253 3728 1318 3782 ίντῑν
1333 3727 1409 3782 νίπεῖν
1424 3727 1472 3782 &nb
1485 3732 1529 3782 τοῦ
1550 3729 1660 3800 μείζονος
1673 3730 1689 3798 ἢ
1703 3730 1752 3786 άπδ

149 3811 300 3882 ἐμπίπτοντα
310 3812 495 3883 παραλαμθάνει
506 3813 564 3885 πρθς
581 3813 689 3882 αῦξησιν.
728 3814 784 3867 Ἐτι
797 3815 855 3885 πρός
873 3816 928 3869 τού·
971 3814 1016 3863 τοῦ
1031 3810 1176 3872 ίλάττονοτ,
1193 3809 1274 3878 ὥσπερ
1288 3806 1313 3859 ἓν
1328 3808 1478 3878 τῷπρόςτι·
1498 3806 1567 3862 οῦδὲν
1580 3807 1628 3880 γάρ
1639 3814 1751 3864 τοιοῦτον

148 3907 198 3950 τοις
215 3887 241 3942 ίν
255 3889 327 3943 παντί
346 3889 466 3962 τῷλόγῳ
484 3897 580 3961 πρῶτον
597 3890 640 3962 μὶν
661 3891 742 3944 τάττει
755 3890 785 3944 τά
805 3895 926 3963 δημόσια,
972 3889 997 3944 ίν
1009 3889 1093 3952 αύταῖς
1104 3889 1283 3959 καταφαίνεται.

147 3967 258 4038 δεύτερον
271 3967 298 4021 δὲ
311 3966 342 4020 τά
361 3966 487 4035 ίδιωτικά,
501 3970 544 4023 ἵνα
565 3968 607 4021 διδ
619 3973 662 4037 τῆς
676 3969 774 4023 ίκείνων
787 3970 928 4042 προλήψεως
1008 3972 1072 4040 537,
1093 3975 1134 4023 ι6.
1153 3968 1262 4040 Ἰσχυρός
1277 3987 1311 4029 τις
1323 3962 1353 4035 ήν
1369 3966 1460 4038 μέλας]
1477 3962 1522 4020 Ἐκ
1533 3967 1633 4022 πολλῶν
1643 3968 1750 4041 σημείων

147 4047 189 4098 καί
208 4051 283 4101 ταῦτα
303 4047 336 4108 θνς
354 4048 461 4119 δημόσια
477 4048 600 4119 φαίνηται.
639 4048 686 4101 Kal
707 4053 750 4103 νῦν
765 4043 808 4102 ούν
830 4048 928 4113 εἰκότως
971 4048 1074 4120 ίπιφέρει
1086 4048 1130 4115 τήν
1145 4047 1255 4119 μνήμην,
1271 4045 1324 4117 ἔχει
1335 4044 1362 4099 δί
1372 4044 1415 4098 καλ
1425 4049 1467 4111 τῆς
1479 4045 1570 4115 θύρεως
1583 4044 1694 4116 ἔμφασιν.
1721 4045 1751 4099 ’0

146 4126 258 4196 δευείραν
273 4125 340 4188 ίταξε
357 4124 401 4192 τήν
419 4128 572 4197 πηλικότητα
586 4132 630 4181 τοῦ
647 4129 707 4200 πρός
724 4147 761 4181 τι·
775 4128 818 4181 καί
836 4128 927 4200 γάρτό
970 4127 1181 4201 παγκρατιαστής,
1194 4127 1208 4179 ό
1223 4126 1421 4198 γεγυμνασμένος
1434 4125 1460 4178 ἔν
1471 4131 1507 4196 τῷ
1519 4125 1663 4190 τύπτεσθαι,
1675 4127 1749 4196 φησί,

145 4203 268 4257 ίδιωτικλν
280 4204 305 4259 ίν
317 4205 379 4278 αύτή
393 4208 558 4279 περιείληφεν·
576 4206 600 4269 ίξ
619 4207 760 4269 άντιθίσεως
777 4207 803 4261 δί
817 4207 925 4279 ἐπήγαγε
971 4211 1012 4264 καί
1029 4212 1107 4281 ρίρειν
1121 4207 1217 4279 πληγὰς
1230 4206 1387 4278 ἐπιστάμενος
1409 4204 1453 4258 οῦκ
1466 4203 1555 4275 ήνεγκε
1574 4205 1713 4271 ττιπτηθείς·
1732 4204 1749 4272 ίγ

147 4280 191 4345 τὴν
212 4281 379 4349 πηλικότητα·
404 4289 476 4339 τοῦτο
489 4287 515 4339 δθ
529 4286 555 4340 ίν
569 4288 620 4359 δρω
635 4288 746 4358 γίγνεται
764 4287 841 4358 μόνῳ.
883 4286 925 4340 Ἐν
969 4287 1018 4359 γάρ
1031 4289 1096 4361 θόρις
1109 4286 1154 4353 τήν
1168 4284 1255 4357 όργήν,
1272 4284 1319 4354 ούχ
1332 4284 1346 4337 ό
1359 4286 1433 4345 πόνος
1446 4282 1565 4350 ἐκίνησεν.
1604 4280 1628 4335 Ἀ
1666 4282 1751 4336 ιόόλου

147 4358 195 4428 γάρ
207 4363 259 4420 ταῖς
270 4362 380 4414 στάσεσιν
390 4361 407 4429 ἡ
418 4365 550 4431 πηλικότης
559 4364 703 4436 έπιλογικήν
713 4366 766 4435 ίχει
775 4365 819 4430 τήν
829 4367 922 4436 χώραν·
969 4367 996 4420 δὲ
1009 4368 1078 4429 ὄντος
1092 4372 1135 4420 τοῦ
1145 4364 1257 4436 ῥηθίντος
1271 4361 1309 4429 τίη
1324 4363 1353 4414 ἂν
1367 4360 1436 4432 όμίν
1449 4358 1554 4421 Εύθυνος
1567 4357 1623 4413 όλυ
1690 4382 1716 4427 ς,
1735 4359 1749 4415 ό

147 4436 245 4505 αὔξησιν
258 4438 306 4510 γάρ
323 4438 390 4509 ίχει·
406 4448 454 4495 τῶν
469 4444 494 4496 δί
508 4444 657 4516 ίπιλόγωνίη
674 4445 784 4513 αὔξησις,
797 4445 822 4498 ἐν
838 4448 889 4518 θριρ
899 4447 925 4501 δί
969 4445 996 4499 δί
1010 4444 1151 4504 ἀποκτείνας
1162 4442 1176 4495 ὁ
1188 4440 1307 4511 Σώφιλον·

147 4518 278 4586 κεφαλαίου
292 4517 394 4589 δύναμιν
415 4519 468 4590 ίχει
487 4522 527 4574 διά
545 4523 672 4595 τὴνφύσιν
685 4530 729 4577 τοῦ
743 4527 814 4597 ὅρου·
830 4524 856 4578 ίν
877 4525 925 4597 γάρ
1005 4524 1070 4591 537,
1098 4526 1137 4576 18.
1157 4519 1200 4573 Ἐν
1220 4517 1335 4587 συνουσίᾳ
1351 4515 1399 4570 τινί
1416 4515 1456 4568 καλ
1478 4516 1604 4589 διατριῦῇ]
1620 4516 1748 4588 Τετραπλή

146 4598 198 4657 τοῖς
208 4598 288 4667 ὅροις,
307 4595 332 4649 ίν
346 4592 383 4659 οίς
400 4599 506 4668 μάλιστα
526 4602 686 4673 ὁμολογεῖται
699 4603 728 4656 τό
744 4605 923 4675 πεπραγμένον,
969 4598 1033 4653 ἔστιν
1047 4599 1063 4665 ίγ
1076 4603 1119 4665 της
1128 4597 1290 4665 πηλικότητος
1299 4594 1408 4666 ἐργασία·
1421 4596 1536 4666 καθαιρεῖ
1544 4592 1574 4647 τά
1587 4598 1634 4649 τῶν
1650 4595 1746 4663 ἄλλων,

145 4675 200 4745 περὶ
217 4674 315 4742 αύξησίν
337 4675 402 4729 ἐστιν
416 4676 432 4742 ίγ
445 4680 511 4732 πάσα
529 4680 627 4747 ζήτησις
647 4687 695 4734 τῶν
713 4681 862 4752 κεφαλαίων,
881 4686 924 4735 τοῦ
968 4680 1006 4732 ότι
1018 4677 1091 4748 μικρά
1101 4677 1218 4738 παθόντες
1232 4674 1345 4748 μεγάλως
1356 4672 1497 4743 ἠμύναντο,
1513 4672 1554 4726 καὶ
1565 4672 1629 4736 αύξει
1642 4674 1673 4726 τά
1692 4676 1746 4729 καθ’

145 4753 189 4822 μὲν
203 4755 340 4825 κατηγόρου
353 4755 381 4808 τό
394 4758 477 4827 μεῖζον
490 4756 636 4828 ἐπάγοντος,
651 4764 693 4813 τοῦ
704 4759 730 4813 δί
743 4761 874 4832 φεύγοντος
886 4760 925 4815 ίπί
968 4757 1063 4821 ίαυτδν,
1078 4758 1117 4810 δτι
1134 4755 1231 4827 μεγάλα
1244 4755 1327 4809 παθὼν
1345 4752 1396 4805 ow
1409 4751 1474 4815 όλως
1490 4750 1631 4825 ἠμυνάμην,
1647 4754 1688 4805 καί
1701 4756 1747 4807 πά·

144 4832 174 4884 τό
194 4832 297 4886 ἔλαττον
311 4831 496 4899 άποκλίναντος,
534 4836 610 4891 Ὥστε
630 4837 698 4891 ούδίν
717 4840 806 4893 κωλύει
825 4836 923 4906 καλτήν
967 4837 1007 4889 λιν
1027 4836 1091 4898 αύξει
1114 4836 1157 4907 μέν
1171 4832 1215 4900 τήν
1236 4834 1338 4887 Μειδίου
1360 4831 1511 4901 θρασύτητα,
1531 4830 1645 4902 καθαιρεῖ
1660 4831 1686 4885 δὲ
1703 4830 1747 4899 τήν

144 4910 298 4979 πηλικότητα
317 4911 415 4981 αύξησιν
429 4913 535 4985 ίχυυσαν
549 4918 680 4988 κεφαλαίου
698 4916 765 4987 ίχειν
784 4914 829 4984 τήν
851 4917 922 4987 ἔργα·
967 4913 1053 4969 ἑαυτοῦ
1064 4916 1166 4985 γνώμην
1180 4912 1213 4974 ὡς
1224 4909 1327 4964 ίλαττον
1344 4913 1388 4962 τοῦ
1401 4908 1497 4970 δίοντος
1509 4908 1707 4980 παροξυνθεῖσαν,
1723 4909 1748 4973 ίξ

145 4990 210 5053 σίαν,
223 4996 266 5043 τοῦ
280 4991 323 5063 μίν
337 4993 450 5057 αύξοντσς
463 4993 487 5048 ίν
500 4995 595 5061 αύτοῖς,
608 4996 690 5050 τοῦδί
704 5000 838 5068 μειοῦντος.
854 4995 923 5067 Παρά
966 4991 1002 5048 ὧν
1021 4994 1146 5048 ἐπιείκειαν
1168 4991 1245 5065 ἐαυτῷ
1263 4990 1390 5061 μαρτυρεῖ.
1427 4987 1473 5041 Kal
1484 4992 1579 5058 πρῶτον
1594 4988 1637 5060 μίν
1654 4989 1684 5041 τὰ
1699 4994 1748 5042 τῶν

145 5067 172 5121 δί
191 5074 239 5121 τῶν
258 5071 377 5126 δικαστῶν
398 5071 537 5145 είληφετήν
554 5073 684 5139 άντίθεσιν,
702 5075 821 5137 εἰκότως.Ι
850 5075 923 5130 Ἐστι
966 5074 1092 5128 παθόντων
1111 5070 1219 5123 ἐλαττοῖ.
1256 5066 1366 5139 Σώφιλος
1377 5067 1418 5119 καί
1434 5066 1530 5119 Εύαίων
1550 5064 1599 5137 ἰδία
1615 5067 1746 5133 τυπτηθίν·

144 5145 192 5216 γάρ
202 5148 255 5218 πρ]
266 5152 401 5221 τιμήματος
414 5153 428 5206 ό
443 5153 533 5224 λόγος·
545 5153 573 5207 τό
587 5153 613 5206 δὲ
628 5155 743 5224 τιμᾶσθαι
755 5157 835 5206 τοῦτο
847 5173 921 5221 κατη-
965 5172 1018 5216 τες,
1034 5150 1075 5205 καί
1087 5150 1165 5223 ρίλων
1179 5146 1288 5202 ίναντίον
1301 5144 1342 5200 καλ
1353 5143 1378 5198 ἐν
1391 5146 1495 5217 δείπνῳ,
1508 5146 1549 5198 καί
1558 5142 1617 5198 ἔνθα
1632 5143 1665 5217 μὴ
1681 5145 1748 5215 βαδί-

143 5226 220 5297 γόρου
231 5227 272 5279 καί
285 5234 333 5282 τῶν
345 5232 463 5285 δικαστῶν
477 5229 553 5286 ἔστιν.
582 5230 864 5301 Συνήθωςδὲκάνταῦθα
878 5231 921 5299 τήν
965 5235 1016 5294 ζειν
1031 5228 1085 5295 ίξῆν
1097 5228 1193 5293 αύτοῖς,
1206 5230 1274 5299 δμως
1287 5226 1364 5285 ούτως
1374 5224 1531 5295 ὠργίσθησαν
1547 5224 1610 5277 ὥστε
1629 5220 1671 5276 καί
1684 5220 1746 5274 άπο·
