3967 5967
250 487 309 540 ιω
786 483 927 579 εκοιιι
950 484 1013 545 ωε
1032 486 1302 549 ωιιιοεεενιιν.

247 610 291 663 τόν
305 608 444 663 Μακεδόνα.
481 590 541 663 Οίδε
557 610 605 682 γάρ
620 611 646 665 ἐν
657 616 734 685 καιρῷ
744 613 851 668 ἰπαινεῖν
869 616 909 668 καί
923 616 965 671 τδν
979 637 1024 671 πο-
1105 624 1154 685 4ε,
1168 637 1211 675 ει.
1232 620 1391 692 ἰίατέπτηχε]
1406 622 1567 674 ταπεινοῦται.
1604 619 1666 674 Οθτε
1677 619 1725 694 γάρ
1738 618 1753 675 ό
1767 626 1844 693 μισῶν
1953 608 1961 629 ⁸

249 688 344 761 λίμιον.
357 690 458 743 TCFV.
1070 696 1186 767 βλάπτει,
1201 697 1241 751 διά
1259 698 1287 752 εδ
1304 695 1368 770 ὴμᾶς
1384 699 1510 770 ῥᾳθυμεῖν,
1524 698 1605 753 ούτεό
1624 701 1708 764 δεδιὼς
1722 702 1803 773 ἕτερόν
1821 723 1845 757 τι

282 772 331 832 41,
350 783 395 821 22.
418 765 484 819 ’ἀλλ’
498 766 674 839 είδεν]Τοῖτο
692 768 736 823 ούκ
754 769 805 824 ίστι
823 776 939 826 τοσοῦτον
956 773 1023 827 ἀπαι·
1069 779 1187 845 φρονῆσαι
1201 776 1312 829 δύναται·
1332 776 1529 848 ἐπισφαλέςγάρ·
1544 776 1600 830 ούτε
1618 778 1633 831 ό
1650 779 1787 849 βασκαίνων
1801 780 1844 834 ἀν·
1944 784 1947 791 ’

248 850 347 906 νοόντος
364 845 407 899 τδν
422 845 545 900 Φθιιππον
559 848 617 901 δσον
636 846 793 918 ἰπιτιμῶντος
808 852 860 911 τοῖς
875 849 1021 917 Ἀθηναίοις,
1068 855 1193 920 τιστῆναι·
1215 853 1332 907 ἀδύνατον
1354 856 1410 926 γάρ.
1433 856 1532 910 B'mv.
1572 853 1722 911 Ἀντιπῖπεον
1736 858 1762 911 δέ
1780 859 1842 915 λύει.
1929 902 1934 911 .

247 924 285 976 ότι
298 924 407 989 ἅπαντα,
421 924 438 976 ά
452 921 501 976 ίόει
515 923 600 987 αύτούς
610 930 725 993 ποιῆσαι,
742 926 866 990 Φίλιππος
879 929 1023 999 προλαμόά·
1069 929 1123 983 Ἵνα
1138 931 1185 1003 γάρ
1205 932 1239 1005 μή
1251 952 1286 995 τις
1302 932 1373 1007 είπη,
1390 940 1440 996 πῶς
1454 929 1509 999 οδν,
1524 933 1546 988 εί
1565 940 1675 1008 μισοῦσιν
1698 936 1781 1004 οώτδν,
1801 939 1845 991 ούκ

247 1019 282 1053 νει
293 1007 380 1055 ποιῶν.
394 1002 423 1057 B.
461 1001 512 1056 Ούκ
524 1002 623 1057 ἔπαινον
638 1003 691 1076 ἐχει
705 1009 748 1059 τού
763 1006 889 1062 Φιλίππου
901 1010 977 1079 μόνον
990 1010 1024 1073 ώς
1069 1007 1210 1080 ἀφίστανται
1223 1012 1310 1078 αύτούς
1325 1011 1409 1083 ἐπάγει
1424 1014 1462 1065 ότι
1474 1013 1573 1076 άκοντες
1583 1014 1624 1066 καί
1636 1014 1784 1085 φοόοθμενοι
1797 1016 1845 1070 εἰσί

245 1080 326 1141 καλῶς
335 1099 359 1133 τι
371 1082 526 1148 ποιήσαντος,
539 1082 605 1135 ἀλλά
618 1084 660 1137 καί
667 1084 805 1156 προτροπὴν
817 1092 866 1141 τῶν
880 1086 1022 1155 Ἀθηναίων.
1069 1093 1121 1161 μετ’
1136 1091 1242 1160 ἐκείνου,
1262 1095 1303 1148 διά
1318 1095 1346 1149 εδ
1367 1094 1400 1166 μὴ
1415 1096 1531 1167 εὑρίσκειν
1553 1097 1608 1150 τινά
1625 1097 1765 1170 καταφυγὴν
1785 1101 1845 1171 πρὸς

247 1158 393 1229 Μιμήσασθε
406 1160 468 1232 γὰρ,
486 1162 560 1232 φησί,
581 1162 623 1216 καί
640 1163 709 1235 ύμεῖς
724 1164 754 1217 τά
776 1166 856 1230 καλῶς
875 1168 1020 1238 πραχθέντα.
1067 1169 1131 1242 ὴμῖς
1146 1171 1250 1245 ῥᾳθυμίᾳ
1272 1177 1457 1246 κατεχομένους.
1496 1176 1542 1229 ίέαί
1563 1174 1610 1247 μὴν
1631 1175 1679 1245 ήδη
1700 1177 1843 1246 ἐπείσθησαν

246 1240 329 1292 AHR.
1068 1248 1133 1321 αύτῷ
1145 1250 1186 1303 καί
1202 1250 1308 1324 ἔπεμψαν
1331 1252 1444 1323 βοήθειαν
1465 1252 1524 1323 πρδς
1544 1252 1693 1316 Ὀλυνθίους.
1731 1255 1786 1317 Πῶς
1799 1252 1844 1310 ούν

281 1321 330 1382 4ε,
346 1318 380 1371 23
411 1317 469 1371 Ὀτι
481 1322 558 1373 ταῦτα
570 1320 613 1389 μέν
628 1318 692 1373 ἐστιν
708 1320 803 1375 άπεντα
816 1322 847 1375 τά
860 1323 940 1393 χωρία
958 1319 1023 1375 ἆθλα
1067 1325 1185 1398 ῥᾳθύμους
1199 1327 1285 1392 αύτούς
1301 1329 1389 1396 καλεῖς
1404 1330 1465 1383 καθδ
1480 1330 1554 1401 μηδὲν
1573 1330 1668 1394 ἑκόντες
1682 1339 1802 1398 ποιοῦσιν,
1822 1334 1845 1388 εί

245 1398 289 1448 τού
302 1396 411 1466 πολέμου
422 1398 521 1468 κείμενα
533 1396 651 1470 ἐνμέσῳ]
662 1397 706 1452 Ἐκ
716 1403 850 1471 μεταφοραῖς
858 1407 901 1454 τοῦ
913 1402 1023 1471 κειμένου
1068 1406 1102 1476 μή
1115 1425 1150 1468 τις
1159 1406 1241 1470 αύτοῖς
1254 1407 1388 1479 ἐπιτιμήσει
1401 1407 1442 1461 διά
1455 1413 1498 1461 τοῦ
1514 1408 1686 1481 σνμόουλεύειν
1700 1411 1741 1463 καί
1753 1414 1843 1468 πείθειν

245 1474 298 1533 τοῖς
313 1473 456 1543 παλαίουσιν
474 1475 551 1529 άθλου
565 1475 590 1528 ἰν
603 1478 678 1549 μέσῳ,
717 1478 832 1532 Ἐπαθλα
849 1479 875 1533 δέ
890 1479 937 1550 οἰχ
954 1479 1023 1550 εύρη·
1067 1487 1157 1539 ποιεῖν.
1171 1487 1222 1541 ΒΡ.

245 1567 302 1614 ται,
317 1550 339 1603 εἰ
354 1550 387 1623 μὴ
403 1552 465 1614 ύπαξ
478 1554 534 1624 παρ’
546 1553 672 1627 Εἰριπίδῃ.
684 1556 765 1609 mv,
1102 1567 1150 1628 4ε,
1166 1567 1210 1627 ε4.
1228 1561 1315 1635 Ὁρᾶτε
1328 1563 1393 1638 γάρ]
1407 1565 1485 1619 Τοῦτο
1498 1571 1541 1619 τοῦ
1553 1568 1722 1638 συμφέροντος.
1762 1567 1842 1622 Kata-

280 1632 330 1691 41,
345 1630 389 1683 25.
411 1630 521 1692 ίίαίτύῗς
537 1631 659 1686 ίίίέλοθσέθ
672 1636 679 1704 ]
692 1632 756 1703 Ὅρα
769 1635 809 1686 ὅτι
824 1633 856 1685 δι’
871 1632 962 1686 luston
979 1636 1023 1685 ⁴:0ss
1068 1641 1271 1713 μήμιχγαεδὴτηΰ
1284 1643 1396 1700 δυνατοῦ,
1412 1646 1445 1701 Α,
1484 1644 1616 1718 Συμφίρογ,
1635 1644 1843 1718 Ἐγχαταμίγγυηγ

245 1712 335 1775 τρόπου
347 1706 418 1777 φησὶν
438 1706 511 1761 αύτδν
527 1708 641 1781 ὴρηκέναι
653 1710 695 1773 εάς
708 1711 805 1776 πόλεις,
821 1711 854 1763 δι’
867 1706 896 1762 ού
910 1709 1023 1780 βούλεται
1066 1717 1114 1790 γὰρ
1128 1725 1164 1791 τῷ
1176 1720 1272 1792 δυνατῷ
1285 1721 1314 1774 τδ
1328 1722 1456 1793 συμφέρον.
1472 1724 1498 1776 S.

245 1781 331 1845 αὗῖνῖδ
341 1787 468 1856 πρνθῖχῑῑθ
481 1789 534 1849 τοῖς
546 1790 695 1860 πράγμασιν.
712 1791 792 1846 TCV·
1100 1802 1151 1863 4α,
1169 1799 1213 1852 25.
1234 1797 1386 1872 Ἇσελγείας]
1407 1797 1529 1872 λσέλγεια
1548 1804 1633 1861 κοινῶς
1653 1800 1766 1853 καλεῖται
1783 1806 1844 1857 πᾶσι

279 1861 316 1913 Τὰ
329 1868 378 1915 τῶν
397 1862 554 1934 ἀμελούντων
567 1872 615 1919 τῶν
627 1867 767 1920 πονούντων
779 1865 854 1920 ίστίν.
871 1867 953 1920 Anu.
1066 1874 1143 1945 ύόρις,
1156 1875 1228 1946 οέχὴ
1240 1876 1294 1948 περί
1304 1876 1335 1930 τά
1350 1876 1475 1948 ἀφροδίσια
1491 1878 1577 1949 μόνον.
1591 1878 1643 1931 ΒΡ.

280 1944 331 2005 ύῐι
347 1945 391 1995 28·
408 1943 445 1994 Τὰ
457 1943 500 2014 μέν
512 1944 544 2007 “⁰5
554 1946 583 1995 &v
597 1944 660 1998 ίλῑθθ
670 1944 723 2015 τις]
737 1942 836 2009 Ἐπῑίῧὴ
848 1944 877 1996 τὸ
892 1945 1022 2014 mim·
1102 1952 1146 2015 Ὃς
1161 1953 1212 2005 οὔδ’
1226 1954 1317 2025 αἰρεσιν
1328 1957 1337 2026 ]
1349 1955 1464 2008 Τουτέστι
1477 1954 1517 2007 διά
1531 1952 1575 2020 τὴν
1588 1954 1654 2025 ύόριν
1669 1957 1713 2007 τιό
1730 1954 1843 2007 Μακεδό·

244 2040 302 2076 πται
315 2024 418 2094 φοόερόν
434 2024 508 2091 ἐστιν,
531 2024 639 2098 ἐπήγαγε
655 2029 822 2089 ταπεινώσεως
838 2027 921 2097 χάριν,
941 2026 975 2088 ὡς
992 2028 1021 2078 ἀν
1066 2049 1119 2095 νος,
1133 2031 1188 2085 οθδέ
1201 2034 1299 2086 δυνατοί
1309 2034 1472 2100 καθεστήκατε
1485 2021 1598 2105 π’ράττειν
1610 2035 1626 2086 ἀ
1640 2033 1763 2104 βούλεσθει
1777 2032 1843 2086 ἀλλά

245 2100 307 2154 ίλών
321 2121 355 2164 τις
372 2102 427 2173 ίχοι
440 2104 551 2175 πολέμῳ.
567 2107 669 2161 TCFV.
1065 2109 1106 2161 καί
1119 2109 1143 2172 ἐξ
1157 2109 1263 2181 ἀνάγκης
1277 2110 1347 2182 έχετε
1359 2112 1506 2184 πολεμῆσαι.
1542 2112 1587 2165 Διά
1600 2109 1626 2163 δέ
1639 2111 1726 2164 τούτου
1738 2109 1766 2163 τδ
1782 2109 1842 2162 ἀνα-

280 2184 324 2244 4α,
339 2197 363 2232 ι.
372 2179 470 2252 ίίαίγάρ
477 2186 617 2253 συμμαχεῖν
626 2185 669 2237 καί
678 2185 816 2256 προσέχειν]
829 2183 929 2251 Ἐπειδὴ
940 2184 1023 2240 ἰλθπει
1065 2190 1153 2256 γκαῖον
1165 2189 1316 2259 παρίστησιν.
1335 2187 1479 2261 Ἀναγκαῖον
1494 2190 1516 2241 δ’
1530 2188 1595 2242 έστίν
1606 2184 1634 2240 ού
1643 2188 1720 2259 χωρίς
1731 2188 1798 2259 [ζῆν]
1813 2186 1842 2240 ού

244 2256 300 2319 τούς
316 2256 450 2324 Ἀθηναίους
459 2259 489 2312 εδ
500 2259 543 2313 τόν
554 2261 679 2316 Φίλιππον
691 2263 758 2334 έχειν
775 2264 919 2334 συμμάχους
929 2264 970 2316 καί
983 2266 1022 2336 φί·
1065 2266 1176 2318 δυνατόν.
1189 2268 1291 2322 TCFV.

244 2335 413 2403 λους,διάτῆς
423 2338 554 2407 καθολικής
564 2343 665 2412 γνώμης
677 2345 750 2395 τούτο
760 2340 926 2412 ἐθεράπευσεν.
938 2344 1020 2399 TCV.
1101 2347 1152 2409 4α,
1169 2351 1212 2399 26.
1232 2346 1282 2399 Τού
1299 2346 1433 2418 πράττειν]
1448 2346 1499 2399 Οὔκ
1514 2344 1582 2401 είετεν
1602 2345 1684 2406 ἀτελῶς
1704 2345 1841 2415 πολεμεῖν,

278 2415 378 2477 Τούτοις
391 2414 530 2490 ἐθέλουσιν]
550 2419 649 2487 Ἐπειδὴ
670 2419 783 2491 ἀνωτέρω
800 2419 917 2492 ἐφόόησεν
937 2421 1023 2485 αύτούς
1066 2420 1131 2473 ἀλλά
1142 2426 1271 2496 κοινοτέρῳ
1283 2422 1387 2495 ὀνόματι
1400 2423 1522 2496 ἐχρήσατο
1533 2428 1577 2477 τού
1587 2425 1709 2494 πράττειν,
1727 2420 1782 2476 οίον
1796 2427 1842 2476 τού

245 2497 319 2552 εἰεαίυν
337 2500 410 2557 αύτθν
428 2502 470 2556 τδν
488 2504 613 2559 Φίλιππον
626 2505 725 2576 ἰσχυρδν
742 2504 782 2556 διά
794 2504 823 2557 τδ
843 2504 911 2576 ἔχειν
929 2509 1024 2579 συμμά-
1065 2502 1223 2572 ψηφίζεσθαι.
1245 2506 1289 2556 τού
1306 2504 1425 2570 δικάζειν,
1448 2506 1493 2557 τού
1511 2504 1629 2575 γεωργεῖν
1651 2502 1692 2554 καί
1715 2506 1763 2554 τῶν
1784 2500 1841 2555 λοι·

244 2597 317 2649 χους,
337 2579 446 2652 ἐπήγαγε
464 2587 537 2637 τούτο
555 2584 783 2656 παραμυθούμενος,
801 2584 834 2645 ώς
851 2585 906 2650 ότι,
923 2583 965 2638 ἐὰν
981 2587 1023 2639 καί
1065 2586 1126 2634 σῶν-
1146 2581 1194 2635 ΒΡ.

244 2658 314 2711 αλεοί
333 2658 363 2711 τά
379 2659 439 2713 αύτά
455 2662 555 2716 ἐθέλωσι
574 2663 676 2735 πρᾶξαι,
698 2663 801 2734 εύχερῶς
814 2663 887 2717 αδτδν
906 2666 1022 2737 καθαερή·
1101 2663 1151 2725 4²2
1166 2675 1210 2730 α7·
1229 2660 1275 2713 Καὶ
1294 2660 1383 2732 λόγους
1402 2659 1581 2733 θπῑρηφᾶθῠυς]
1593 2658 1648 2711 ⁰¹⁹²
1664 2657 1697 2730 δὴ
1714 2657 1794 2730 Um
1808 2657 1841 2710 t&

244 2753 338 2792 σουσιν.
375 2736 491 2800 Ἄξιονδί
505 2743 672 2808 ζητῆσαιπῶς
692 2739 805 2811 ἀλλαχοῦ
820 2741 931 2794 καθελών
948 2742 1022 2795 αύτού
1065 2735 1161 2808 ῥήματα
1171 2742 1215 2792 τού
1230 2739 1372 2802 Μακεδόνος
1384 2739 1457 2804 κακδς
1476 2739 1562 2802 οἰωνδς
1575 2739 1648 2811 δόξῃ,
1662 2738 1749 2792 τούτου
1766 2739 1840 2810 χάριν

243 2811 288 2880 τὴν
303 2815 405 2887 δύναμιν
416 2817 457 2870 διά
467 2823 511 2872 τού
528 2819 603 2874 εἰπεῖν
622 2821 661 2872 ότι
680 2819 704 2872 οἱ
717 2819 808 2873 πολλοί
825 2819 898 2873 αἰτοῖ
911 2819 1023 2892 ἀφίσταν-
1065 2818 1214 2889 παρέδραμεν
1226 2818 1295 2872 αὖτέ.
1309 2821 1391 2873 TCV·

243 2912 299 2958 ται,
324 2898 366 2947 νῖνν
383 2896 451 2966 λέγει
464 2899 502 2951 δτι
522 2899 628 2961 πολλούς
648 2897 701 2969 έχει
722 2898 875 2971 συμμάχους.
913 2900 1021 2971 Δέγομεν
1100 2899 1148 2960 42,
1164 2896 1644 2969 αρ.Προσπεριόάλλεται]Τινέςφασίν,
1658 2893 1739 2962 έπειδὴ
1754 2896 1842 2950 κυκλο·

243 2965 287 3025 ούν
304 2973 343 3026 ότι
356 2973 399 3026 τὸν
413 2976 503 3046 τρόπον
517 2977 610 3039 διέξεισι
623 2983 672 3031 τῶν
686 2976 808 3044 ύπηκόων·
828 2976 849 3031 εἰ
862 2977 910 3049 γὰρ
923 2979 965 3031 καί
980 3000 1020 3051 μι·
1064 2979 1138 3043 τερῶς
1152 2973 1244 3028 ἔκειντο
1256 2976 1281 3029 αί
1294 2976 1384 3042 πόλεις,
1399 2977 1427 3038 ἀς
1437 2975 1570 3046 παρέλαθεν
1582 2975 1597 3027 ό
1608 2974 1739 3041 Φίλιππος,
1753 2975 1840 3028 τούτου

243 3053 313 3101 σοῖσι
326 3050 367 3102 καί
377 3052 508 3121 φοόούνται
521 3055 576 3115 τούς
585 3054 716 3119 δυνατούς,
731 3053 788 3106 ἀλλ’
798 3052 823 3107 έν
837 3054 889 3128 όσιρ
901 3051 934 3127 μὴ
946 3057 1021 3127 πράτ·
1064 3054 1136 3124 χάριν
1151 3051 1218 3108 εἶπεν
1236 3055 1320 3117 ούτως.
1358 3055 1443 3109 Ἄλλοι
1456 3054 1497 3120 δέ,
1514 3052 1561 3108 ἀπό
1577 3056 1711 3125 μεταφορᾶς
1730 3058 1778 3106 τῶν
1797 3074 1840 3106 κυ·

243 3129 312 3181 τουσί
324 3129 379 3183 τισί
391 3129 481 3201 ἀγαθοί
492 3132 533 3185 διά
542 3131 586 3198 τὴν
599 3133 729 3205 ῥᾳθυμίαν,
740 3133 835 3206 ἀνάγκη
848 3137 1021 3206 προστρέχουσι
1065 3137 1184 3200 θηγετῶθ,
1199 3132 1287 3195 νίῖῑθῑς
1303 3132 1385 3206 κύκλῳ
1398 3132 1452 3203 πῑρέ
1471 3133 1548 3194 πάσας
1560 3131 1603 3193 τὰς
1618 3131 1689 3193 ὗόθθέ
1701 3130 1743 3183 καί
1762 3132 1841 3194 πάσας

243 3208 295 3269 τοῖς
309 3208 435 3273 δυνατοῖς,
453 3210 497 3263 ἵνα
515 3209 548 3282 μὴ
562 3211 622 3282 μετὰ
640 3218 689 3265 τῶν
705 3211 819 3283 ῥᾳθύμων
838 3212 905 3274 όντες
926 3214 1021 3266 πάθωσι
1064 3209 1106 3271 τὰς
1117 3208 1231 3283 ἐκτροπάε
1243 3211 1285 3274 τάς
1296 3213 1366 3283 ἀρκυς
1379 3211 1576 3284 περιόάλλουσιν,
1589 3210 1646 3282 ύπέρ
1657 3215 1701 3263 τού
1711 3206 1744 3280 μὴ
1756 3211 1840 3280 διαφυ·

244 3286 297 3357 μετ’
309 3285 396 3340 αύτῶν·
413 3286 435 3341 εί
446 3290 472 3343 δέ
481 3309 540 3344 ποτε
553 3291 576 3344 οί
590 3290 679 3363 ἀγαθοί
693 3292 853 3345 σπουδάσουσι
867 3292 908 3344 καὶ
919 3289 963 3359 τὴν
975 3292 1018 3364 ῥᾳ-
1064 3292 1118 3361 γεῖν
1130 3290 1161 3344 τά
1175 3292 1246 3362 θηρία
1258 3291 1360 3345 ίκεῖθεν.
1379 3291 1426 3343 Καί
1437 3289 1466 3343 τό
1479 3290 1681 3362 περιστοιχίζεται
1696 3287 1770 3342 πάλιν
1784 3287 1841 3355 ἐπή-

243 3366 331 3435 θυμίαν
351 3365 482 3421 ἀποθέσθαι
500 3370 658 3438 θελήσουσιν,
674 3370 759 3433 εδθέως
779 3370 837 3443 πρδς
853 3370 938 3435 αύτούς
959 3372 1021 3427 ἀπο·
1063 3370 1184 3439 γαγεν·δ
1199 3369 1240 3422 καί
1249 3369 1360 3440 ἀμεινον.
1371 3370 1463 3422 TCFV
1467 3409 1472 3420 .

243 3445 383 3512 στήσονται.
398 3448 451 3500 ΒΡ.
1099 3448 1326 3520 Περιστσιχίζεται]
1338 3446 1394 3503 ’Aah
1402 3449 1537 3519 μεταφοραῖς
1548 3451 1596 3499 τῶν
1607 3451 1746 3515 κυνηγετῶν
1758 3465 1763 3476 ·
1777 3444 1839 3498 κατά

269 3530 326 3591 ,4κ,
342 3543 367 3596 7.
387 3526 472 3580 Πῖσαν
487 3526 553 3599 ἀφείς
562 3525 607 3594 τὴν
622 3528 764 3601 εἰρωνείαν]
776 3528 911 3600 Εἰρωνείων
921 3530 1021 3601 λέγουσι
1063 3525 1110 3597 yffi?
1124 3526 1166 3588 τὰς
1183 3526 1301 3598 ἐκδρνμθε
1313 3532 1362 3581 τῶν
1377 3528 1466 3599 θηρίων
1486 3525 1546 3596 θρθἐι
1567 3524 1627 3586 ξύλα
1639 3523 1744 3589 ἰστᾶθῑίι
1760 3525 1776 3576 ἃ
1793 3543 1838 3578 ²²·

242 3623 287 3671 την
308 3603 348 3659 ἀπί
364 3605 394 3660 τό
411 3604 514 3660 ἔλαττον
529 3608 700 3679 προσποίησιν,
713 3609 771 3678 ὅπερ
783 3606 849 3661 ἐστίν
869 3606 1021 3682 έναντίοντῇ
1063 3602 1134 3656 λῡῦσῑ
1145 3605 1258 3675 στοίχῠνς
1270 3605 1286 3671 ἢ
1299 3605 1415 3675 στίχους,
1428 3601 1645 3662 mmmm<
1656 3600 1734 3653 αὖτῶθ
1743 3602 1837 3667 δίκτυα,

242 3681 384 3756 ἀλαζονείᾳ,
398 3684 439 3738 καί
452 3680 520 3748 αδθις
527 3684 572 3751 τὴν
588 3686 724 3757 βραδύτητα
736 3685 869 3757 εἰρωνείαν.
886 3684 1021 3752 Ἰουλιανός
1061 3683 1119 3747 ίνα,
1134 3682 1176 3736 έάν
1189 3683 1275 3746 αύτούς
1290 3682 1381 3757 ίῑφῦγῃ
1394 3683 1425 3737 τὰ
1437 3684 1522 3755 θηρία,
1538 3681 1571 3744 ῑῖέ
1587 3678 1618 3733 τὰ
1632 3680 1716 3733 δίψα
1734 3679 1837 3755 ἕίΰίσίί·

241 3779 300 3831 φησι
312 3770 388 3815 ταῦτα
404 3761 518 3833 σοφιστὴς
530 3763 679 3834 Χριστιανός.
697 3765 747 3819 RS.
787 3761 876 3817 ’ἰστέον
894 3764 932 3816 ότι
953 3764 1021 3835 εἰρω-
1065 3760 1137 3814 'Em
1149 3762 1176 3816 δί
1187 3769 1234 3816 τῶν
1247 3761 1399 3835 ἀντιγράφων
1413 3761 1616 3834 περισχοινίζεται
1632 3757 1694 3828 ἔχει.
1708 3759 1783 3812 BRP.

243 3840 295 3893 νεία
309 3838 374 3894 έστίν
388 3840 497 3895 ἐναντίον
510 3845 554 3909 τῆς
572 3840 723 3904 ἀλαζονείας.
764 3840 962 3904 ’λλαζονεύεσθαι
976 3844 1020 3915 μὲν
1098 3840 1148 3906 43,
1167 3857 1191 3894 ε.
1211 3840 1258 3893 Καί
1270 3842 1438 3913 καθημένους]
1450 3837 1549 3906 Ἐπειδὴ
1559 3835 1668 3910 φοόεῖτδ
1679 3835 1777 3907 λεχθὲν,
1791 3856 1839 3908 φη-

241 3917 290 3989 γάρ
302 3917 392 3973 ἐστιτδ
409 3919 511 3973 πλείονα
532 3919 724 3990 ἐπαγγέλλεσθαι
736 3919 851 3972 δύνασθαι
869 3923 947 3974 ποιεῖν
959 3920 1020 3995 ὴπερ
1063 3920 1101 3971 σίν
1112 3921 1145 3983 ώς
1161 3919 1333 3991 ἀπιεουρούσαν
1352 3920 1397 3988 τὴν
1411 3920 1529 3993 ὴμετέραν
1547 3918 1671 3990 ῥᾳστώνην
1688 3917 1839 3988 κτησάμενος

242 3995 370 4060 δύναιντο,
385 3995 495 4066 εἰρωνεία
507 3995 534 4049 δέ
547 3994 576 4048 τό
588 3994 707 4049 έλάτεονα
717 3995 798 4067 λέγειν
810 3996 925 4053 δύνασθαι
940 4003 1019 4053 ποιεῖν
1062 4001 1135 4050 τοῦτο
1144 3999 1297 4070 διαπράξεται
1310 3999 1440 4062 Φίλιππος.
1455 4000 1534 4055 TCV.

241 4070 305 4140 ήτις
315 4073 451 4141 δεδύνηται.
463 4075 564 4129 BTCV.
1099 4077 1149 4141 43,
1165 4093 1192 4131 α.
1211 4077 1271 4132 Πότ’
1284 4074 1339 4147 σύν,
1352 4074 1374 4132 εδ
1386 4079 1469 4150 ἀνδρες
1488 4075 1625 4148 Ἀθηναῖοι]
1639 4072 1777 4135 Μετάόασις
1795 4074 1839 4127 καί

276 4155 325 4217 4κ,
342 4168 383 4205 ιι.
400 4151 479 4214 Αύτδς
490 4151 533 4223 μέν
544 4150 612 4205 ούδίν
623 4151 737 4224 έκαστος]
751 4150 827 4208 Ἴδιον
838 4152 885 4226 γάρ
897 4155 1020 4210 καὶτοῦτο
1063 4152 1165 4208 ἐνταῦθα
1179 4155 1217 4210 ἐπὶ
1230 4155 1258 4209 τδ
1279 4156 1430 4228 ἀναγκαῖον·
1453 4157 1558 4209 δείκνυσι
1570 4153 1618 4225 γάρ
1633 4154 1672 4206 ότι
1693 4150 1716 4213 έξ
1729 4150 1838 4222 ἀνάγκης

242 4234 290 4281 τῶν
304 4227 486 4300 ῥᾳθυμούντων.
502 4231 583 4284 ch.
1063 4238 1138 4287 ταῦτα
1154 4237 1276 4302 ποιητέον.
1315 4235 1389 4289 Ἔστι
1408 4234 1434 4288 δέ
1450 4234 1512 4288 κατά
1530 4234 1674 4304 ἐπιτίμησιν·
1696 4230 1735 4284 διδ
1749 4230 1790 4284 καί
1807 4230 1837 4285 τό

276 4310 325 4371 42,
344 4309 386 4362 13.
395 4307 435 4362 Ἂν
448 4308 501 4370 θεδς
511 4306 749 4381 θέλη1Εἰςούρανδν
761 4307 1019 4382 τάςέλπίδαςάνέπεμ-
1062 4312 1172 4384 δεύτερον
1191 4315 1250 4368 πότε
1275 4315 1390 4386 βαρυτέρᾳ
1413 4317 1483 4386 φωνῇ
1508 4313 1657 4384 προφέρεται.
1694 4311 1788 4381 Τρόπον
1809 4310 1837 4364 δέ

240 4383 293 4454 ήεν,
304 4384 357 4451 ἵνα,
371 4384 412 4438 ἐάν
422 4385 481 4448 ίσως
490 4387 726 4453 ταῦταπσιησάντων
737 4384 771 4458 μὴ
784 4386 903 4460 ἀποόαίνη
916 4386 947 4441 τά
957 4407 1019 4460 συμ·
1061 4392 1187 4463 διαγράφει
1200 4390 1302 4445 ἐνταῦθα
1315 4399 1361 4446 τῶν
1374 4392 1556 4464 ῥᾳθυμούντων.
1583 4390 1655 4443 Ἐστι
1667 4389 1694 4442 δὲ
1710 4389 1738 4444 εδ
1750 4392 1837 4460 σχῆμα

240 4463 356 4534 φέροντα,
374 4463 421 4537 ἔχη
433 4464 582 4536 ἀπολογίαν·
596 4464 682 4518 τούτου
700 4466 773 4537 χάριν
785 4464 894 4519 ἐντεῦθεν
908 4465 955 4534 ἤδη
973 4465 1018 4534 τὴν
1061 4470 1212 4541 διαλογικόν.
1249 4469 1313 4524 Εἶτα
1330 4475 1361 4543 τῇ
1374 4471 1489 4542 ἀριστήσει
1505 4468 1549 4535 τὴν
1560 4468 1683 4539 ἀπόκρισιν
1696 4467 1738 4520 οἰικ
1751 4467 1835 4521 ἀποδί-

240 4543 339 4610 δόκησιν
359 4549 402 4597 τοῦ
416 4547 472 4598 θεοῖν
485 4546 640 4616 προσέθηκεν·
656 4546 680 4599 οἱ
695 4545 737 4611 δέ,
757 4545 798 4597 διά
819 4544 848 4598 τδ
861 4545 974 4616 φιλόθεον
989 4547 1018 4599 τδ
1060 4547 1145 4611 δωσιν,
1160 4547 1217 4600 ἀλλ’
1230 4546 1276 4601 θπδ
1289 4550 1332 4613 τῆς
1343 4546 1417 4619 ὀργῆς
1426 4547 1496 4608 αύεδς
1506 4546 1560 4599 ἀντί
1574 4550 1618 4599 τοῦ
1630 4545 1702 4612 δῆθεν
1711 4542 1836 4618 ὴρωεημί·

240 4621 331 4675 οἰκεῖον
345 4618 403 4690 ὴθος
417 4626 577 4694 παραστῆσαι.
590 4625 669 4678 mv.
1060 4645 1102 4678 νου
1112 4628 1249 4697 φθέγγεται.
1265 4626 1328 4679 TCF
1329 4628 1362 4679 V.
1763 4672 1766 4679 .

275 4703 324 4765 4ε,
341 4706 381 4753 16.
402 4702 539 4773 Μισεῖτις]
553 4701 683 4773 Μισεῖμέν
698 4700 771 4769 όήδη
784 4702 908 4764 πεπονθώς
922 4708 1016 4767 κακῶς,
1095 4706 1143 4769 43,
1160 4706 1185 4760 3,
1208 4703 1341 4775 Ἐπειδὰν]
1357 4703 1424 4767 ώςέν
1438 4702 1491 4770 ὴθει
1507 4703 1675 4774 ἀναγνωστέον
1694 4701 1722 4757 τὸ
1738 4701 1834 4756 έπειδάν

240 4779 302 4833 δέδιε
315 4779 341 4832 δί
354 4778 368 4831 ό
381 4781 479 4851 μηδέπω
495 4779 538 4851 μὲν
552 4780 682 4851 ύπομείνας
692 4782 832 4852 προσδοκῶν
845 4780 881 4848 δέ,
894 4783 981 4851 φθονεῖ
990 4781 1017 4835 δέ
1060 4781 1089 4848 νὴ
1109 4783 1153 4834 Δία
1171 4781 1278 4853 ἀνάγκη·
1297 4782 1366 4835 ούδέν
1385 4781 1434 4854 γάρ
1455 4782 1626 4854 χαλεπώτερον
1645 4780 1761 4851 αἰσχύνης
1782 4782 1836 4841 τοῖς

240 4855 327 4929 όόρῶν
342 4858 417 4921 ούτως
433 4858 476 4921 τάς
493 4859 575 4921 πόλεις
591 4859 821 4929 καταστρεφομένας.
843 4860 944 4911 BTCV.
981 4861 1016 4913 Τδ
1060 4860 1190 4933 ἐλευθέροις
1200 4861 1355 4928 καθέστηκεν.
1370 4860 1452 4915 ch.
1623 4927 1630 4945 γ
1737 4927 1746 4948 γ

241 4936 326 5006 μεῖζον
341 4935 445 5007 ἐνμέσῳ
460 4936 507 4998 θείς
520 4935 635 5008 άκτέκρυρε
647 4939 704 4999 τοῖς
711 4938 792 5007 άκροις
802 4937 832 4989 εδ
844 4936 953 5008 ἰσχυρόν.
966 4938 996 4993 Δ.
1095 4932 1145 4996 43,
1157 4935 1183 4995 ln·
1201 4931 1269 5002 Ἐγὼ
1283 4931 1326 5003 μέν
1338 4930 1386 5002 γὰρ
1399 4928 1484 5002 ῠίῠμαῑ
1494 4933 1504 4999 l
1515 4927 1597 4982 Είΐίὼθ
1609 4947 1652 4981 τοί
1665 4928 1707 4999 Ph
1722 4947 1765 4979 ωδ
1776 4926 1834 5024 ίπζί·

275 5018 324 5080 4κ,
342 5032 383 5084 19.
404 5015 450 5067 Ιέιιί
472 5015 558 5069 ἅπανθ’
570 5016 634 5087 δσα]
647 5015 725 5069 Τοῦτο
748 5015 776 5068 τδ
797 5019 882 5087 σχῆμα
904 5015 1016 5069 καλεῖται
1058 5032 1121 5084 γαγε
1133 5012 1175 5065 τὀν
1187 5013 1228 5078 δέ,
1245 5010 1325 5078 ἐπειδὴ
1338 5010 1441 5083 έμελλεν
1455 5009 1586 5080 ἐπιφέρειν·
1602 5030 1613 5058 ε
1631 5009 1701 5079 ὑμεῖς
1711 5008 1737 5060 δὲ
1757 5006 1833 5072 αύτην

241 5093 383 5162 καθαίρεσις.
422 5092 468 5145 1ίαί
481 5091 529 5163 γάρ
540 5092 581 5145 διά
592 5094 678 5146 τούτου
690 5094 744 5148 ὅθεν
758 5092 844 5164 ῥᾳδίως
854 5092 895 5145 καί
909 5093 1015 5164 μάλιστα
1058 5091 1105 5161 οἰχ
1123 5090 1223 5162 ἡγεῖσθε
1241 5090 1369 5161 αἰσχύνην,
1394 5091 1481 5159 τόπερ
1499 5083 1529 5154 ὴν
1545 5087 1692 5159 ύόριστικόν.
1733 5084 1779 5138 Καὶ
1792 5085 1833 5137 διά

242 5170 322 5241 βλάόη
335 5173 491 5244 προσγίνεται
527 5178 562 5244 τῷ
579 5173 685 5227 καθόλου
697 5173 737 5228 εἰιν
761 5172 837 5243 λόγον
855 5172 1012 5229 ἐπιστώσατο.
1059 5176 1130 5224 τοῦτο
1144 5171 1172 5223 τό
1189 5170 1231 5242 μέν
1246 5170 1389 5240 ἀποσιωπᾷ,
1404 5169 1468 5221 ἀλλο
1480 5167 1506 5221 δέ
1519 5167 1622 5238 ἐπιφέρει
1637 5167 1721 5219 τούτου
1735 5167 1829 5236 όμοιον·

240 5249 316 5303 'IW
1059 5256 1110 5308 BP.
1124 5253 1154 5305 Εἰ
1167 5252 1209 5325 μέν
1223 5252 1317 5307 δούλων
1330 5253 1439 5324 ἀνάγκην
1453 5250 1549 5317 ζητεῖς,
1564 5247 1664 5317 ἐκδέχου
1675 5245 1716 5308 τάς
1724 5244 1830 5315 πληγάς.
