3967 5967
191 462 248 512 662
735 448 876 508 ΣΧΟΛΙΑ
899 448 963 509 ΕΙΣ
983 448 1257 510 ΔΗΜΟΣΘΕΕΗΝ.

189 585 284 647 δοῦναι,
295 600 348 644 τοις
360 580 387 635 δί
396 580 521 641 δικασταις
529 579 633 640 πολλοις
641 574 877 645 αθσινσυκηδυνατο
890 580 972 635 πολλά
1014 582 1136 647 πτηθίντα
1153 579 1187 653 μή
1201 580 1287 633 λαῦεῖν
1302 578 1371 647 δίκην
1387 581 1497 636 ἔοικε
1464 602 1501 654 τῳ
1514 582 1642 649 ἡττᾶσθαι.
1683 586 1799 655 Ζητήσειε

188 661 348 730 ύποσγίσθαι.
392 659 472 729 1ίάμοί
486 659 529 729 μίν
542 658 594 720 ἰῖον
609 654 640 725 66
653 659 778 737 666666'
749 662 828 731 ,υμῖν
843 659 891 713 δε
882 678 971 730 υπισγ
1014 660 1080 714 δ’ἀν
1100 681 1136 723 τις
1154 668 1204 723 πῶς
1219 661 1244 715 ἐν
1265 668 1301 732 τῷ
1322 663 1375 714 κατ’
1395 661 1529 732 Αἰσχίνου,
1552 666 1631 719 καίτοι
1652 674 1797 740 κατηγορῶν

190 741 268 792 νεῖται
282 740 374 809 μόνον,
385 738 457 808 κάγὼ
474 725 744 808 μλνόπεπονθὼςδι”
736 742 798 812 υμᾶς
811 740 854 792 ούκ
869 739 969 805 ἔλαθον,
1013 761 1110 812 φήσαι
1126 742 1248 811 δεήσομαι
1259 716 1357 795 πάντων
1370 741 1476 811 θμαῦν.»
1520 740 1619 842 Ῥητίρν
1634 739 1678 798 οῦν
1691 748 1758 798 ότι
1744 764 1798 799 οια-

187 818 299 899 ύμεῖςδί
313 818 337 870 οί
352 820 426 888 μηδίν
439 833 464 871 τι
477 819 624 882 πεπονθότες
641 838 687 873 κατ
687 819 766 891 ’ἀμοῦ
780 820 902 890 λήψεσθες
1013 822 1086 919 ροραὶ
1100 821 1220 887 δεήσειίιν
1230 820 1299 874 εἰσιν
1341 819 1454 874 Ἐκεῖ“
1428 840 1471 891 μεν
1492 822 1541 892 γάρ
1558 824 1600 876 καὶ
1618 825 1698 890 δῖησις
1718 825 1797 897 σεμνὴ

210 898 286 961 ι5ι5,
300 897 342 949 15.
354 896 891 970 Πολλάςδλδαήσεις]θύπρδςτάςδιήσιις,
905 896 971 949 ἀλλά
1014 920 1055 953 και
1044 901 1182 972 φρόνημα
1196 900 1303 970 ἔρονσκ
1317 899 1456 953 ἐνταυθαοε
1470 904 1633 970 ταπεινότητα
1645 903 1727 974 ἔγειή
1745 908 1798 973 δέη·

189 974 248 1043 πρός
261 973 303 1036 τάς
317 973 417 1036 ἀπειλάς
430 974 517 1042 κυρίως
535 976 714 1047 τδύπσμείνας.
752 977 896 1039 Σώζεταιδὲ
909 974 971 1028 κατά
1013 999 1058 1042 σις.
1097 980 1248 1051 Φησὶγάρι
1238 982 1352 1051 ιδέομσι
1366 980 1524 1051 δίθμίῦνκαί
1535 981 1675 1046 ίκετεύωμ
1695 986 1797 1039 καὶάντ-

188 1053 370 1125 θύσινήτάξις.
411 1055 513 1127 Πραιτον
524 1058 572 1127 γάρ
585 1076 621 1119 τις
638 1056 752 1123 ἱκετεύει,
769 1055 824 1110 εἶτα
842 1054 875 1127 μὴ
888 1056 970 1125 τυγὼν
1013 1079 1042 1113 πε
1045 1059 1235 1129 ἡττημένος
1215 1080 1258 1112 τον
1268 1059 1353 1131 ἀγωνα
1361 1060 1426 1113 ούτω
1440 1062 1585 1113 πυνθάνεται
1598 1065 1761 1130 (ποιεῖταιί)

190 1132 477 1203 χρῆταιταῖςάπειλαῖς.
1050 1138 1112 1202 516,
1132 1139 1158 1190 3.
1174 1139 1221 1190 Καὶ
1244 1137 1285 1190 διά
1303 1143 1376 1191 τοῦτο
1397 1142 1440 1204 τῆς
1453 1139 1544 1211 ρυλῆς]
1569 1138 1628 1193 ’ἀνθ’
1643 1140 1776 1194 θεατοῦ
1751 1163 1797 1208 την

226 1213 287 1277 515,
300 1216 341 1268 ιθ.
359 1213 386 1266 ’λ
397 1213 421 1266 δ’
434 1214 459 1268 ἀν
471 1214 531 1285 ὐμῖν
546 1214 609 1285 μετά
621 1215 697 1267 ταῦτά
709 1213 773 1268 ἐστιν
786 1213 924 1282 ύπόλοιπα]
937 1212 971 1264 To
1013 1216 1091 1286 φυλὴν
1106 1218 1249 1286 ὠνόμασεν,
1269 1217 1379 1271 ἐπισείων
1398 1217 1463 1289 αύτῷ
1483 1218 1614 1289 πολεμίους
1629 1219 1737 1282 πολλούς
1756 1224 1798 1275 καί

190 1289 277 1345 λοιπόν
293 1290 465 1360 ἀπισιιύπησε,
491 1291 525 1364 μή
546 1292 694 1362 βουλόμενος
714 1297 821 1363 φανερῶς
841 1291 971 1363 ἰγκαλάσαι
1013 1296 1151 1369 ὁλόκληρον
1164 1297 1208 1362 τὴν
1226 1298 1316 1368 ρυλήν.
1354 1297 1528 1359 ίίαλῶςδθκαί
1545 1298 1599 1351 τδι
1618 1297 1715 1361 ἀδίκως,
1731 1324 1742 1350 ι
1757 1302 1797 1355 05

188 1372 242 1430 τοῖς
253 1372 393 1437 δικασταῖς,
404 1371 446 1424 καί
456 1371 496 1424 διά
506 1376 580 1426 τοῦτο
588 1372 620 1425 τά
631 1371 684 1439 ἑξῆς
697 1371 876 1438 ἀκαταλλήλως
890 1369 970 1442 6666-
1013 1374 1061 1446 γάρ
1075 1375 1156 1430 ἀπλῶι
1170 1374 1238 1429 εἶπεν
1255 1398 1265 1425 ι
1287 1375 1392 1448 ἀρηρίθη
1406 1374 1516 1446 ήρυλή,
1538 1399 1549 1427 ι
1564 1376 1621 1429 ἀλλ’
1636 1400 1647 1428 ι
1666 1379 1762 1442 ἀδίκως.
1782 1405 1794 1431 ι

189 1449 289 1518 γειλεν,
306 1449 350 1503 ἵνα
371 1450 455 1520 μηδεὶς
474 1449 597 1523 ἀπαιτήση
617 1451 645 1503 τό
665 1449 709 1503 ἀκό
711 1449 810 1505 λουθον.
849 1449 899 1515 Τὴν
923 1450 971 1521 γὰρ
1019 1453 1048 1508 Ὁ
1061 1455 1177 1525 πολέμιος
1187 1455 1240 1526 ἔχει
1256 1455 1353 1525 [παρὰ]
1367 1456 1395 1507 τδ
1405 1457 1509 1508 δίκαιον

189 1526 255 1588 τάξιν
276 1528 393 1595 ἰνήλλαξε
418 1531 459 1583 καί
483 1548 573 1599 φησιν,
597 1530 649 1601 θσῳ
678 1530 787 1583 πλείοσιν
812 1527 969 1599 ἡνωχληκεν.
1050 1535 1111 1599 516,
1127 1555 1153 1605 9
1176 1534 1208 1587 Εί
1228 1534 1309 1605 γάρο
1309 1532 1348 1586 ίόν
1362 1536 1404 1604 τε]
1423 1532 1579 1600 Ἐντεῦθενὴ
1597 1534 1732 1602 κατασκευή
1752 1543 1798 1591 τοῦ

191 1607 265 1670 Εθος
278 1607 304 1661 δὲ
318 1607 698 1680 ἔγειόρήτωρόχλήσειςκαλε·
690 1630 712 1661 ιν
726 1608 971 1680 τάςγινομίναςτοῖς
1013 1612 1122 1681 δευτέρου
1137 1614 1229 1683 μέρους.
1268 1613 1377 1683 Συνῆήι
1398 1612 1474 1682 ρησί,
1499 1614 1599 1676 Μειδίας
1621 1618 1653 1686 τῇ
1673 1617 1788 1667 κακία
1765 1636 1797 1670 τα

190 1688 314 1750 δικασταῖς
333 1688 449 1751 ἀξιώσεις.
498 1683 631 1741 Ἔστιν
604 1708 647 1741 ουν
667 1688 836 1759 ἀπηρτημένος
853 1687 867 1740 6
885 1687 968 1785 λόγος.
1013 1692 1119 1762 ἀμικτα,
1132 1693 1271 1761 κατήγορον
1292 1690 1469 1761 ἀπορήναςτον
1482 1693 1611 1762 φεύγοντα
1791 1710 1794 1716 ’

193 1764 361 1834 Ηκολούθησε
373 1766 421 1837 γάρ
433 1766 510 1829 οθτως
520 1766 551 1819 ἀν
567 1767 581 1820 6
596 1771 659 1828 νοῦς·
675 1768 727 1838 όσῳ
741 1763 929 1820 δίπλείοσιν
902 1786 971 1829 ουτος
1050 1769 1110 1834 516,
1127 1787 1168 1824 ιο
1183 1770 1255 1822 Lm
1266 1789 1301 1832 τις
1313 1769 1437 1841 σουρορά]
1455 1771 1492 1841 T6
1507 1789 1572 1865 παρα
1573 1773 1695 1825 θεέσιτῶν
1710 1772 1796 1830 ἀλλων

189 1844 338 1916 ἠνώχλησε,
363 1847 472 1917 τοσούτῳ
491 1847 623 1918 [μᾶλλον]
639 1848 763 1916 προσδοκᾷ
782 1845 900 1916 λήψεσθαι
925 1845 970 1912 τὴν
1013 1846 1065 1900 ἰστλ
1075 1850 1195 1919 συμφορά
1251 1848 1281 1900 Ει
1292 1848 1316 1901 οί
1329 1850 1480 1919 κρινόμενοι
1501 1849 1590 1918 ρησὶ,ν
1606 1850 1638 1902 ἐν
1663 1855 1797 1921 συμφοραῖς

189 1925 277 2022 66606.
312 1924 343 1979 06
366 1923 414 1994 γάρ
433 1923 649 1993 ἀναισχυντοῦντες
669 1924 694 1977 ίν
715 1927 769 1986 ταῖς
791 1924 969 1993 παρακλήσεων
1013 1928 1080 1988 ὄντες
1093 1927 1225 1980 ἱκετεύουσι
1231 1927 1506 1999 ,κάγὼόύθρισμένος,
1522 1928 1544 1981 εἰ
1557 1928 1589 2000 μή
1605 1931 1794 2002 λάόοιμιδίκας,

190 2003 238 2073 ⁰³6
251 2002 327 2069 ηοίως
337 2002 409 2065 αυτάς
420 2021 547 2057 τοιουνται
560 2022 611 2063 τοις
623 2002 792 2073 υπομένουσιν
847 2001 970 2057 Ἐπίτιινε
1013 2002 1038 2056 ἐν
1052 2023 1162 2075 συμρορα
1149 2004 1271 2075 ἔσομαι
1309 2006 1528 2076 Εἰκότωςάραδεή
1530 2026 1615 2076 σομαι.

191 2083 217 2140 σί
228 2083 383 2154 καλὶμήιιυνε
394 2084 422 2137 τό
433 2084 563 2154 προοίμιον
581 2081 687 2152 666666
700 2080 851 2152 ἔπισυνάγων
867 2082 956 2149 τάή
911 2083 969 2149 νοή·
1048 2083 1109 2147 516,
1125 2100 1167 2139 τι.
1181 2085 1271 2155 θεομαι
1283 2080 1343 2137 ούν
1334 2092 1402 2157 υμῶν
1414 2085 1635 2156 ἀπάντων]θιῳκή
1620 2087 1797 2152 ήσατοίκανῶς

191 2182 270 2233 ματα,
285 2163 365 2216 διατδ
377 2165 477 2234 θυμικόν
491 2163 645 2233 περιγράφειν
659 2160 756 2214 αυτά
732 2182 776 2214 ουκ
794 2161 939 2232 ίσχύσας,“ί
940 2183 969 2214 να
1013 2181 1042 2215 το
1058 2163 1110 2214 δεῖν
1125 2161 1249 2216 ἱκετεύειν.
1290 2161 1488 2216 Ἐντεῦθενδὲ
1467 2182 1496 2215 το
1511 2164 1670 2234 συμπιρασμα
1683 2171 1726 2217 τοῦ
1739 2167 1796 2218 δεν-

190 2248 221 2314 66
235 2242 298 2315 ῥύμη
310 2248 353 2297 τοῦ
369 2245 458 2305 πάθους
474 2240 668 2307 ἀκολουθήσαςό
687 2242 762 2313 λόγος
775 2240 886 2315 ἀπορήσῃ
898 2244 968 2296 ποίαν
1012 2243 1081 2311 τίρου
1102 2243 1246 2313 προοιμίου,
1262 2244 1321 2313 ὅπερ
1341 2246 1469 2343 προοίμιον
1490 2242 1605 2311 εἴληπται
1624 2245 1691 2317 αύτῷ
1707 2245 1734 2300 ἔκ
1755 2267 1797 2299 συ-

190 2320 303 2387 τελευτὴν
316 2322 451 2387 ποιήσεται.
1012 2323 1118 2383 στάσεως
1129 2324 1172 2373 τοῦ
1186 2319 1276 2373 οἰκείου
1287 2325 1417 2391 προσώπου
1432 2323 1457 2375 ἰν
1467 2324 1595 2393 διορισμῷ.
1633 2300 1726 2393 Διορίζε
1729 2325 1795 2395 ιγάρ

225 2399 286 2462 5ι5,
301 2416 341 2467 ¹9·
355 2395 426 2469 Ὅσιρ
437 2396 564 2466 πλείοσιν]
578 2395 670 2467 Σχῆμα
684 2397 784 2468 τδπαρά
798 2398 887 2469 τοῖςρή
887 2418 968 2469 τορσιν
1014 2400 1115 2472 (ὅτι)
1105 2421 1129 2454 εν
1151 2401 1229 2462 ποίοις
1239 2399 1434 2498 ἐγκλήμασι
1410 2403 1451 2454 δεῖ
1470 2404 1563 2455 δεῖσθαι
1583 2403 1626 2456 τδν
1643 2405 1794 2475 κατήγορον,

179 2477 348 2531 »ῦποστατικθν
369 2476 505 2546 λεγόμενον
526 2474 673 2530 ἔστίτοῦτυ.
711 2476 828 2531 Καλεῖται
849 2478 874 2530 δὲ
894 2478 936 2531 σύ
923 2499 969 2541 ωτς
1012 2481 1053 2533 καί
1062 2479 1087 2532 ἔν
1104 2478 1222 2540 ποίοις’
1196 2499 1225 2531 ου
1238 2481 1286 2533 δεῖ.

190 2555 238 2608 ἀτδ
251 2574 294 2608 του
304 2555 404 2625 υρισταν
415 2553 459 2620 τὴν
470 2552 631 2620 ποσότητα
606 2572 651 2619 την
663 2553 795 2616 είςτύδε
774 2575 803 2608 το
813 2575 924 2627 τρσγμα
939 2559 966 2610 S.
1046 2564 1108 2621 516,
1127 2560 1168 2610 13.
1185 2558 1278 2610 Fr
1236 2577 1270 2612 ιτ
1298 2558 1340 2611 ίάν
1355 2558 1481 2629 ίτ-ιοείω]
1501 2559 1542 2621 Εις
1555 2559 1652 2613 τελικὸν
1673 2560 1700 2614 δὲ
1719 2565 1794 2633 κερά·

224 2635 286 2687 515.
300 2652 345 2688 61.
362 2634 397 2686 06
408 2634 456 2705 γάρ
468 2635 497 2686 ἀν
516 2635 681 2705 καταγνοίην]
699 2635 870 2705 Πληριόσσις
846 2655 890 2701 την
910 2656 968 2706 προ·
1011 2638 1096 2701 λαιον,
1106 2638 1135 2690 τδ
1148 2639 1284 2707 συμφέρον,
1300 2638 1415 2705 κατέληξε
1427 2641 1456 2691 τὸ
1473 2641 1633 2710 συμπέρασμα
1643 2645 1686 2706 τῆς
1700 2660 1794 2710 προκα·

189 2712 338 2779 κατασκευὴν
349 2711 374 2767 ἰν
386 2719 422 2784 τῷ
432 2713 552 2784 προοιμίῳ
563 2712 665 2765 διπλοῦν
679 2711 788 2783 ἐπήγαγε
800 2705 967 2785 συμπέρασμα,
1012 2719 1137 2780 τασκευής.
1153 2717 1231 2768 BRY.

189 2793 218 2844 τό
231 2792 273 2864 μίν
284 2792 317 2855 είς
329 2791 372 2859 τήν
389 2794 487 2863 πρώτην
501 2793 633 2862 πρότασιν,
647 2794 685 2844 ὅτι
703 2794 793 2853 πάντας
804 2792 894 2864 ύῦρίζει
908 2793 968 2847 Met-
1048 2795 1109 2858 516,
1126 2812 1166 2863 17.
1177 2793 1311 2865 Ὕῦρισμαι
1323 2793 1366 2864 μὲν
1377 2794 1442 2866 ἰγὼ]
1453 2794 1497 2847 Ἐκ
1505 2797 1626 2866 τεττάρων
1638 2797 1702 2866 θρων
1711 2798 1793 2866 βιάζε-

189 2873 241 2933 δίας
255 2872 295 2925 καί
310 2873 338 2926 06
358 2870 580 2942 χρήσυγχωρήσαι
602 2872 665 2924 ὥστε
679 2871 721 2923 καί
741 2872 770 2924 τδ
789 2872 876 2925 λυιπδν
894 2871 969 2936 ἀδεῶς
992 2926 996 2929 ,
1012 2892 1051 2926 ται
1066 2875 1185 2944 δημόσιον
1199 2874 1319 2926 δεικνύναι
1330 2872 1359 2924 τδ
1371 2875 1480 2943 γεγονός
1495 2876 1591 2943 πρώτου
1605 2876 1662 2946 μὲν,
1675 2876 1713 2928 θτι
1727 2880 1794 2929 πᾶσα

188 2950 309 3020 ύθρίζειν,
324 2950 352 3003 τό
367 2950 393 3003 δὲ
414 2949 447 3011 είς
461 2948 505 3015 τὴν
526 2948 739 3019 προκατασκευὴν,
762 2952 800 3002 θτι
816 2949 848 3019 μὴ
872 2949 968 3005 ἐναντία
1012 2952 1077 3021 θῦρις
1088 2948 1161 3003 καὶέν
1173 2951 1251 3020 ὁποίῳ
1262 2951 1352 3016 δήποτε
1367 2957 1442 3022 καιρῷ
1454 2952 1573 3021 δημόσιόν
1585 2952 1644 3007 ἐστι.
1661 2955 1708 3006 Καὶ
1719 2959 1794 3007 τοῦτο

189 3029 305 3096 ποιήσητε
318 3030 434 3100 χρήματα
445 3028 562 3090 λαθόντες
571 3026 608 3090 υίς
619 3029 734 3098 πρότερον
745 3028 848 3095 ἠξιοῦτε.
861 3030 908 3080 ίίαλ
920 3028 969 3083 ἰτε·
1012 3034 1131 3085 δείκνυσιν
1142 3031 1178 3083 ίνλ
1188 3031 1230 3102 μὲν
1246 3031 1286 3082 διὰ
1304 3034 1347 3083 τοῦ
1359 3029 1452 3095 εἰπεῖν,
1474 3054 1485 3080 ι
1503 3031 1544 3093 τὰς
1556 3032 1599 3102 μίν
1611 3034 1703 3105 γραρδς
1715 3033 1793 3086 ἔδωκε

189 3108 305 3174 λειότησιν
320 3106 387 3178 αύτῷ
400 3107 429 3160 τδ
442 3111 601 3178 συμπέρασμα
619 3105 652 3168 εἰς
669 3107 765 3160 τελικὸν
782 3110 923 3179 κεράλαιον,
940 3112 968 3164 τδ
1012 3112 1085 3165 παντὶ
1105 3116 1141 3181 τῷ
1163 3110 1319 3180 βουλομένην,
1343 3108 1372 3160 τὀ
1392 3108 1418 3162 δὲ
1439 3110 1533 3180 τίμημα
1556 3111 1653 3177 ἐποίησε
1672 3114 1792 3183 δημόσιον

189 3189 314 3257 συμφέρον.
352 3186 397 3239 Διά
421 3190 494 3239 τοῦτο
514 3187 561 3257 γάρ
586 3205 665 3256 ραμεν
688 3189 829 3258 συγγένειαν
854 3188 920 3258 ἔχειν
939 3191 969 3243 τὰ
1011 3190 1082 3243 θλον.
1097 3211 1108 3239 ι
1124 3190 1238 3259 Δευτέρου
1254 3188 1296 3251 δὲ,
1312 3188 1350 3239 ὅτι
1368 3189 1446 3241 πάντα
1462 3188 1492 3240 τά
1513 3188 1538 3240 ἐν
1557 3192 1589 3260 τῇ
1611 3189 1683 3260 ἑορτῇ
1704 3193 1792 3261 γιγνό·

188 3267 304 3336 προοίμια
316 3267 375 3336 πρὸς
395 3266 450 3327 τούς
467 3263 615 3335 ίπιλόγους,
630 3266 692 3318 διότι
715 3266 912 3337 σνμπληροῦνται
930 3269 971 3322 κά·
1015 3286 1076 3339 μενα
1084 3306 1091 3333 ,
1100 3270 1145 3320 κᾶν
1153 3267 1186 3329 εἰς
1197 3267 1294 3331 ἰδιώτην
1309 3262 1334 3337 6,
1350 3267 1457 3335 δημόσιά
1470 3265 1528 3319 ἰστι·
1545 3269 1643 3338 τρίτου,
1659 3269 1689 3322 τά
1701 3269 1734 3330 είς
1747 3288 1793 3338 χο·

189 3349 265 3398 κεῖνοι
280 3349 331 3408 τοῖς
341 3345 446 3407 τελικοῖς
457 3345 604 3415 κεφαλαίοις.
619 3346 806 3399 BFRSYTCV.
1014 3348 1090 3417 ρηγδν
1104 3348 1240 3418 γιγνόμενα
1257 3345 1299 3396 καί
1312 3345 1399 3416 πολλῷ
1417 3345 1500 3398 πλέον·
1517 3348 1649 3416 τετάρτου,
1665 3349 1703 3399 θτι
1715 3347 1743 3399 ού
1757 3348 1791 3399 δι’

226 3426 287 3488 515,
298 3429 343 3478 26.
358 3422 387 3475 Εἰ
397 3422 440 3494 μὲν
452 3418 496 3475 ούν
505 3419 663 3494 ,ὦάνδρες]
678 3424 712 3475 Τδ
724 3423 767 3494 μὲν
782 3430 876 3494 πρῶτον
888 3428 969 3495 σροοί
1013 3424 1055 3494 ἰμλ
1070 3427 1156 3495 μόνον,
1165 3424 1231 3476 ἀλλά
1245 3424 1285 3476 καί
1295 3423 1335 3475 διά
1345 3425 1435 3485 πάντας
1448 3425 1503 3486 τούς
1516 3425 1606 3489 ἀλλους
1616 3426 1789 3495 θσουςθθρισεν

191 3523 246 3575 μιον
265 3509 308 3556 τοῦ
321 3506 490 3597 πραγματικοῦ
505 3503 666 3555 πλεῖστον
636 3503 739 3573 μετέχον
752 3502 897 3556 ἔλαττον
874 3524 928 3575 ειχε
942 3506 970 3558 τδ
1013 3507 1076 3570 ἀξιός
1088 3506 1177 3561 ἔστιν
1164 3529 1197 3569 ως
1208 3505 1319 3577 θόριστης
1336 3527 1366 3559 κα
1366 3507 1534 3576 λτυρσννικδς
1547 3510 1652 3600 δημοσίᾳ
1668 3509 1790 3574 κολασθῇ·

190 3583 334 3649 παθητικόν
351 3580 412 3634 ἐνδί
426 3580 505 3649 τούτῳ
518 3579 592 3633 πλέον
604 3579 718 3649 βουλεται
733 3598 829 3646 κινησαι
838 3581 866 3634 τό
875 3583 968 3647 πάθος
1013 3605 1061 3640 ναι
1111 3580 1258 3657 Πρῶτον
1231 3606 1274 3637 ουν
1293 3585 1460 3639 ἀποδείκνυσιν
1481 3587 1519 3637 ότι
1543 3589 1610 3639 παῖσα
1627 3586 1656 3638 66
1658 3605 1692 3656 ρις
1711 3587 1791 3655 δημό·

189 3661 233 3713 ίνα
248 3658 436 3729 πανταγόθεν
415 3678 458 3711 τον
468 3655 583 3722 δικασεην
592 3660 749 3728 γειρωσηται
787 3658 830 3719 Εις
840 3658 935 3712 τελικον
944 3660 970 3713 δε
1013 3664 1066 3714 σιόν
1082 3662 1144 3726 ἔστι,
1159 3663 1199 3716 καί
1210 3682 1291 3732 φησιν

191 3740 321 3810 κεφάλαιον
342 3738 457 3804 κατίληξε
477 3737 505 3790 τδ
521 3738 680 3808 συμπέρασμα
702 3741 745 3803 τῆς
764 3740 859 3808 πρώτης
879 3741 969 3810 προτά
1048 3742 1108 3806 516,
1121 3758 1164 3795 61.
1180 3740 1211 3793 Εἴ
1221 3760 1256 3802 τις
1265 3735 1309 3793 οθν
1324 3740 1407 3811 θμῶν]
1424 3739 1575 3795 Ἐντεῦθεν
1564 3762 1579 3807 6
1592 3741 1788 3812 προκατασκεοὴ,

191 3836 260 3879 σεως.
276 3817 464 3871 BFRSYTCV.
1013 3808 1080 3873 ἔνθα
1084 3822 1164 3887 τίθησι
1175 3822 1230 3882 τοῦς
1243 3822 1286 3872 δύο
1300 3822 1401 3890 νόμους,
1421 3821 1536 3872 δεικνύων
1556 3823 1593 3874 ὅτι
1607 3822 1725 3891 δημόσιόν
1739 3821 1791 3874 ἔστι

230 3895 361 3950 Ἐντεῦθνν
380 3896 408 3948 τδ
425 3895 568 3965 [δεύτερον]
587 3895 723 3965 προοίμιον.
766 3895 837 3950 Ἐστι
854 3898 880 3950 δὲ
900 3898 968 3966 καὶὴ
1012 3900 1040 3953 τδ
1055 3899 1171 3971 ἀδίκημα.
1220 3900 1318 3970 Ἓτεροι
1340 3902 1366 3953 δί
1379 3919 1449 3969 φασιν
1463 3902 1502 3953 ότι
1515 3903 1588 3952 τοῦτο
1609 3901 1682 3953 δοκεῖ
1693 3900 1735 3970 μὲν
1748 3919 1790 3951 66·

190 3979 303 4045 πρότασις
314 3973 387 4027 αύτοῦ
401 3972 515 4046 διμερὴς,
533 3974 573 4025 καί
588 3974 692 4026 τίκτεται
707 3971 817 4028 ἐντεῦθεν
833 3975 894 4047 ἡμῖν
909 3977 968 4030 ἀπο·
1012 3982 1193 4051 νηρτῖησθαιτῷ
1207 3980 1343 4049 προοιμίῳ,
1368 3980 1396 4031 τό
1416 3979 1442 4031 δὲ
1462 3978 1550 4045 ἀληθὲς
1568 3981 1649 4048 ὥσπερ
1662 3980 1790 4049 προοίμιόν

190 4056 246 4124 ρία,
258 4055 296 4107 ότι
310 4052 471 4115 πιῦςένταῦθα
484 4052 567 4122 λίγει,
581 4051 602 4105 εἰ
616 4047 645 4118 ήν
659 4055 849 4122 παραπρεσθείας
862 4055 875 4107 6
890 4056 967 4126 ἀγὼν,
1012 4058 1061 4112 ἔστι
1075 4063 1117 4125 τῆς
1130 4063 1276 4124 κατασκευῆς
1288 4062 1332 4124 τῆς
1346 4056 1491 4127 μελλούσης.
1533 4056 1659 4110 Ἐντεῦθεν
1672 4058 1720 4128 γάρ
1731 4078 1791 4128 προ

191 4132 234 4185 οὖν
248 4133 277 4183 δν
291 4130 413 4202 ἐδεόμην,
428 4132 531 4191 καὶπῶς
548 4129 573 4182 ἐν
597 4131 826 4202 1626’616606
841 4137 967 4205 (μεδήι,
1012 4137 1106 4198 όιόάζει
1120 4156 1174 4207 περι
1193 4140 1236 4188 τοῦ
1254 4134 1415 4206 χρῆναιτά
1405 4155 1430 4188 εν
1450 4135 1505 4205 τῇ’
1497 4139 1569 4207 εορτῇ
1588 4138 1667 4189 πάντα
1684 4138 1792 4205 δημόσια

191 4214 236 4283 5),
251 4211 483 4282 παραπρεσόείαςύ·
474 4211 656 4280 ,αρχοντοςτοῦ
671 4208 804 4279 ἀγῶνος,
791 4215 876 4267 οεῖται.
924 4214 970 4265 ίίαί
1012 4217 1134 4284 νομίζειν,
1148 4236 1190 4267 και
1204 4215 1231 4267 06
1246 4221 1294 4267 τῶν
1315 4215 1380 4267 ἰδίων
1395 4216 1459 4277 τινδς
1476 4217 1547 4269 ἕνεκα
1563 4218 1688 4287 γίνεσθαι,
1709 4219 1790 4270 τουτέ-

190 4308 268 4360 ραμεν
290 4289 328 4342 ότι
353 4289 424 4352 αύτδς
437 4288 558 4343 ύπιλῦεται
581 4285 661 4383 λίγῳν
681 4290 719 4339 ὅτι
732 4290 839 4360 δέομαι
831 4296 898 4360 υμῶν
918 4293 970 4362 μετ’
1012 4313 1063 4347 στιν
1078 4297 1115 4347 ὅτι
1130 4299 1195 4348 πᾶσα
1211 4296 1275 4365 θύρις
1288 4296 1405 4364 δημόσιόν
1421 4295 1495 4349 ἔστιν

191 4368 283 4430 ευνοίας
291 4367 401 4421 ἀκουσαι
439 4366 597 4435 Φούηθειςδε
610 4366 642 4438 μή
656 4369 793 4463 μυρίζεσθαι
806 4370 880 4441 δόξῃ,
895 4390 970 4437 κατη·
1047 4373 1079 4425 Εί
1089 4393 1123 4435 τις
1134 4394 1200 4442 υυων
1215 4374 1275 4444 ἀρα]
1290 4375 1376 4443 Τρίτον
1386 4375 1523 4443 προοίμιον
1540 4376 1594 4427 BR

196 4499 201 4518 Ι
190 4453 270 4519 ρῶν
286 4448 344 4518 μὶν,
365 4446 543 4501 ικετ.υινδὲ
530 4466 563 4507 ως
582 4446 605 4497 οί
625 4447 771 4517 φεύγοντες,
788 4447 826 4500 ίθ
815 4450 963 4519 ράπευσε
943 4469 970 4502 το
1049 4453 1099 4503 516
1092 4474 1109 4515 ,
1122 4453 1165 4503 23.
1185 4450 1239 4503 Ἐνθ
1227 4452 1340 4521 υμηθελς
1351 4452 1471 4524 νυν]ίίσιι
1484 4471 1556 4504 τουτο
1568 4472 1611 4504 του
1597 4454 1721 4522 πρώτου
1733 4454 1791 4523 ὅρου

191 4528 283 4581 λυποῦν
298 4525 324 4578 ἐκ
334 4530 377 4592 τῆς
388 4531 430 4580 τοῦ
442 4527 570 4596 προοιμίου
580 4527 718 4595 προτάσεως
742 4524 772 4577 Εἰ
782 4525 823 4596 μὲν
834 4524 871 4579 ἐπ’
884 4526 970 4589 ἀλλοις
1012 4530 1053 4581 καί
1064 4533 1144 4599 ὥσπερ
1161 4535 1244 4582 κοινοῦ
1258 4535 1301 4582 τοῦ
1313 4533 1463 4602 πράγματος
1501 4532 1586 4583 Πάντα
1602 4532 1650 4602 γάρ
1662 4535 1738 4585 ταῦτα
1747 4539 1791 4584 τοῦ

192 4607 305 4677 ἔκρινον,
324 4605 367 4658 ουκ
378 4607 406 4658 ἀν
422 4603 538 4672 ἐδεήθην,
555 4604 595 4656 καί
609 4603 661 4658 ειπε
679 4605 804 4674 οημοσίων
815 4604 970 4676 ἀδικημάτων
1012 4608 1171 4678 δημοσίαν
1148 4629 1212 4661 ειναι
1226 4611 1304 4661 πᾶσαν
1317 4610 1384 4679 θύριν
1397 4612 1603 4663 κατασκευαστικά
1617 4610 1692 4664 ἔστιν,

191 4686 318 4756 όνόματα,
342 4686 490 4755 παρανόμων
510 4683 552 4737 καί
569 4702 676 4755 παραπρ
652 4685 773 4753 ρε,σθείας
792 4683 949 4746 ἔξισάζων
925 4706 969 4753 την
1050 4690 1110 4750 516,
1126 4690 1170 4740 68.
1187 4686 1377 4784 Ἆναγνώοεται]
1395 4689 1523 4741 Ἐντεῦθεν
1538 4692 1648 4758 καθαρῶς
1666 4688 1698 4750 εἰς
1715 4686 1790 4754 αύτήν

191 4768 257 4838 νθριν
267 4769 319 4829 τοῖς
331 4767 457 4836 δηιιοσίοις
467 4764 607 4834 ἀδικήμασι
647 4758 805 4817 Βούλεται“
779 4782 821 4817 ουν
831 4764 914 4828 εαλως
927 4785 970 4819 κα·
1013 4765 1057 4830 τὴν
1078 4766 1274 4836 προκατασκενὴν
1298 4766 1361 4820 εἰσῦε
1352 4768 1469 4835 ’θληκεν,
1490 4769 1542 4833 ήτις
1563 4767 1628 4821 ἔστιν
1647 4769 1696 4822 6
1683 4769 1792 4837 οεύτερος

191 4848 295 4918 τήγορος
316 4847 471 4944 κατατρίγειν
486 4845 527 4897 καί
548 4843 670 4897 ἐλεεῖσθαι
690 4844 723 4904 ως
735 4862 847 4913 ρευγων
865 4862 907 4894 και
920 4843 971 4914 αμα
1013 4847 1085 4913 ὅρος,
1100 4846 1139 4898 ότι
1154 4864 1233 4897 ταντα
1244 4865 1275 4898 τα
1287 4846 1311 4898 ἔν
1326 4865 1355 4917 τη
1343 4846 1423 4918 {op
1424 4851 1440 4919 ᾔ
1457 4848 1576 4918 γινόμενα
1587 4849 1695 4917 δημόσια
1713 4845 1788 4902 ἔστιν.

191 4925 268 4987 δειςαι
280 4926 312 4988 ὡς
321 4945 362 4978 και
376 4924 446 4987 αύτδς
436 4924 473 4977 5
486 4924 554 4996 ἀγδιν
566 4926 770 4995 ὁμολογουμένως
781 4922 832 4975 ἔστί
844 4924 969 4992 δημόσιος.
1014 4924 1059 4975 Ιιάι
1069 4921 1230 4992 ἀναγινώσκει
1242 4925 1297 4986 τούς
1308 4926 1414 4994 νόμους,
1430 4923 1494 4979 δι’7
1476 4945 1513 4978 ων
1526 4929 1600 4978 τοῦτο
1614 4926 1791 4987 κατασκευάζε-

228 5005 289 5069 515,
303 5021 348 5074 κη.
361 5004 476 5075 Νομίζων
496 5008 532 5073 τῷ
547 5004 590 5073 μὲν
604 5003 747 5073 κατηγόμην]
764 5000 890 5056 Ἐντεῦθεν
901 5001 915 5068 6
928 5024 971 5055 κα·
1012 5019 1062 5056 ται.
1078 5002 1241 5054 BFRSTCV.

192 5082 296 5149 εαστιενὴ
307 5089 350 5138 τοῦ
364 5087 463 5153 πρώτου
478 5085 572 5154 μέρους.
595 5081 680 5137 Θέλων
694 5082 720 5133 δὲ
734 5084 819 5143 σώζειν
835 5081 863 5134 τδ
877 5081 971 5152 ἀξίωμα
1048 5081 1096 5132 Τδν
1113 5082 1206 5152 νόμον]
1224 5079 1253 5133 Ὁ
1268 5084 1342 5152 νόμος
1351 5085 1523 5144 κατασκευάζει
1534 5084 1576 5136 τδν
1591 5084 1648 5152 ὅρον
1661 5088 1703 5135 τοῦ
1713 5084 1791 5136 πάντα

192 5164 295 5217 δεικνύει
306 5164 339 5225 ὡς
351 5163 459 5217 ούδὲποτ’
477 5164 506 5215 ἄν
517 5162 618 5229 ἐδεήθην
630 5167 791 5232 κατηγορῶν,
805 5161 826 5215 εί
839 5159 872 5233 μή
891 5165 933 5214 νῦν
945 5162 970 5214 ἐν
1012 5160 1043 5214 τά
1058 5160 1083 5214 ἐν
1095 5164 1126 5232 τῇ
1140 5160 1211 5231 ἑορτῇ
1224 5162 1342 5232 γινόμενα
1355 5162 1461 5232 δημόσια
1473 5163 1554 5215 δοκεῖν
1569 5159 1643 5214 εἷναι.
1657 5163 1754 5215 ΒίΤίλ

192 5250 229 5316 τίζι
248 5250 295 5298 τῶν
316 5245 455 5315 φευγόντων
478 5243 586 5313 σχήματι
605 5231 780 5307 καθειστήκειν.
819 5242 853 5294 Το
870 5240 993 5312 γάρτυι
1051 5242 1149 5311 517,1.
1167 5240 1262 5310 Νόμος
1280 5242 1334 5303 τούς
1346 5243 1470 5312 πρυτάνεις
1490 5243 1585 5311 ποιεῖν]
1611 5240 1734 5311 Ἐροόήθη
1757 5240 1790 5311 μή
