3967 5967
749 482 802 542 111.
825 481 1073 543 ΟΛΥΝΘίΑίίΟΣ
1094 481 1127 541 Γ.
1673 485 1730 537 563

141 612 214 661 τοῦτο
228 608 311 677 μίμους
324 603 781 680 σώματοςείπεν,ἐμμένωντήτρσπῇ
794 606 913 662 τοῖέκνε·
959 607 1154 675 άποστήναιτῶν
1168 609 1301 678 θεωρικῶν,
1316 607 1429 677 βοθλεται
1442 605 1528 668 αθτοδς
1544 606 1637 667 τούτοις
1648 606 1731 676 μόνοις
1820 654 1823 660 .

142 686 298 755 νευρισρὲνοε.
308 685 397 738 13ch
401 730 408 741 .
959 685 1101 758 ἐρκεῖσθαι·
1117 687 1158 740 καὶ
1176 685 1209 758 μὴ
1228 685 1270 739 ἐάν
1285 688 1430 749 δικάζωσιν,
1452 686 1467 751 ὴ
1483 684 1693 755 συμδσυλεθωσιν,
1714 683 1730 749 ὴ

178 765 221 831 37,
229 769 256 816 6.
271 760 457 831 Βοίδια]τσΰτο
468 762 501 825 είς
515 764 623 834 Χάρητα.
660 762 748 824 Δεαὸδς
763 763 811 834 γάρ
824 761 858 824 είς
868 760 914 828 τὴν
959 764 1325 835 ἐκστρατεθωνται,λαμδάνειν
1340 765 1436 833 μισθόν.
1451 764 1531 816 Tev.

146 838 224 893 ’λαίαν
236 840 294 912 πρδς
309 839 465 911 Ἀρτάὸαξσν,
475 843 528 902 τοῖς
539 840 640 904 ξενικοῖς
653 841 812 911 στρατεύμασι
823 841 913 910 πορθή·
992 843 1086 896 Οθκοῖν
1099 843 1129 896 σθ
1139 842 1286 914 μισθοφοράν
1298 843 1406 914 λίγεις;]
1420 840 1582 912 Ἆνθυπορορίι
1592 841 1622 893 τδ
1633 842 1730 910 σχῆμα,

141 917 915 992 σαςΛάμψαπονκαίΣίγειον,ίπερὴενἎθηναίοιςβσθς,άςδιεί-
956 922 991 974 ἵν’
1005 922 1038 984 ώς
1062 921 1147 974 δοῦλοι
1164 921 1279 991 λάθωμεν
1304 921 1390 992 μισθδν
1409 921 1451 974 καί
1472 921 1548 981 οθτως
1570 918 1729 988 πολεμῶμεν·

141 995 216 1050 λοντο
230 997 293 1051 κατά
305 998 391 1068 φυλάς.
405 1001 461 1054 ΑΒ.
958 1004 1031 1053 τοῦτο
1040 1000 1087 1072 γάρ
1098 999 1196 1071 ήνίξατο
1206 999 1231 1053 ἐν
1245 1002 1298 1060 τοῖς
1305 1000 1374 1062 άνω,
1387 1000 1424 1051 δτι
1435 999 1477 1050 δεῖ
1486 998 1572 1050 λαθεῖν
1585 996 1616 1049 τδ
1630 994 1733 1065 θεωρικά

173 1075 292 1145 Ρράφεται
305 1077 347 1129 καὶ
360 1077 503 1147 βοηδρθμια.
542 1076 588 1128 Ka}
608 1077 656 1147 γάρ
666 1076 807 1146 φασιν,θτε
824 1074 914 1146 ἔπεμψε
959 1076 992 1139 εἰς
1006 1078 1092 1148 μισθδν
1106 1077 1223 1147 πολίμου.
1261 1074 1326 1129 Εἶτα
1338 1073 1419 1141 ἐπειδὴ
1431 1075 1510 1129 ἐδόκει
1519 1073 1658 1146 ἐρθθριστον
1668 1070 1732 1125 εἶναι

139 1150 183 1218 τὴν
195 1152 263 1206 λείαν
276 1152 291 1206 θ
304 1153 545 1225 Βάρης,βοηδρ6μια
557 1149 597 1221 ὴν.
635 1154 670 1207 Tb
684 1154 710 1207 δέ
724 1152 810 1223 βοίδια
825 1153 913 1207 θποκο·
959 1156 1076 1226 τδδνομα
1093 1160 1136 1221 τῆς
1148 1156 1310 1226 μισθοφορᾶς,
1324 1153 1473 1225 μεταδαλλει
1484 1154 1525 1206 καί
1538 1152 1646 1214 σθνταξιν
1657 1149 1732 1217 αθτὴν

140 1234 247 1302 ριστικθν
262 1230 362 1287 ἐστινέν
378 1236 510 1305 συναιρίσιι
524 1232 624 1304 Ἀττικῷ
635 1234 694 1288 ἐθει.
710 1235 790 1288 TCV.
959 1234 1046 1286 καλεῖ·
1062 1239 1098 1306 τῷ
1119 1234 1145 1287 δέ
1162 1233 1228 1305 ἔργιρ
1245 1233 1287 1286 καί
1305 1239 1341 1305 τῷ
1355 1232 1447 1300 άληθεῖ
1460 1230 1505 1298 τὴν
1520 1230 1593 1297 αὐτὴν
1607 1231 1682 1284 καλεῖ
1693 1230 1734 1283 καί

175 1312 222 1365 ίίαί
239 1312 268 1365 εδ
289 1313 387 1366 πάντων
401 1312 599 1385 ἀνανδρότατον]
615 1313 732 1384 Γράφεται
747 1312 789 1365 καὶ
808 1311 915 1383 άνδριιθ·
959 1309 1068 1370 σύνταξιν
1087 1310 1129 1363 καί
1147 1313 1305 1382 μισθοφοράν.
1344 1311 1390 1364 Ka}
1405 1310 1453 1382 γὰρ
1475 1310 1516 1363 καὶ
1532 1309 1557 1363 ἐν
1576 1313 1607 1381 τῇ
1626 1308 1734 1368 συντάξει

139 1390 259 1442 τατονίν’
279 1385 295 1462 ᾗ
316 1389 379 1443 κατὰ
392 1389 524 1463 είρωνείαν.
562 1391 596 1444 ⁰0
613 1410 676 1452 τινες
692 1389 855 1460 ἀγνοήσαντες
869 1387 914 1456 τὴν
960 1390 1044 1461 μισθός
1056 1390 1121 1443 ἐστιν
1135 1390 1333 1461 θπαρεχόμενος,
1375 1388 1570 1459 Ὧσανείέλιγε·
1586 1385 1734 1457 μισθοφορὰν

140 1470 183 1520 νῦν
202 1468 338 1538 φερομίνην
360 1466 455 1538 γραφὴν
478 1467 605 1537 ἐποίησαν.
642 1468 677 1522 Tb
701 1467 727 1523 δέ
744 1468 915 1537 προσοφείλετε
958 1468 1028 1521 καλῶ
1038 1466 1086 1538 σιίχ
1098 1469 1128 1535 ὴν
1143 1468 1213 1539 θμεῖς
1224 1468 1351 1539 νομίζετε,
1364 1468 1534 1538 παρεχομίνην
1551 1469 1603 1528 τοῖς
1618 1465 1731 1528 δούλοις,

140 1546 212 1618 χάριν
225 1545 310 1611 εἶπεν,
324 1546 405 1613 ἐπειδή
418 1566 490 1618 φασιν
511 1550 551 1603 δτι
573 1546 740 1619 ἐστεφάνωσαν
757 1544 797 1603 ἐπὶ
817 1547 916 1618 τῇλείφ
961 1546 1028 1599 άλλί
1046 1544 1092 1612 τὴν
1107 1550 1278 1617 παρεχομίνην
1290 1549 1342 1609 τοῖς
1361 1542 1494 1618 ἐλευθίροις
1513 1545 1571 1616 θπίρ
1584 1548 1627 1598 τοῖν
1636 1543 1733 1614 λαμδά-

131 1623 183 1677 .τδν
192 1623 299 1694 Χάρητα.
308 1624 389 1677 mv,
959 1624 1059 1679 νιινκαί
1070 1627 1149 1678 ποιεῖν
1163 1624 1194 1678 τίι
1204 1626 1300 1679 δίοντα.
1337 1625 1372 1678 Ἰδ
1386 1624 1413 1678 δέ
1426 1624 1539 1678 άπάντων
1553 1621 1608 1676 άντί
1620 1627 1663 1675 τοῦ
1676 1622 1734 1693 ὑπὲρ

175 1702 246 1770 37,8
269 1699 455 1771 ίίαθείρξαντες]
468 1698 523 1753 οἷον
536 1700 720 1772 συγκλείσαντες
730 1698 816 1770 καὶμὴ
831 1699 916 1762 ἐῶντες
959 1703 1072 1757 ἁπάντων
1085 1710 1134 1756 τῶν
1148 1706 1313 1775 πραγμάτων,
1326 1704 1368 1756 καί
1384 1702 1409 1757 ἐν
1422 1703 1523 1775 πολίμιφ
1538 1701 1579 1755 καί
1600 1702 1624 1756 ἐν
1639 1701 1732 1775 εἰρήνη.

140 1778 270 1849 πολεμεῖν·
286 1777 339 1833 εἶπε
354 1779 381 1833 δέ
390 1779 424 1842 ώς
435 1778 474 1833 ἐπί
491 1780 662 1850 δεσμουμάνων
677 1778 766 1848 θηρίων
777 1776 821 1843 τὴν
839 1777 913 1840 λάξιν.
959 1781 1077 1835 Βοώλεται
1087 1781 1144 1853 γάρ,
1156 1779 1237 1845 ἐπειδὴ
1251 1781 1296 1851 θρᾷ
1307 1780 1392 1842 αθτοδς
1404 1777 1437 1851 μὴ
1448 1779 1610 1851 βουλομένους
1620 1778 1692 1831 λῦσαι
1704 1779 1735 1832 τά

140 1857 183 1909 διδ
195 1856 279 1929 ἐπάγει
289 1858 331 1909 καί
344 1858 373 1911 τδ
386 1858 537 1911 τιθασεθσυσι
547 1858 589 1911 καί
606 1858 635 1910 τδ
653 1857 798 1927 χειροήθεις.
834 1859 916 1912 Ταῦτα
960 1859 1080 1932 θεωρικά,
1095 1860 1229 1929 λαμὸάνειν
1242 1858 1303 1913 αὗτδ
1312 1859 1338 1914 ἐν
1352 1859 1435 1931 είρήνη
1446 1859 1487 1912 καί
1499 1856 1525 1912 ἐν
1539 1858 1640 1930 πολάμῳ
1653 1857 1734 1929 άρκεῖ·

140 1936 188 2008 γὰρ
200 1937 278 1990 πάντα
288 1936 328 1990 ἐπὶ
345 1937 435 2007 θηρίων
449 1934 568 2007 εἰώθαμεν
578 1934 833 2006 πσιεῖν,ήμεροΰντες
844 1935 913 1991 ωθτά.
959 1937 1015 1989 σθαι
1025 1936 1066 1988 καί
1079 1934 1113 2007 μὴ
1124 1937 1208 2002 ζητεῖν
1222 1936 1323 1990 πλείονα
1335 1936 1360 1991 ἐν
1378 1935 1488 2008 πολίμεμ.
1525 1936 1618 1988 ίίοινών
1632 1935 1658 1988 δέ
1676 1953 1735 2005 φησι

140 2015 187 2067 ίίαί
199 2016 227 2069 τδ
237 2012 353 2080 ἐπάγουσι
361 2014 387 2068 δί
397 2014 431 2076 ώς
440 2013 479 2068 ἐπί
489 2016 578 2087 θηρίιυν
591 2014 672 2070 εἶπεν·
688 2014 806 2087 εἰώθαμεν
816 2015 864 2087 γάρ
874 2018 916 2071 καί
959 2022 1008 2069 τῶν
1017 2018 1149 2089 δημοσίων.
1164 2018 1282 2075 BHRSP.
1295 2016 1472 2088 ’λνθυπσφορά
1484 2016 1535 2083 ήτις
1548 2018 1608 2088 μίση
1618 2016 1735 2085 τυγχάνει

141 2090 173 2144 τὰ
183 2092 255 2163 θηρία
266 2090 341 2154 οὕτως
352 2090 498 2162 ἐξημεροῦν,
513 2092 554 2144 διά
569 2097 613 2146 τοῖν
624 2092 669 2159 τὴν
682 2096 756 2165 χεῖρα
767 2096 820 2156 τοῖς
831 2096 915 2166 σώμα·
961 2094 1144 2158 ἀντιπίπτοντος
1157 2096 1198 2149 καί
1210 2095 1366 2161 άντιθέσεως,
1383 2098 1470 2167 μεῖζον
1482 2096 1526 2167 μέν
1537 2094 1733 2156 άντιπίπτοντυς,

141 2189 180 2224 σιν
194 2170 273 2224 αὐτῶν
287 2170 386 2241 ἐπάγειν
395 2210 403 2235 ,
413 2171 489 2225 οἱονεί
497 2173 669 2234 κολακεθοντες
683 2172 744 2227 αθτδ
755 2173 795 2226 διὰ
806 2178 848 2226 τοῦ
861 2193 914 2245 χιι·
961 2165 1035 2238 ήττον
1049 2173 1075 2226 δέ
1089 2172 1239 2236 άντιθέσεως.
1281 2172 1355 2227 Ἀλλὰ
1367 2174 1428 2236 λέξει
1440 2193 1491 2236 τις·
1507 2172 1661 2244 μισθοφορεῖν
1674 2170 1734 2241 ἡμῖν

139 2249 270 2319 ροτριθεῖν.
289 2252 341 2303 BP.
365 2249 409 2303 ’Fa
434 2255 569 2323 μεταφοραῖς
589 2258 638 2306 τῶν
656 2251 756 2324 άλθγων
770 2254 855 2324 ζῴων·
876 2254 915 2307 διδ
959 2249 1143 2320 συμθουλεθειςς
1162 2254 1234 2305 τοῦτο
1250 2250 1272 2302 δ’
1289 2246 1319 2317 ὴν
1335 2249 1465 2319 Ἀθηναίοις
1479 2248 1614 2312 εδδοξυῖσιν
1633 2245 1735 2319 ἐπαχθές

139 2330 181 2382 καί
199 2329 229 2383 τδ
244 2330 409 2383 τιθασεθσυσιν
425 2330 467 2383 καί
485 2330 515 2385 τδ
530 2332 666 2403 χειροήθεις
683 2331 817 2403 ἐπήγαγεν.
830 2334 912 2389 ch.
958 2330 1039 2382 τεκαὶ
1054 2330 1194 2400 βαρύτερον.
1210 2335 1244 2383 Α.

174 2408 218 2477 37,
233 2412 274 2471 14·
282 2408 365 2460 Tarm
376 2405 461 2478 μέτὴν
469 2408 606 2480 Δήμητρα]
620 2407 747 2464 Ἐντεῦθεν
756 2410 780 2463 οἱ
792 2409 912 2482 ἐπίλογοι·
994 2409 1037 2473 38,
1053 2408 1079 2462 5.
1095 2408 1204 2469 Ἔξεστιν
1223 2409 1291 2478 άγειν
1312 2405 1432 2476 ήσυχίανζ
1448 2406 1515 2459 Πάνυ
1528 2406 1608 2467 καλῶς
1617 2402 1662 2470 τὴν
1675 2404 1734 2469 ὴσυ-

139 2492 408 2556 προκατασκευαστιαίῖνς
421 2486 473 2540 δέδ
492 2488 572 2559 ῥήτωρ
586 2489 629 2542 τδν
640 2490 751 2544 κίνδυνον
766 2490 914 2562 βουλόμενος
959 2485 1017 2554 χίαν
1033 2485 1159 2556 προέταξε·
1179 2485 1298 2556 ῥᾳθύμους
1311 2483 1358 2556 γὰρ
1380 2484 1582 2554 προσφθέγγεται.
1619 2480 1683 2535 Εἶτα
1694 2482 1735 2533 ίνα

138 2565 224 2634 φυγεῖν
235 2564 307 2617 τοθτθ
318 2581 400 2633 φησιν.
413 2564 493 2617 w.
959 2560 992 2633 μὴ
1008 2565 1160 2633 μεμνημένος
1172 2567 1215 2615 τοῦ
1228 2563 1347 2633 ὀνόματος
1358 2565 1402 2614 τοῦ
1416 2562 1523 2634 πολέμου
1537 2559 1645 2632 ἐπαχθὴς
1653 2561 1716 2633 ὀφθῇ
1723 2601 1732 2626 ,

174 2640 216 2693 Μὰ
224 2639 268 2706 τὴν
279 2640 414 2712 Δήμητρα]
429 2639 622 2713 Ἐπειδὴήσθετσ
632 2641 717 2703 αὐτοὺς
725 2641 839 2713 δργίλους
848 2661 915 2710 γινσ·
958 2640 1002 2693 σθκ
1023 2640 1168 2712 ὠνόμασεν,
1190 2640 1247 2693 ἀλλ’
1271 2638 1339 2694 εἶπεν
1363 2637 1417 2694 οίον
1439 2641 1480 2694 καί
1507 2640 1538 2694 τὰ
1558 2645 1600 2693 νῦν
1615 2640 1727 2711 ὑπάρχει.

140 2721 225 2789 μίνους
244 2717 285 2770 διὰ
305 2718 334 2770 εδ
356 2717 439 2771 πολλά
454 2718 537 2780 αθτσῖς
558 2719 713 2790 ἐπιτιμῆσαι,
732 2715 777 2784 τὴν
797 2718 914 2789 Δήμητρα
957 2719 1059 2772 TCFV.

140 2797 309 2851 ἐπαυλεῖται.
349 2792 670 2869 [Είκδςγὰρήνήήμίρους
681 2795 914 2867 αθτυίιςάπεργάσα·
994 2800 1038 2861 38,
1050 2803 1075 2853 8.
1087 2796 1246 2869 Συμδαίνειτι
1255 2795 1689 2869 τοιοῦτον]Ἆποστρορὴτδσχῆμα.
1701 2798 1732 2849 C.

140 2876 209 2940 σθαι,
224 2872 268 2941 τὴν
282 2874 378 2927 καὶτῶν
390 2873 486 2945 ὴμίρων
496 2876 578 2928 σιτίων
587 2874 666 2928 αἰτίαν
675 2875 809 2946 γενομίνην
822 2874 912 2937 αθτοῖς.
994 2875 1030 2928 Τέι
1046 2877 1105 2946 νῦν]
1127 2874 1182 2929 άντί
1195 2879 1239 2927 τοῦ
1261 2875 1380 2946 πόλεμον.
1418 2874 1483 2946 Ὅρα
1495 2874 1522 2929 δέ
1541 2880 1591 2936 πῖνς
1607 2875 1636 2927 τδ
1656 2875 1734 2945 ὄνομα

140 2955 191 3006 ΒΡ.
209 2952 251 3015 Ὦς
264 2952 393 3020 ἐπιπλήξας
405 2953 529 3023 θεραπεθει
542 2953 634 3019 πάλιν,
647 2953 687 3007 διὰ
698 2953 727 3007 τδ
740 2954 819 3025 τραχὶν
830 2954 857 3008 δέ
869 2953 914 3022 τὴν
958 2959 1001 3009 τοῦ
1014 2955 1122 3027 πολέμου
1137 2955 1322 3026 άποκρθπτεται.
1333 2958 1364 3008 Β.

140 3034 257 3104 Δήμητρα
266 3034 367 3105 ὄμνυσι,
381 3034 552 3104 τυγχάνουσαν
562 3032 618 3087 θεδν
630 3032 736 3103 ὴμερον,
746 3032 805 3102 πρδς
816 3033 845 3086 τδ
856 3032 913 3105 ήμί-
996 3033 1053 3088 Ἀπδ
1066 3040 1113 3087 τῶν
1128 3033 1206 3088 αὖτιῖιν
1218 3034 1310 3087 τούτων
1320 3036 1330 3105 ]
1342 3033 1479 3097 τουτίστιν,
1490 3033 1532 3085 ἵνα
1553 3029 1587 3102 μὴ
1606 3031 1664 3102 πρίις
1676 3034 1728 3093 τοῖς

140 3131 194 3181 ρους
202 3111 288 3174 αθτοίις
300 3115 407 3179 ποιήσαι.
446 3109 539 3181 Ὠσπερ
552 3109 600 3181 γάρ
614 3110 693 3178 ἐκείνη
708 3109 748 3162 διὰ
758 3116 806 3163 τῶν
817 3117 913 3182 καρπῶν
960 3113 1085 3184 θεωρικοῖς
1093 3113 1209 3185 λαμδάνῃ
1221 3113 1308 3185 μισθδν
1317 3104 1500 3183 στρατιωτικόν.
1513 3112 1593 3165 TCV.

140 3189 242 3261 ὴμίρους
259 3192 315 3253 τοδς
336 3190 475 3261 ἀνθρώπους
488 3189 616 3257 ἐποίησεν,
632 3188 708 3251 σθτως
724 3189 766 3242 καί
782 3188 853 3251 αθτδς
874 3189 914 3242 διά
996 3196 1040 3258 38,
1054 3213 1081 3263 9.
1096 3191 1406 3265 ΛημμάτωνῙλαμῖανέτω
1419 3190 1544 3256 δηλονότι.
1556 3189 1586 3243 C.

140 3272 184 3321 τοῦ
208 3270 281 3337 θρκου
305 3267 419 3339 βοίλετττ
432 3266 539 3338 ἡμεροῦν
560 3265 638 3321 οὔτῶν
653 3266 697 3333 τὴν
721 3265 854 3338 ἐγριότητα
870 3270 913 3327 τὴν
995 3270 1091 3342 Ὠσπερ
1112 3269 1164 3323 ἔστι
1177 3270 1285 3340 δίκαιον]
1303 3269 1349 3322 Καὶ
1361 3269 1409 3340 γὰρ
1429 3268 1457 3321 σθ
1473 3270 1614 3339 παράνομον
1635 3267 1665 3320 τὸ
1677 3267 1735 3337 θπὲρ

139 3348 274 3420 γενομίνην
287 3346 314 3400 ἐκ
324 3351 367 3412 τῆς
377 3345 546 3417 ἐπιτιμήσεως.
558 3347 617 3398 ΗΒ.
958 3351 1002 3415 τῆς
1014 3347 1174 3419 ἐνεγκαμένης
1185 3348 1241 3410 τσίις
1253 3347 1353 3409 πολίτας
1366 3335 1536 3417 ἐγωνίζεσθαι.
1547 3347 1627 3400 ch.

174 3429 219 3495 37,
242 3443 284 3493 17.
303 3424 368 3478 Ἀλλ’
389 3424 469 3495 ἐγωγε
482 3425 521 3477 δτι
541 3423 583 3477 καί
600 3424 662 3494 νῦν]
681 3421 780 3489 Ἐπειδὴ
795 3425 824 3478 τδ
841 3424 867 3479 ἐν
883 3429 914 3497 τῇ
995 3424 1066 3476 Ἔστι
1077 3444 1112 3485 τις
1132 3423 1178 3486 ίξω
1197 3428 1240 3491 τῆς
1258 3423 1353 3491 ἡλικίας
1371 3422 1479 3495 ήμών;]
1495 3423 1542 3475 ίίαί
1556 3424 1592 3485 τίς
1611 3421 1675 3475 ἐστιν
1690 3421 1736 3484 ἔξω

139 3506 254 3575 συνηθείᾳ
271 3509 350 3565 κακῶς
367 3502 520 3573 λεγόμενον,
539 3501 567 3554 οὗ
589 3506 679 3573 χρῆται
694 3502 723 3555 τδ
738 3501 775 3555 ἐτι
795 3503 837 3556 καί
853 3506 912 3567 νῖν,
959 3506 1001 3569 τ’ής
1014 3502 1161 3569 καθολικῆς,
1173 3497 1227 3555 οίον
1239 3504 1315 3569 νέων,
1328 3501 1435 3573 ἀνδρῶν,
1447 3503 1569 3574 γσρθντων
1579 3542 1586 3567 ,
1597 3500 1619 3555 εί
1635 3500 1668 3573 μὴ
1687 3502 1735 3573 δρα

140 3580 198 3632 ἀλλ’
211 3582 250 3634 δτι
263 3584 305 3633 νῦν
315 3580 371 3633 άντί
379 3581 466 3635 τοίιτσυ
480 3581 602 3651 κίχρηται.
640 3579 685 3631 Διὰ
694 3579 721 3633 δέ
729 3583 773 3633 τοθ
783 3579 864 3651 λέγειν
876 3582 914 3633 δτι
958 3583 982 3634 σί
995 3581 1195 3649 τελευτήσαντεςς
1212 3581 1318 3652 λέγομεν
1334 3575 1377 3634 οὖν
1390 3582 1428 3634 δτι
1438 3579 1535 3647 ὴλικίαν
1552 3580 1654 3634 ἐκάλουν
1673 3579 1735 3642 ἐξαι·

140 3658 256 3730 θαυμάζω
266 3657 344 3728 θμῖις,
359 3660 397 3711 δτι
410 3659 455 3711 κάν
467 3662 528 3729 γοῦν
538 3663 581 3711 νῦν
590 3659 710 3712 δεδώκατέ
719 3677 761 3729 μοι
769 3661 912 3731 παρρησίαν,
959 3660 1031 3730 ρέτως
1044 3657 1088 3726 τὴν
1110 3664 1159 3712 τῶν
1172 3660 1312 3731 δυναρίνων
1329 3663 1417 3713 ποιεῖν.
1459 3658 1489 3713 Ὁ
1502 3660 1580 3713 τοίνυν
1594 3660 1684 3728 ταύτης
1699 3662 1734 3713 ιὀν

139 3738 265 3808 προτράπτι
276 3735 362 3798 αθτοίνς
376 3740 449 3789 τοῦτο
460 3739 549 3791 ποιεῖν.
565 3738 645 3791 TCV.
661 3737 828 3808 Ιίαινοπρεπές.
841 3740 875 3794 C.
959 3737 1005 3799 ἐξω
1018 3741 1060 3804 τῆς
1071 3736 1166 3805 ἡλικίας
1179 3739 1256 3809 γίρων
1269 3739 1298 3790 δν
1308 3737 1422 3809 θπάρχοι.
1435 3740 1487 3794 ΒΡ.

176 3815 220 3884 37,
230 3831 274 3869 20.
290 3813 336 3866 ίίαί
350 3816 403 3876 ταῖς
416 3815 575 3886 περιουσίαις]
588 3816 705 3869 Τουτέστι
717 3817 769 3877 τοῖς
780 3817 913 3888 θεωρικοῖς.
994 3815 1038 3881 38,
1059 3833 1101 3871 ιι.
1118 3814 1235 3878 ἰίτάκτως
1253 3819 1295 3868 νῖν
1310 3815 1461 3890 λαμθάνων]
1483 3816 1538 3869 άντδ
1549 3819 1594 3870 τοῦ
1608 3813 1641 3889 μὴ
1659 3834 1734 3887 στρα-

147 3892 274 3965 Ἀρορμαῐς
296 3892 322 3945 δέ
337 3895 391 3955 ταῖς
410 3894 552 3964 προφάσεσι.
588 3893 633 3945 θεά
652 3893 678 3946 δέ
699 3897 743 3947 τοῦ
763 3893 821 3957 ἴσως
839 3894 915 3950 είπεῖν
958 3893 1157 3963 σευάμενοςῦΡ.

140 3971 173 4033 ὣς
192 3969 218 4023 ἐν
232 3969 394 4041 ἐπανορθώσει
404 3971 447 4025 τδν
466 3971 600 4044 δισταγμὸν
614 3970 657 4024 τδν
673 3971 732 4042 πρδς
749 3974 808 4044 σφᾶς
826 3972 915 4046 θιάφη·
995 3973 1039 4037 38,
1056 3972 1098 4026 ι3.
1115 3971 1173 4024 051>
1185 3969 1298 4043 ἐφελίυν]
1311 3976 1359 4026 τῶν
1374 3973 1495 4043 θεωρικῶν
1508 3971 1634 4039 δηλονότι.
1645 3974 1678 4027 Β.

141 4069 191 4103 νιν.
204 4051 282 4104 Ter.
995 4051 1040 4115 38,
1063 4055 1107 4114 τά.
1121 4047 1190 4115 Πλὴν
1204 4049 1306 4121 μικρὸν]
1317 4048 1399 4116 ἐπειδὴ
1411 4050 1596 4104 συνεθοθλευσεν
1608 4048 1690 4110 αὗτσῖς
1702 4048 1735 4120 μὴ

176 4130 220 4192 37,
244 4143 289 4184 22.
306 4126 379 4190 Ἴσως
402 4128 446 4193 δν,
466 4126 540 4198 ίσως]
560 4128 678 4200 Τεχνικδς
698 4127 914 4201 δδιπλασιασμός.
958 4126 1093 4198 λαρδάνειν
1123 4128 1184 4200 μηδὲ
1211 4130 1399 4199 στρατιωτικὴν,
1431 4130 1491 4203 μηδέ
1513 4130 1733 4200 συμθουλευτικδν,

140 4204 262 4276 Οθτεγάρ
276 4211 383 4277 φανερῶς
397 4205 548 4277 είπεφήνατο·
568 4206 714 4270 άλαζονικδν
728 4206 776 4278 γίτρ
787 4211 860 4261 τοῦτο
875 4209 916 4261 καὶ
960 4204 1021 4275 μηδί
1034 4206 1186 4272 δικαστικδν,
1200 4206 1257 4258 άλλ’
1276 4207 1401 4279 άρκεῖσθαι
1413 4210 1465 4270 τοῖς
1479 4208 1612 4276 θεωρικοῖς.
1649 4205 1695 4257 Διά
1708 4205 1735 4259 δέ

141 4283 280 4353 ίπισφαλίς·
297 4282 351 4336 οίίτι
366 4284 434 4356 μθνιμ
447 4286 525 4359 τούτῳ
535 4285 639 4359 ὴρκέσθη
646 4327 655 4352 ,
666 4285 732 4339 ἀλλὰ
744 4286 916 4358 διπλασιασμῷ
958 4287 1003 4337 τοῖν
1015 4282 1090 4337 εἰπεῖν
1103 4290 1194 4355 μικρῶν
1208 4284 1316 4356 εέχιρεῖς
1328 4289 1372 4339 τοῦ
1381 4288 1541 4356 καταφρονεῖν
1553 4284 1639 4345 αθτοθς
1649 4285 1735 4337 τοθτου

142 4360 258 4428 κίχρηται
268 4360 326 4430 πρδς
341 4363 468 4430 βεδαίωσιν
489 4364 530 4417 καί
541 4364 679 4436 άκρίθειαν·
701 4363 779 4427 οὐδεὶς
794 4364 842 4437 γάρ
856 4385 917 4436 συμ-
959 4363 1142 4432 παρασκευάζει.
1156 4364 1259 4419 TCFV.

143 4435 234 4488 δούλου
254 4436 361 4489 πείθεται
379 4438 541 4502 διστάζοντος.
578 4440 646 4504 Τινίς
662 4439 689 4494 δί
706 4442 838 4512 χαριέντως
857 4442 916 4496 αθτδ
999 4439 1226 4510 Ἀταξίανήτὴντῶν
1242 4442 1302 4494 νίων
1313 4439 1438 4508 δηλονότι.
1453 4442 1504 4494 (ΣΡ.

143 4512 351 4584 ἐναγινώσκοντες
372 4515 514 4585 ἐξηγοῦνται
533 4518 623 4583 οθτως,
637 4520 666 4572 τδ
685 4519 797 4589 δεύτερον
810 4519 867 4583 ἴσως
884 4523 917 4584 ὡς
996 4520 1040 4582 38,
1052 4536 1095 4572 20.
1108 4517 1233 4590 Ἆπορεῖν]
1247 4517 1355 4589 Ἆπσριῖν
1367 4518 1441 4572 καλεῖ
1450 4518 1620 4590 τδλαμῖάνειν
1629 4520 1735 4581 τοίιςδθο
1765 4548 1769 4557 ·

143 4582 340 4659 ἐπανορθωτικδρ
352 4585 518 4655 λαμδάνοντες
528 4591 572 4640 τοῦ
585 4591 717 4661 προτέρου,
729 4590 762 4651 ώς
778 4591 807 4641 ἐν
827 4589 848 4642 εί
862 4590 916 4644 ἐλε·
959 4595 1079 4659 δὸολοθς,
1091 4595 1143 4657 ἐξὸν
1153 4596 1268 4649 πλουτεῖν
1287 4595 1335 4649 ἀπὸ
1343 4599 1387 4648 τοῦ
1399 4596 1517 4666 πολέμου,
1532 4597 1582 4652 ΒΡ,

143 4680 186 4733 Υῑί
211 4661 327 4732 {ntupum
347 4660 424 4734 ἐαυτῷ
438 4661 529 4716 ῑέπόίῗῑ
548 4663 620 4729 ἴσως·
637 4666 734 4737 μίῖλλῠθ
750 4666 797 4739 γὰρ
815 4667 917 4739 ἐκρῑὸῶς
995 4675 1045 4726 Τοθ
1055 4675 1152 4745 δεῖνος]
1166 4668 1219 4727 οἷον
1233 4674 1257 4727 σί
1270 4678 1314 4728 τοῦ
1326 4675 1444 4745 Χάρητος.
1454 4676 1505 4727 ΒΡ.

143 4741 235 4795 τίλιιθν
247 4760 271 4794 τι
283 4741 324 4792 καί
336 4741 399 4812 μίγα
410 4742 535 4809 κτήσεσθε.
551 4744 601 4799 ΒΡ.
997 4751 1040 4816 38,
1055 4767 1099 4805 22.
1113 4751 1177 4822 Οθχέ
1188 4753 1329 4824 μέμφομαι]
1345 4751 1443 4817 Ἐπειδὴ
1451 4751 1593 4805 διεδάλλετο
1601 4749 1630 4803 τδ
1643 4749 1734 4812 ξενικδν

180 4821 224 4889 37,
246 4823 290 4884 σή.
315 4818 341 4872 Ἃ
361 4822 413 4882 τοῖς
432 4819 589 4895 άσθενοθσιν]
610 4822 710 4885 Οίκείως
730 4827 763 4896 τῇ
789 4825 917 4899 παραδολῇ
960 4828 1025 4881 άνω·
1039 4828 1125 4900 ξενικῷ
1138 4829 1186 4902 γάρ
1198 4828 1316 4901 ἐκέχρητο
1329 4830 1343 4883 ὁ
1356 4832 1445 4901 Χάρης.
1487 4827 1617 4882 Ὦσανείεί
1631 4828 1731 4900 ἔλεγενΙ

144 4897 282 4969 ἐχρήσατο,
294 4897 433 4960 δεικνθςδτι
447 4903 558 4953 νοσοῦσιν
570 4900 663 4956 άνοιαν.
678 4902 758 4955 ΊὈίί.
962 4906 1052 4962 ἐπαινῶ
1068 4908 1111 4962 τδν
1125 4908 1223 4979 Χάρητα
1239 4913 1361 4963 πονοῦντα
1372 4908 1411 4962 άεί
1430 4909 1471 4961 καὶ
1490 4908 1551 4980 μετὰ
1568 4907 1656 4969 ξάνων,
1676 4906 1734 4961 ἄλλ’

180 4976 224 5040 38,
238 4994 261 5031 1.
274 4975 385 5044 Οθκοθν]
399 4976 570 5050 Ἆνθνποφορά.
580 4980 612 5032 C.
629 4976 728 5044 Ἐπειδὴ
744 4980 761 5050 ὴ
783 4981 917 5053 μισθοφορά
961 4982 1005 5039 οδν
1019 5006 1048 5056 γε
1060 4987 1181 5057 προκρίνω
1193 4987 1249 5049 τοδς
1259 4986 1285 5041 ἐκ
1297 4991 1340 5054 τῆς
1351 4988 1445 5049 πόλεως
1456 4988 1610 5057 στρατιώτας.
1621 4988 1676 5042 ΒΡ.

145 5052 209 5122 παρίι
223 5056 275 5116 τοῖς
294 5053 426 5122 Ἀθηναίοις
447 5056 583 5130 ἐφθδριστσς
602 5058 612 5131 (
618 5057 718 5112 οἰκετῶν
738 5066 821 5131 γαρ),
843 5060 917 5134 ἐχρή·
997 5065 1040 5128 38,
1049 5064 1093 5118 25.
1105 5065 1154 5132 Τῆς
1163 5064 1267 5137 τάξεως]
1279 5066 1350 5128 Τάξιν
1360 5065 1446 5137 αρετῆς
1458 5067 1532 5119 καλεῖ
1540 5067 1569 5119 τδ
1578 5065 1733 5137 ήγεμονεθειν

146 5148 205 5185 σατο
219 5131 414 5205 τῇάνθυποφορᾷ
424 5135 514 5208 ταθτη,
527 5137 559 5189 δι’
570 5130 599 5203 ής
611 5137 664 5190 λύει
676 5136 717 5189 καί
731 5136 875 5209 άποκρθπτει
889 5142 917 5195 τδ
961 5145 1004 5208 τῆς
1027 5141 1162 5209 Ἑλλάδος,
1184 5142 1240 5195 ἀλλ’
1266 5144 1372 5215 [taliq.
1389 5147 1470 5215 ὥσπερ
1492 5140 1623 5207 είώθεσαν,
1646 5144 1676 5198 τδ
1701 5148 1733 5198 δι’

146 5207 255 5279 ἀπρεπές·
296 5209 394 5280 Ἐπειδὴ
414 5214 441 5269 δέ
461 5212 529 5269 οἶδεν
550 5217 588 5270 δτι
606 5215 650 5269 οδκ
663 5217 693 5269 ἐν
709 5217 811 5271 πείσειεν
832 5218 917 5283 αὖτοδς
962 5220 1052 5276 ἑαυτῶν
1069 5220 1169 5285 εἰςτοδς
1192 5222 1314 5295 πολέμους
1332 5222 1425 5286 ἐξιέναι,
1447 5224 1528 5278 ch.
1551 5221 1582 5275 ἹΙ
1601 5221 1673 5295 ἐρετὴ
1690 5229 1732 5291 τῆς
