3967 5967
680 424 773 487 XXH.
798 426 900 487 ΚΑΤΑ
922 422 1202 486 ΑΝΔΡΟΤΙΩΝΟΣ.
1681 439 1735 489 τοι

133 557 219 636 βστιν,
234 578 263 613 το
277 558 304 613 δέ
321 559 448 628 δεύτερον,
468 557 497 611 τδ
513 556 637 627 οἰιδύτερον
656 557 739 628 βούλει
759 558 867 621 τούτων,
883 557 916 618 ὡς
959 557 1033 627 θμοια
1053 557 1136 628 λέγει,
1153 558 1214 611 καθδ
1230 556 1271 610 καί
1287 555 1391 629 ἐκατέρῳ
1408 558 1510 627 τρόπους
1522 558 1594 610 δικῶν
1616 557 1669 629 ἔχει
1689 560 1741 610 δια-

139 638 205 708 παρά
217 638 385 708 Δημοσθένους
399 635 521 703 εἰσῆκται,
535 636 579 688 ἵνα
591 636 701 705 φαίνεται
710 635 806 707 σενιμδά
827 639 858 706 τῇ
871 639 916 688 τοῦ
958 637 1214 707 φόρους-’Λπάγειν
1229 638 1302 690 πάλιν
1316 637 1349 698 ὡς
1358 638 1396 691 ἐπί
1407 657 1461 690 τινα
1473 635 1568 707 [ἀρχὴν
1578 641 1588 705 ]
1597 636 1625 689 τδ
1638 637 1740 709 ἀπάγειν

141 718 274 788 νομοθέτου
289 717 456 787 φθεγγόμενος
470 717 568 786 γνάνμη.
606 714 709 785 ’Έτερόν
722 735 747 768 τε
763 715 916 785 παράδειγμα
951 714 1036 783 λέγει,
1060 715 1201 786 Γράφεσθαι·
1225 716 1258 777 ὡς
1271 714 1346 782 άαεδῆ
1361 718 1402 768 καὶ
1422 717 1557 787 ἱερόσυλον.
1611 717 1673 786 Πρδς
1687 719 1743 781 τούς

139 798 220 864 τίθησι
232 796 313 867 λέγων
326 799 370 861 τῆς
381 794 490 855 ἀσεβείας
504 794 566 848 κατὰ
576 794 651 848 ταύτά
664 793 737 849 ἐστιν.
793 812 801 827 ·
960 794 1125 865 Εὐμολπίδας·
1148 795 1192 847 ίνα
1214 794 1268 847 ἐκεῖ
1283 794 1356 847 αύτδν
1370 796 1499 865 γράφηται.
1538 795 1601 865 Πρδς
1615 795 1657 847 τδν
1673 797 1743 866 βασι-

174 870 235 929 Οίον
247 878 290 942 τῆς
302 873 410 945 κλοπῆς]
420 873 465 935 Ὣς
476 875 505 925 ἀν
519 872 540 926 εἰ
558 872 657 943 ἐλεγεν·
672 872 725 926 οἰον
738 873 793 943 περ]
805 878 848 939 τῆς
861 871 918 925 κλο·
960 873 1013 926 λία·
1027 873 1100 945 όγάρ
1113 873 1225 944 βασιλεύς
1237 873 1380 944 ἐπεμελεῖτο
1393 882 1441 927 τῶν
1455 874 1526 946 ίεριῦν
1538 875 1689 945 πραγμάτων
1702 874 1744 928 καί

139 955 326 1026 ιτῆςδιὲλθωμεν
340 955 424 1016 ιὐςθτι
436 952 543 1014 πολλούς
556 956 658 1023 τρόπους
671 955 774 1006 δέδωκεν
788 953 917 1020 δνομοθί·
961 951 1044 1024 εἰσῆγε
1066 952 1109 1014 τάς
1126 956 1170 1020 τῆς
1185 951 1295 1014 ἀσεθείας
1314 953 1406 1024 γραφάς
1420 954 1478 1025 πρδς
1496 956 1551 1017 τούς
1571 952 1740 1024 Εὐμολπίδας.

138 1053 182 1102 της
196 1035 250 1105 περί
262 1034 349 1099 ταύτης
365 1032 520 1086 δαίσασθαι.
560 1029 652 1085 ’ίστίον
666 1032 692 1085 δέ
706 1033 744 1085 ότι
760 1038 810 1084 τῶν
829 1032 917 1101 δυσγε·
961 1032 1017 1083 ΑΒ.

140 1115 261 1183 ρεστάτων
280 1113 373 1183 σφόδρα
392 1112 433 1165 καί
446 1117 494 1165 τῶν
511 1110 609 1181 ἀσαφῶν
627 1111 657 1165 τδ
677 1112 778 1181 χωρίον.
815 1110 850 1163 Ού
869 1109 918 1181 γάρ
1000 1107 1129 1180 Ἐφηγοῦ]
1145 1107 1285 1171 Ὗπόδειξον
1297 1111 1349 1170 τοῖς
1361 1109 1489 1179 ἀργουσεν.
1505 1110 1539 1162 Υ.

141 1194 216 1262 μόνον
235 1191 298 1246 κατά
309 1193 381 1245 τοῦτό
393 1191 443 1246 ἐστι
455 1190 584 1263 δυσχερὲς,
598 1192 661 1244 διότι
672 1190 735 1244 κατά
751 1190 815 1253 λίξιν
827 1188 882 1261 ἔχει
894 1207 918 1242 τι
997 1196 1059 1255 θοι,
1075 1197 1119 1246 26.
1140 1189 1268 1263 Ἆπάγειν]
1284 1191 1405 1257 Δηλονότι
1423 1192 1481 1263 πρδς
1495 1191 1550 1252 τούς
1567 1191 1661 1243 ἕνδεκα·
1677 1190 1706 1245 τό
1718 1190 1745 1245 δὲ

140 1271 228 1343 ἀτειρὲς
241 1272 284 1325 καί
296 1272 383 1324 δοκοῦν
400 1268 552 1335 ἀλλόκοτον,
574 1267 631 1321 ἀλλ’
646 1271 684 1323 θτι
696 1270 738 1322 καί
752 1268 845 1323 πολλαί
864 1266 917 1333 ἐξη·
960 1272 1094 1342 γράφεσθαι
1105 1271 1163 1341 πρός
1174 1271 1230 1332 τούς
1244 1272 1405 1341 θεσμοθέτας,
1427 1273 1483 1342 παρ’
1502 1267 1537 1323 ὧν
1551 1270 1584 1332 είς
1593 1270 1621 1323 τό
1634 1272 1746 1338 δικαστή-

138 1352 221 1421 γήαεις
235 1353 347 1422 φέρονται
367 1349 421 1420 περί
439 1348 515 1401 αἰετοῦ
532 1348 614 1411 ἀνοίας
632 1349 727 1419 μεσταί.
765 1345 919 1417 Βουλομίνου
961 1367 1014 1420 ριον
1028 1349 1168 1421 εἰσάγονται
1181 1351 1206 1403 αί
1218 1350 1317 1422 γραφαί·
1337 1352 1366 1404 τδ
1377 1350 1403 1403 δέ
1416 1352 1555 1412 δικάζεσθαι
1576 1351 1634 1420 πρὸς
1648 1350 1746 1421 Εύριολ·

140 1434 184 1483 τοῦ
204 1430 304 1500 ῥήτορος
319 1429 400 1499 λέγειν
414 1429 469 1499 περί
485 1426 567 1498 ἰσχύος
583 1432 722 1499 σωματικῆς
742 1427 768 1480 ἐν
787 1432 823 1498 τῷ
836 1425 918 1496 λέγειν
961 1427 1047 1490 πίδας,
1064 1429 1146 1498 τρίτον
1158 1426 1224 1488 εἶδος
1241 1433 1314 1481 τοῦτο
1331 1429 1500 1498 δικαστηρίου,
1514 1428 1579 1498 ίερδν
1598 1426 1623 1480 δὲ
1637 1429 1706 1497 γένος
1721 1426 1746 1480 οί

141 1509 245 1580 ἔρρωσαι
257 1507 328 1580 (άντλ
341 1512 385 1562 τοῦ
396 1507 494 1578 ίαχυμδς
504 1505 529 1561 εί
537 1509 675 1579 τῷσεύματι
685 1512 709 1575 ),
720 1506 799 1577 άπαγε
810 1504 851 1558 διά
862 1523 919 1557 σαυ-
962 1506 1130 1577 Εύμολπίδαι,
1144 1507 1237 1577 ίερᾶται
1247 1506 1273 1560 δὲ
1287 1507 1311 1560 ἐν
1330 1505 1471 1569 Ἐλευσῖνι,
1485 1506 1527 1559 καί
1536 1505 1575 1561 ἐπὶ
1584 1507 1670 1560 τούτου
1683 1506 1746 1560 πολ·

139 1592 183 1642 τοῦ
196 1588 239 1643 τ“ον
251 1588 358 1655 κλέπτην
372 1587 397 1643 ἐν
410 1594 446 1659 τῷ
458 1586 633 1659 δεσμωτηρίῳ,
650 1584 705 1641 εἷτα
718 1586 852 1655 ἐπάγοντος
862 1584 918 1639 εἰδέ
962 1586 1032 1648 λάκις
1043 1586 1183 1648 ἐδικάζοντο
1197 1584 1306 1648 ἀσεβείας
1316 1586 1340 1638 οί
1356 1586 1511 1658 βουλόμενοι.
1550 1586 1585 1638 Τδ
1600 1585 1627 1638 δί
1641 1587 1745 1657 γράφου,

139 1668 241 1735 ἀσθενὴς
255 1667 295 1734 εἴ,
309 1671 360 1730 τοῖς
370 1668 487 1738 ἄρχουσιν
499 1666 743 1737 ἐφηγοῦ-ἄρχοντες
753 1666 795 1736 μέν
803 1666 919 1737 λέγονται
962 1666 1021 1736 πρδς
1032 1666 1087 1727 τοίις
1098 1666 1245 1736 θεσμοθέτας
1256 1665 1381 1732 δηλονότι.

138 1751 226 1811 πάντες
246 1749 270 1802 οί
286 1748 511 1820 μεταχειριζόμενοι
531 1745 611 1816 ἀργήν
626 1765 695 1799 τινα·
709 1747 776 1817 όμως
789 1744 919 1814 ἀπροσδιο·
999 1751 1061 1809 θοι,
1077 1762 1121 1814 27.
1135 1745 1241 1815 Φράζειν
1259 1743 1285 1796 δί
1297 1744 1355 1815 πρδς
1372 1744 1415 1797 τδν
1435 1743 1552 1814 βασιλέα]
1567 1742 1622 1795 Ἵνα
1641 1742 1655 1796 ό
1675 1743 1745 1813 βασι·

140 1828 225 1898 μίστως
238 1827 361 1898 εἴργοντας
375 1825 479 1881 ίκάλουν
491 1823 535 1890 τῆν
550 1822 630 1894 ἀρχὴν
648 1830 697 1877 τῶν
710 1824 917 1895 θεσμοφυλάκων·
962 1822 1019 1884 λεύς
1034 1819 1079 1888 τήν
1088 1823 1159 1891 φάσιν
1177 1821 1261 1873 λαθὼν
1278 1822 1364 1893 (φάσις
1380 1823 1406 1874 δὲ
1426 1822 1573 1891 κατηγορίας
1586 1821 1683 1892 ὄνομα)
1696 1824 1749 1883 τοῖς

140 1906 201 1973 αθτη
215 1906 242 1960 δέ
255 1902 285 1973 ῆν
300 1906 342 1959 τδν
358 1905 461 1976 ἀριθμόν
476 1903 509 1955 ια’
520 1902 716 1976 ἀνδρῶν-λέγει
729 1899 772 1957 ούν
784 1905 839 1968 ότι,
853 1902 919 1974 είμῆ
964 1903 1118 1972 θεσμοθέταις
1128 1899 1232 1971 φανερὰν
1244 1900 1385 1973 καταστήσῃ
1403 1899 1445 1952 καί
1455 1899 1520 1970 παρά
1533 1906 1581 1952 τῶν
1594 1901 1748 1971 θεσμοθετῶν

142 1983 232 2056 ἰσγύεις
244 1990 338 2055 σεαυτῷ
358 1982 497 2054 ἀπαγαγεῖν
518 1981 561 2035 τδν
573 1982 697 2050 κλέπτην,
711 1982 745 2044 ὡς
765 1981 920 2052 ἰσχυροτέρου
963 1983 1089 2052 γνωρισθῇ
1101 1983 1153 2042 τοῖς
1166 1981 1290 2041 δικάζουσι
1302 1980 1333 2033 τδ
1347 1979 1501 2051 ἐγκλήματα.
1553 1978 1583 2033 Ὦ
1598 1980 1625 2034 δί
1637 1982 1751 2050 βασιλεύς

142 2064 211 2125 όντος
223 2066 267 2115 σοῦ
277 2062 385 2125 ἐκείνου,
399 2060 503 2132 ἐφηγοῦ·
519 2062 533 2114 θ
548 2059 617 2126 ἐστι,
627 2065 739 2132 προηγοῖι
746 2065 790 2129 τῆς
801 2061 861 2114 όδοῦ
870 2063 921 2122 τοῖς
964 2053 999 2121 εἰς
1011 2060 1052 2112 καί
1063 2059 1134 2121 αύτδς
1147 2061 1200 2112 κατ’
1215 2058 1324 2113 ἐνιαυτόν
1336 2061 1420 2131 ἀργων
1438 2067 1486 2115 τῶν
1500 2058 1568 2115 ἐννέα
1579 2062 1748 2133 καλουμένων,

142 2143 246 2213 ἀρχουσι
260 2144 312 2203 τοῖς
327 2140 373 2206 ια’,
385 2141 427 2193 καί
439 2141 532 2195 δείκνυε
546 2139 628 2202 αύτοῖς
639 2141 667 2194 τό
680 2139 788 2212 οἴκημα,
803 2141 864 2193 ὅπου
879 2159 920 2192 συ·
963 2139 990 2200 θς
1003 2139 1043 2191 καί
1058 2138 1129 2200 αύτδς
1143 2138 1286 2209 ἐπεμελεῖτο
1304 2145 1352 2192 τῶν
1371 2141 1451 2210 ἱερῶν.
1489 2141 1524 2193 n
1539 2140 1566 2194 δὲ
1577 2141 1631 2211 περί
1644 2147 1692 2193 τῶν
1705 2142 1752 2193 άλ-

142 2220 265 2282 νίκλεισοις
278 2220 360 2274 αἰτόν.
399 2220 473 2292 Φοθῆ
492 2220 533 2272 καί
552 2221 640 2282 τοῦτο,
662 2220 705 2271 ἵνα
722 2218 755 2290 μή
778 2220 821 2272 καί
841 2219 866 2273 ἐν
885 2224 921 2291 τῷ
963 2219 1016 2271 λων
1028 2218 1142 2272 ἁπάντων
1152 2221 1241 2288 φησίν,
1254 2219 1292 2271 ότι
1304 2217 1384 2284 ἐπειδὴ
1398 2219 1441 2272 οθκ
1453 2216 1508 2290 εἶχε
1521 2220 1562 2273 καί
1573 2221 1678 2291 περὶτῆς
1690 2219 1752 2273 ίται·

141 2298 285 2369 ύρηγεῖσθαι
296 2302 348 2360 τοῖς
361 2298 494 2370 ἄρχουσιν,
506 2297 548 2353 ἐὰν
561 2294 594 2368 μή
606 2298 710 2369 δυνηθῇς
723 2297 862 2362 ἀποδεῖξαι,
876 2317 920 2350 κα·
965 2297 1057 2368 ρήσεως
1069 2298 1100 2351 τά
1114 2298 1175 2351 αἰτᾶ
1188 2299 1365 2369 διαλεχθῆναι,
1377 2300 1514 2371 συνήρπασε
1523 2307 1559 2373 τῷ
1569 2307 1644 2372 κοινῷ
1658 2300 1750 2353 συλλο·

142 2380 217 2450 ταθῆς
226 2378 270 2440 τάς
287 2379 384 2449 χιλίαςς
399 2381 531 2450 κατηγόρει
552 2377 627 2432 αἰτοῦ
639 2376 663 2432 ίν
678 2383 714 2450 τῷ
728 2377 920 2448 δικαστηρίῳ,ἰ]
964 2385 1047 2450 γισμῷ
1059 2378 1101 2430 καί
1111 2377 1239 2448 σύμπαντα
1255 2379 1286 2431 εδ
1301 2379 1386 2433 λοιπά.

142 2461 248 2531 γράφον,
274 2460 288 2511 δ
312 2457 392 2522 ἐστιν,
419 2457 546 2528 ἐγγράφως
568 2457 642 2511 αύτού
662 2458 803 2528 κατηγόρει.
841 2457 921 2510 Ιίατα·
1001 2463 1119 2527 601,29.
1135 2458 1165 2510 Εἰ
1173 2457 1203 2524 δή
1218 2476 1252 2519 τις
1265 2458 1297 2520 ύις
1310 2457 1353 2528 μίν
1368 2457 1426 2528 ούχί
1435 2459 1585 2529 κακοῦργος]
1597 2459 1754 2527 θίεταληπτι-

144 2540 225 2611 μέμφῃ
237 2537 477 2601 σεαυτδν,θίστιν,
493 2536 560 2607 αἰτιᾷ
577 2536 666 2589 σαυτδν
679 2536 713 2597 ὡς
733 2535 812 2605 ἀτυχῆ
832 2533 920 2606 καὶμὴ
965 2537 1020 2592 κόν,
1064 2537 1149 2607 Τούτῳ
1169 2535 1338 2605 παραπλήσιον
1362 2535 1441 2608 ἐντῷ
1461 2535 1486 2587 α’
1510 2542 1559 2589 τῶν
1582 2535 1751 2592 Ὀλυνθιακῶν

144 2615 236 2685 ίχοντα
249 2615 365 2685 χρήματα
379 2616 438 2684 πρδς
452 2615 480 2667 τδ
495 2614 604 2677 ἐκτῖσαι,
620 2614 662 2668 ἰάν
679 2613 712 2685 μὴ
729 2613 869 2685 άποδείξηςς
885 2615 921 2666 δι·
967 2614 1012 2687 (μ.
1032 2630 1077 2679 κο,
1103 2620 1153 2685 εἰ.)
1168 2637 1179 2664 ι
1196 2616 1211 2681 ἰ]
1229 2616 1357 2685 παρελθών
1377 2633 1411 2676 τις
1427 2614 1499 2685 ἐμοί,
1525 2614 1621 2685 μᾶλλον
1647 2615 1674 2669 δὲ
1693 2617 1754 2689 ύμῖν

144 2697 219 2756 κάζου
232 2692 341 2759 κλοπῆς,
354 2693 396 2745 καί
410 2692 469 2763 ούχί
488 2692 658 2754 κινδυνεύσεις·
675 2693 704 2746 τὸ
715 2692 764 2764 γάρ
779 2694 922 2746 δικάσασθαι
969 2716 981 2744 α
1001 2694 1102 2756 δειξάτω
1114 2695 1130 2761 ἰ]
1143 2696 1176 2756 ὡς
1186 2694 1230 2746 ούκ
1244 2694 1325 2762 ἀληθῆ
1342 2698 1418 2747 ταῦτα
1431 2694 1498 2764 λέγω
1511 2694 1526 2759 ῆ
1543 2694 1577 2755 ὡς
1591 2695 1614 2746 οί
1626 2694 1657 2747 τά
1669 2702 1753 2766 πρῶτα

144 2771 209 2842 παρθ
219 2772 330 2843 διαιτητῇ
343 2766 469 2824 ἀκίνδυνον
479 2766 518 2837 ῆν.
531 2773 587 2826 AR.
970 2796 981 2823 ι
1003 2773 1178 2845 ἐξηπατημένοι
1191 2774 1221 2826 τά
1232 2773 1307 2828 λοιπά
1318 2773 1495 2827 πιστεύσουσιν.
1513 2795 1524 2822 ι
1541 2775 1591 2826 RS.
1605 2771 1710 2844 Ἔπάγει
1724 2775 1753 2827 τδ

182 2851 289 2921 Ἄπαγε]
308 2849 438 2923 ’θπαγωγῆ
457 2856 521 2922 γρῖι.
563 2849 693 2921 ’λπαγωγῆ
715 2851 742 2905 δί
759 2850 823 2905 ἐστιν
843 2850 923 2917 ῆτίῦν
969 2852 1165 2924 μεταληπτικὸν,
1184 2850 1239 2904 εἶτά
1258 2870 1282 2904 τι
1299 2851 1342 2903 καί
1354 2850 1438 2903 καινόν
1459 2848 1525 2911 εἰδος
1543 2850 1645 2911 πίστεως
1661 2849 1753 2921 εἰσάγει

145 2928 286 3001 κακούργων
302 2930 360 3001 πρός
379 2930 433 2992 τούς
446 2931 532 2984 ἐνδεκα
545 2931 685 3000 παράδοσις.
697 2933 729 2983 Β.
967 2932 1139 3001 Δημοσθένης,
1152 2929 1223 2992 ἀξιῶν
1235 2929 1300 3001 παρδ
1320 2934 1364 2984 τοῦ
1382 2929 1503 2984 ἀντιδίκου
1524 2928 1568 2994 τὴν
1583 2927 1703 2991 ἀπόδειξιν
1717 2930 1756 3001 γί·

183 3013 245 3074 θοι,
261 3025 306 3063 20.
326 3007 456 3080 Ἐφηγοῦ]
475 3007 616 3070 Ὕπύδειξον
630 3011 682 3070 τοῖς
695 3009 822 3078 ἄρχουσιν.
839 3010 869 3061 Β.
968 3011 1051 3062 νεσθαι
1063 3010 1101 3062 ότι
1116 3007 1149 3079 μὴ
1163 3010 1279 3076 πεποίηκε
1293 3014 1379 3064 ταῦτα.

183 3093 244 3153 θοι,
258 3104 303 3144 αι.
318 3090 428 3160 Γράφω]
446 3090 508 3160 ίίρδς
521 3090 576 3150 τούς
587 3090 732 3159 θεσμοθέτας
751 3088 876 3155 δηλονότι.
892 3091 923 3143 Β.
1005 3095 1067 3153 θοα,
1080 3090 1107 3146 3,
1123 3090 1231 3159 θαγεῖν]
1249 3086 1312 3140 Ἀντί
1326 3091 1371 3141 τοῦ
1384 3089 1554 3157 κατηγορῆσαι
1571 3085 1685 3157 λέγουσιν
1702 3085 1753 3141 'At-

184 3176 245 3234 601,
258 3175 302 3233 σύ.
322 3169 453 3240 Ούδέτερον
480 3170 562 3240 βούλει
577 3169 689 3240 τούτων]
708 3168 786 3220 Πάλιν
803 3167 926 3222 κάνταῦθα
969 3169 1041 3223 τικοί.
1060 3171 1116 3222 AL.

148 3248 229 3314 πολλή
243 3267 279 3311 τις
289 3248 356 3302 ἐστιν
369 3247 555 3319 ἀμφισθήτησις.
570 3280 574 3289 .
592 3248 696 3314 Ζητοῦσι
709 3248 756 3319 γάρ
769 3266 831 3309 τινες
844 3254 893 3309 πῶς
903 3246 927 3300 δ’
1006 3252 1067 3309 602,
1086 3263 1114 3299 ιι
1134 3244 1303 3318 Ἐπαγγελία]
1323 3245 1387 3299 Ἆντί
1400 3248 1444 3297 τοῦ
1457 3245 1600 3315 κατηγορία.
1614 3247 1671 3299 AL.

148 3328 288 3400 πράγματα.
302 3326 391 3393 εἰπὼν,
407 3322 461 3382 οίον
481 3328 510 3381 τδ
529 3326 649 3397 ἀπάγειν,
673 3327 701 3379 τό
723 3325 881 3398 ἐφηγεῖσθαι,
897 3327 926 3381 τδ
1005 3327 1040 3379 Tb
1051 3325 1077 3378 δὲ
1087 3322 1155 3396 εἰμὴ
1170 3325 1286 3391 πεποίηκε
1297 3329 1390 3389 ταῦτα,
1406 3323 1454 3395 ούχ
1465 3324 1503 3377 ότι
1522 3323 1550 3376 Εἰ
1566 3322 1599 3393 μή
1612 3322 1755 3394 ἡταίρηκεν,

149 3408 292 3480 mewa,
305 3407 334 3460 τύ
345 3407 549 3477 ῧῑῑθίῑῠθᾱῑπρθς
561 3403 700 3472 διαιτητὴν,
714 3403 781 3459 εἶπεν
791 3404 925 3476 ούδίτερον,
971 3405 1028 3458 ἀλλ’
1043 3405 1073 3457 Et
1090 3402 1123 3475 μὴ
1137 3405 1256 3476 γέγραφεν
1269 3401 1421 3474 ῆταιρηκὼς,
1436 3405 1469 3466 ὡς
1488 3407 1532 3456 τοῦ
1548 3406 1591 3469 τῆς
1612 3402 1757 3474 έταιρήσεως

150 3486 190 3539 άεί
197 3490 241 3538 τοῦ
251 3485 377 3556 ούδετέρου
390 3482 423 3556 μὴ
434 3486 570 3557 λεγομένου
584 3482 646 3556 είμῆ
659 3482 699 3538 ἐπί
709 3484 752 3537 δύο
763 3487 925 3556 πραγμάτων,
971 3486 1114 3555 πράγματος
1132 3482 1339 3554 ἐξεληλεγμένου,
1357 3483 1502 3554 λειπομένου
1520 3482 1546 3536 δέ
1566 3482 1687 3553 τοῦπαρὰ
1708 3481 1758 3535 Ἂν·

151 3567 232 3637 ὥσπερ
256 3565 363 3636 λέγομεν
384 3565 413 3618 τδ
429 3564 542 3635 ίκάτερον
558 3563 601 3617 καί
620 3563 648 3616 τδ
669 3561 815 3634 ἀμφότερον.
852 3564 926 3619 ὓίδέν
972 3566 1101 3636 δροτίωνος
1110 3563 1304 3633 ἀποδειχθῆναι,
1323 3561 1345 3616 εἰ
1359 3560 1391 3634 μῆ
1404 3565 1533 3633 γέγραφεν.
1575 3559 1672 3631 Ἐρωτᾷ
1685 3559 1758 3633 γάρθ

151 3642 199 3715 γάρ
219 3642 311 3696 τούτων
331 3642 431 3696 δύναται
445 3642 484 3697 ἐπί
496 3642 595 3697 πολλῶν
618 3640 745 3712 λέγεσθαι,
761 3641 783 3695 εἰ
796 3641 829 3713 μὴ
852 3645 928 3713 μόνον
974 3643 1007 3716 μῆ
1025 3642 1175 3714 ἀρνήσασθαι
1186 3642 1294 3697 δύναται.
1332 3641 1368 3695 Ού
1383 3642 1430 3713 γὰρ
1444 3639 1515 3694 είωθε
1528 3641 1684 3711 Δημοσθένης
1697 3638 1758 3709 ἐρω·

151 3721 192 3776 ἐπὶ
206 3720 260 3776 δύο.
297 3718 377 3773 Ὅταν
390 3718 416 3774 δί
426 3719 465 3774 ἐπὶ
477 3720 576 3775 πολλῶν
589 3718 698 3790 θέλωμεν
714 3720 811 3791 λέγειν,
829 3722 929 3786 ίκαστος
973 3728 1017 3777 τᾶν
1036 3724 1066 3776 τί
1079 3722 1212 3794 όμφίόολα.
1254 3722 1323 3778 Ἐπεί
1345 3742 1383 3777 τοι
1405 3743 1433 3794 γε
1455 3721 1476 3775 εἰ
1496 3717 1526 3788 ῆν
1539 3721 1661 3793 ἐρωτήσας
1682 3722 1703 3775 εἰ
1724 3721 1758 3793 μή

151 3801 267 3873 λέγομεν.
305 3800 336 3852 Τί
344 3795 387 3853 ούν
400 3798 501 3871 ἐροῦμεν
515 3800 574 3870 πρδς
586 3800 811 3872 τοῦτοςφάσκομεν
829 3802 869 3855 δτι
882 3805 929 3874 μά-
973 3803 1121 3875 ῆταίρησεν,
1134 3801 1262 3856 ἀντέπεσεν
1277 3804 1306 3855 ἀν
1319 3801 1385 3873 παρά
1400 3801 1567 3873 Ἀνδροτίωνος
1582 3803 1620 3855 ότι
1631 3801 1679 3872 σύγ
1689 3800 1759 3868 ῆταί·

150 3879 223 3932 λιστα
238 3877 281 3950 μὲν
297 3876 402 3933 Ἀττικόν
419 3877 470 3932 ἐστι
480 3878 562 3949 λέγειν
581 3877 610 3930 ού
630 3878 706 3949 μόνον
726 3877 766 3932 ἐπί
781 3880 840 3947 δύο,
864 3880 930 3934 ἀλλὰ
974 3901 1047 3953 ρηκε,
1063 3881 1105 3933 καί
1117 3881 1196 3945 γε’λως
1215 3882 1245 3933 ἀν
1263 3875 1292 3947 ῆν
1306 3880 1445 3951 ἐρωτῶντος
1464 3880 1506 3934 τδν
1523 3880 1663 3945 ἀντίδικον,
1686 3880 1711 3934 εί
1729 3901 1759 3952 γε

151 3959 194 4013 καὶ
206 3956 316 4013 πολλῶν.
327 3959 383 4011 ΑΒ.
975 3958 1059 4031 ῆρεύτα
1072 3961 1087 4013 δ
1100 3957 1134 4031 μή
1151 3958 1257 4031 ἔμελλεν
1269 3959 1415 4031 ὁμολογεῖν·
1430 3959 1497 4012 ἀλλὰ
1516 3959 1614 4024 δεῖξον,
1635 3959 1725 4030 φησίν,
1738 3960 1761 4014 εἰ

187 4038 298 4109 Γράφου]
307 4036 385 4089 Πάλιν
395 4034 518 4090 κάνταῦθα
528 4036 652 4103 ζητήσεως
661 4035 727 4099 ἀξιον
737 4043 787 4100 πῶς
796 4037 869 4093 εἰπὼν
879 4040 931 4092 άνω
976 4038 1010 4110 μῆ
1024 4038 1089 4110 παρά
1100 4039 1155 4100 τούς
1168 4041 1256 4110 νόμους
1270 4041 1408 4110 γέγραφας·
1426 4040 1464 4092 ότι
1485 4038 1533 4109 γὰρ
1550 4038 1665 4108 ῆταίρηκε
1683 4040 1760 4093 δέδει·

152 4118 181 4171 τδ
199 4118 291 4188 γράφου
308 4115 350 4168 καί
363 4115 392 4168 τδ
405 4114 515 4186 ἐφηγοῦ,
530 4121 606 4169 ταῦτα
619 4116 693 4171 πάλιν
707 4117 850 4189 ἐπήνεγκεν.
888 4122 931 4174 M·
975 4137 1040 4173 κται.
1078 4118 1330 4190 Τούτιμτῷσχήματι
1345 4118 1514 4189 παραπλήσιόν
1529 4116 1631 4170 ἐστικαὶ
1644 4116 1673 4169 τδ
1687 4115 1761 4186 ἐντῷ

153 4215 230 4266 γομεν
242 4196 281 4246 ότι
295 4193 327 4254 εἰς
338 4194 382 4247 δύο
390 4194 557 4247 συνελθόντων
567 4201 616 4249 τῶν
627 4195 679 4248 άνω
690 4198 811 4267 τεττάρων
818 4199 931 4269 πραγμά-
976 4200 1080 4270 δευτέρω
1100 4204 1148 4252 τῶν
1169 4195 1336 4250 Ὀλυνθιακῶν
1355 4196 1498 4268 εἰρημένων·
1521 4218 1532 4246 κ
1549 4196 1564 4261 ῆ
1583 4192 1711 4264 παρελθών
1726 4213 1762 4255 τις

153 4294 219 4337 των,
235 4271 269 4335 εἰς
282 4292 309 4326 τε
329 4274 358 4325 τδ
372 4275 505 4343 γράφεσθαι
521 4274 545 4328 ίν
558 4281 593 4346 τῷ
611 4277 759 4348 δικαστηρίω
771 4277 813 4330 καί
831 4276 864 4339 εἰς
878 4279 933 4341 τούς
980 4300 991 4328 κ
1007 4275 1079 4348 ἐμοὶ,
1093 4276 1189 4348 μᾶλλον
1205 4277 1228 4327 δ’
1241 4274 1300 4346 ύμῖν
1317 4274 1419 4337 δειξάτω
1429 4275 1463 4336 όις
1473 4273 1518 4327 οθκ
1529 4271 1609 4339 ἀληθῆ
1624 4275 1699 4324 ταῦτα
1710 4270 1763 4344 ἐγύι

155 4348 351 4419 ὃῑῦμθφῦδᾱγπς,
362 4350 457 4412 διδάξαι
470 4350 521 4403 ἅνω
534 4353 566 4414 ὥς
577 4354 632 4424 περί
639 4354 683 4405 δύο
692 4354 770 4407 όντων
783 4357 933 4427 πραγμάτων
980 4378 992 4405 ιι
1012 4355 1087 4425 λέγω·
1108 4376 1120 4403 ι
1135 4352 1209 4406 εἰπὼν
1221 4351 1269 4423 γδιρ
1283 4354 1322 4406 ότι
1331 4351 1526 4418 καταλυθήσεται
1539 4348 1625 4402 αύτίκα
1641 4346 1671 4415 δή
1693 4348 1763 4419 μάλα

155 4429 217 4484 κατὰ
227 4429 255 4483 τό
267 4427 369 4495 ἀληθές,
381 4429 484 4483 ἐνταῦθα
492 4433 574 4503 ὥσπερ
582 4431 801 4504 ἀνακεφαλαιοῦται
809 4436 851 4488 καί
857 4435 936 4507 ἐρωτᾶ
978 4435 1117 4496 Φίλιππος,
1130 4432 1253 4502 ἐπήγαγεν
1274 4453 1285 4481 ε
1301 4431 1457 4502 ῆπαρελθεύν
1477 4449 1513 4492 τις
1527 4428 1597 4500 ἐμοὶ,
1612 4428 1712 4499 μᾶλλον
1736 4428 1763 4483 δὲ

156 4511 228 4564 ποῖον
244 4506 357 4578 βούλεται
370 4514 420 4561 τῶν
432 4506 480 4575 ήδη
494 4510 537 4562 δύο
556 4510 689 4583 εἰρημένων
712 4513 741 4565 τδ
762 4513 855 4585 έτερον.
892 4492 938 4567 Δεί
982 4535 993 4562 ι
1009 4513 1067 4584 ύμῖν
1079 4510 1179 4572 δειξάτω
1189 4510 1222 4573 ύις
1236 4510 1279 4563 ούκ
1294 4509 1375 4577 ἀληθῆ
1390 4514 1466 4563 ταῦτα
1481 4508 1532 4579 ἐγὼ
1545 4506 1623 4579 λέγω.
1640 4530 1652 4557 ιι
1666 4506 1701 4561 (λῦ
1712 4506 1764 4579 ,γάρ

156 4589 183 4644 δέ
197 4588 222 4642 ἐν
239 4586 412 4660 ύπερόιθασμῷ
424 4587 484 4641 αύτδ
496 4592 597 4655 νοῆσαι·
614 4591 642 4642 ού
658 4591 740 4660 βούλει
754 4591 779 4645 δέ
799 4598 847 4645 τῶν
863 4593 888 4664 β’
898 4591 932 4647 ὧν
981 4592 1049 4658 εἰπε,
1062 4591 1162 4654 δειξάτω
1171 4590 1192 4644 εἰ
1205 4588 1238 4662 μὴ
1253 4590 1446 4657 καταλυθήσεται
1460 4590 1583 4650 Φίλιππος
1595 4592 1704 4642 -τοῦτο
1715 4588 1764 4659 γὰρ

158 4668 212 4723 εἰπε
226 4668 255 4721 ιδ
265 4667 306 4732 ἓν,
319 4665 348 4720 τδ
363 4668 510 4738 γράφεσθαις
529 4666 615 4721 οἰκοῦν
628 4668 685 4721 ἑλοῦ
697 4669 725 4722 τδ
739 4668 894 4741 ἀφηγεῖσθαι,
907 4674 936 4726 εδ
981 4667 1011 4738 ῆν
1024 4668 1106 4736 εὔηθες
1117 4668 1159 4722 καί
1172 4667 1248 4721 εἰπεῖν
1271 4668 1312 4720 καί
1326 4667 1428 4720 ἀκοῦσαι
1436 4706 1444 4732 ,
1466 4666 1495 4719 ού
1514 4664 1597 4732 δήλων
1618 4666 1696 4721 όντων
1714 4671 1763 4719 τῶν

159 4747 252 4817 ίτερον.
289 4743 320 4797 Εἰ
333 4743 360 4799 δδ
376 4749 449 4798 τοῦτο
468 4744 495 4798 σθ
518 4746 610 4810 θέλεις,
625 4747 653 4800 τό
672 4746 830 4819 ἐφηγεῖσθαι,
851 4750 937 4805 ούκσῡν
982 4750 1197 4819 ἐκθησομένων-,
1222 4746 1290 4799 ἀλλὰ
1316 4746 1430 4809 δειξάτω,
1455 4746 1546 4818 φησίν,
1568 4744 1590 4798 εἰ
1608 4742 1642 4815 μῆ
1657 4744 1766 4807 πολλούς

160 4824 218 4880 ίλοῦ
228 4827 256 4879 τό
268 4825 368 4898 ίτερον,
381 4824 410 4877 εδ
423 4826 563 4896 γράφεσθαι.
582 4829 638 4880 An.
983 4828 1140 4895 ἐξηπάτηκεν.
1188 4825 1223 4877 Οθ
1243 4826 1290 4897 γάρ
1308 4827 1338 4879 τ“ο
1353 4827 1512 4897 συμπέρασμα
1523 4823 1649 4895 ἠρώτησεν
1660 4825 1676 4877 θ
1693 4843 1764 4879 κατε-

195 4911 257 4969 θοι,
271 4905 317 4958 25.
331 4905 381 4971 Τῆς
393 4903 520 4975 άσεθείας]
536 4904 672 4976 Πληρύισας
683 4904 713 4959 τδ
725 4906 779 4976 περί
789 4907 882 4974 κλοπῆς
892 4927 939 4963 πα·
984 4908 1085 4961 σκεύασε
1099 4907 1182 4977 βιαίως
1194 4906 1221 4961 ἔκ
1231 4911 1279 4959 τῶν
1290 4904 1386 4958 οἰκείων
1397 4906 1548 4976 προτάσεων,
1565 4902 1632 4955 ἀλλά
1649 4904 1703 4974 περί
1716 4910 1767 4957 τῶν

161 4984 434 5123 ἰῆῖἒίίῗιμῖίίἕῖἷῖ
449 4982 942 5137 θίεἷπίῖίἰᾝίἶεῖἶιῗίλᾞςήῖἶ.
984 4984 1766 5136 θῆῖῖἳίμῖἔίίἰῆίἰῖἰμῖἷίδίεψθίίἶθθδῆζίδίἶ

162 5140 193 5195 τά
212 5142 410 5215 παραδείγματα,
425 5146 468 5210 τῆς
485 5141 593 5205 ἀσεόείας
611 5145 692 5215 ὥσπερ
708 5147 752 5212 τῆς
771 5143 872 5212 κλοπῆς·
888 5144 944 5200 οθδί
990 5144 1112 5216 ’λσφαλεῦς
1124 5140 1167 5198 ούν
1181 5145 1222 5198 καί
1241 5142 1311 5208 ούτος
1330 5146 1359 5198 εδ
1374 5144 1417 5215 μέν
1430 5148 1474 5212 τῆς
1484 5145 1578 5210 κλοπῆς
1596 5144 1696 5212 καὶτῆς
1715 5142 1771 5199 ἀσε·

164 5218 211 5291 γάρ
230 5218 282 5292 ίγει
295 5220 430 5289 διαιτητάς,
454 5220 509 5276 ούδί
524 5222 554 5276 τό
572 5220 724 5294 ἐφηγεῖσθαι.
781 5224 891 5296 θίγσμεν
905 5224 944 5278 ότι
988 5225 1054 5287 θείας
1066 5224 1196 5297 διαρρήδην
1210 5222 1320 5295 εἴρηκεν,
1334 5222 1532 5295 άορίστωςδέτά
1541 5222 1625 5280 λοιπά.
