3967 5967
184 410 187 417 ’
221 452 277 499 τοι
818 432 1106 494 ιιιιιοτθιῑινοι·ε
1127 437 1226 496 ινιου,

215 570 242 623 δὲ
255 570 381 623 Φιλίππου
395 569 534 638 πράγμασιν
546 564 766 619 ἀντεπολιτεύσατο
782 565 822 617 καί
836 562 1000 634 προύκελεῖτο
1018 562 1023 592 ¹
1045 566 1125 635 φιλίας
1148 568 1206 636 πρός
1228 567 1364 634 Ἀθηναίους
1387 569 1613 642 κεκληρονομηκότι
1662 574 1730 628 ίίατά
1745 578 1829 645 μέντοι

217 648 261 715 τήν
276 648 368 702 ἐκείνου
384 647 477 716 τύχην,
491 644 532 696 καί
547 642 592 708 τήν
612 644 716 713 πατρίδα
730 642 826 711 βλέπων
844 641 868 696 έν
883 641 1001 701 κινδύνοις
1046 649 1133 696 τοῦτον
1148 646 1191 697 τὸν
1206 646 1306 715 βασιλέα
1323 649 1519 719 δυστυχημάτων
1541 649 1640 721 ήρξατο.
1677 653 1765 706 Πολλά
1779 655 1829 727 γθιρ

218 728 260 780 καί
270 727 368 796 δουλείᾳ
378 726 527 797 γιγνομένην
540 724 584 789 τήν
598 742 623 775 τε
639 728 687 775 τῶν
700 723 829 793 προγόνων
843 720 930 791 ἀρετὴν
943 718 1001 782 έτή-
1045 727 1222 794 νοσφισάμενος
1242 724 1362 795 Ἅρπαλος
1379 733 1428 779 τῶν
1444 726 1599 800 Ἀλεξάνδρου
1618 734 1754 802 χρημάτων
1770 734 1831 804 πρδς

217 826 290 875 ρησεν
304 805 366 878 αύτῇ
379 805 420 858 καί
435 804 464 857 τθ
478 804 579 873 πάτριον
590 804 713 873 φρόνημα.
752 800 830 862 Ἀξιον
850 801 876 854 δὲ
891 800 1001 869 καὶπερὶ
1049 801 1188 869 Ἀθηναίους
1207 804 1353 873 κατέφυγεν,
1372 801 1407 857 ὧν
1431 806 1472 857 καλ
1491 809 1646 877 Δημοσθένης
1665 809 1790 882 εἰληφέναι
1807 831 1831 864 τι

218 887 310 940 τούτων
325 884 402 938 εἰπεῖν
417 883 535 946 πλείονα,
550 882 594 934 ἵνα
608 882 649 934 καλ
666 880 808 950 βεθαιότερα
819 883 862 944 τῆς
875 879 1000 949 Δημοσθέ-
1048 882 1117 951 μέρος
1128 882 1206 946 ἔδοξε,
1223 883 1265 935 καί
1275 885 1426 954 κατακριθελς
1438 884 1506 952 ἐδέθη
1523 887 1565 957 μέν
1582 887 1672 960 ἡμέρας
1687 890 1713 956 ι’,
1731 891 1792 962 μετὰ
1804 890 1833 945 δὲ

218 983 273 1024 νους
284 961 370 1032 ἀρετῆς
381 960 500 1033 τεκμήρια
518 959 644 1028 λάθωμεν.
682 957 806 1018 Φίλιππος
823 955 939 1027 Ἀμύντου
957 955 1000 1025 μέν
1046 959 1174 1030 ἐξῆρέρας
1188 960 1296 1027 ἀπῆλθεν
1312 962 1344 1024 είς
1359 964 1496 1033 Τροιζῆνα,
1510 966 1636 1036 κρείττονα
1655 975 1704 1022 τῶν
1720 969 1745 1023 έν
1761 969 1832 1036 Ἀθή-

218 1038 247 1108 ήν
262 1043 319 1103 παῖς
330 1041 373 1093 καί
386 1039 527 1110 Εύρυδίκης,
541 1038 653 1107 βασιλεύς
667 1035 692 1088 δέ
704 1037 870 1097 Μακεδονίας·
885 1034 909 1086 ἐν
919 1035 1001 1107 Πέλλῃ
1047 1056 1099 1099 ναις
1115 1039 1211 1107 δεσμιῖνν
1226 1036 1270 1103 τὴν
1285 1037 1309 1099 ἐξ
1328 1038 1432 1106 Ἀθηνῶν
1447 1040 1525 1112 φυγὴν
1540 1043 1684 1113 δοκιμάσας.
1725 1045 1834 1108 Ἀλεξάν-

218 1122 244 1176 δί
258 1123 404 1193 γενόμενος,
420 1118 499 1191 ἀδόξῳ
510 1118 666 1187 καίταπεινίξι
675 1116 776 1187 χωρίῳ,
787 1117 889 1186 δύναμιν
899 1114 925 1168 δέ
936 1120 1001 1185 πρῶ-
1047 1118 1105 1188 δρου
1118 1116 1144 1170 δέ
1157 1119 1319 1187 χωρισθέντος
1329 1118 1352 1180 ἐξ
1366 1118 1500 1190 ἀνθρώπων
1514 1119 1538 1173 ἐν
1552 1121 1693 1186 Βαθυλῶνι,
1709 1127 1832 1179 καταπαύ·

171 1226 179 1241 .
218 1219 261 1252 τον
284 1198 372 1268 ὀλίγην
395 1196 479 1267 ἔχων,
503 1194 543 1248 ὑπ’
566 1193 658 1260 ἐκείνης
679 1194 843 1263 βοηθούμσνος
869 1190 1003 1261 Ἰλλυριούς
1047 1195 1190 1260 σαντοςτῆν
1203 1194 1283 1266 ἀκμήν
1298 1201 1341 1261 τῆς
1357 1197 1449 1267 τύχης,
1463 1198 1642 1253 ἀνεκαλέσαντο
1656 1202 1832 1276 διάιίρηφίσμα-

219 1279 395 1350 κατεστρέψατο
418 1277 460 1329 καλ
477 1274 630 1346 Τριθαλλοδς
652 1274 695 1326 καλ
713 1274 827 1325 Παιόνων
850 1271 999 1342 ἐκράτησεν·
1047 1294 1087 1336 τος
1095 1275 1118 1327 οἱ
1134 1273 1255 1341 Ἀθηναῖοι
1264 1274 1307 1327 τδν
1317 1277 1491 1347 Δημοσθένην,
1501 1277 1700 1349 ὁμολογήσαντες
1709 1283 1747 1335 ὅτι
1758 1284 1833 1337 αδτοῦ

218 1359 260 1412 καλ
275 1357 336 1429 μετὰ
349 1361 426 1410 ταῦτα
449 1355 632 1426 τετραδαρχίαις
647 1352 692 1419 τήν
704 1353 839 1406 θετταλίαν
852 1352 1000 1415 κατέλαθεν,
1047 1357 1202 1427 κατέγνωσαν
1223 1354 1377 1426 Ἀλεξάνδρου
1394 1357 1504 1429 [Banu.
1547 1356 1576 1410 Ὅ
1596 1359 1622 1412 δέ
1635 1363 1832 1433 παραγενόμενος

218 1438 322 1499 Εύδοίας
336 1457 362 1491 τε
386 1438 517 1507 τυράννους
534 1434 654 1497 ἀπέδειξεν
673 1435 714 1495 οδς
728 1433 832 1501 ήθελησε
848 1433 890 1485 καί
905 1433 1004 1493 Φωκεῖς
1046 1435 1105 1505 πρὸς
1128 1432 1279 1504 Ἀντίπατρον
1306 1436 1433 1502 συνέστησε
1456 1435 1499 1501 τῆν
1523 1434 1650 1489 Ἐλλάδα·
1676 1439 1830 1513 κληρονόμος

219 1518 367 1579 ἀναστάτους
395 1515 509 1584 ἐποίησε,
531 1515 623 1585 σφαγάς
646 1533 673 1566 τε
699 1513 795 1574 πολλάς
816 1511 952 1583 ἐτόλμησεν
977 1511 1002 1564 έν
1048 1512 1096 1583 γὰρ
1106 1509 1174 1574 οὗτος
1189 1518 1231 1579 τῆς
1250 1513 1399 1566 Μακεδόνων
1414 1513 1547 1585 ἡγεμονίας
1559 1515 1667 1586 ἐγένετο·
1681 1519 1723 1569 καί
1733 1521 1829 1581 πάντως

222 1595 324 1660 Ἤλιδι,
338 1595 410 1655 αύτός
423 1613 449 1645 τε
464 1594 506 1645 τδν
521 1597 569 1644 τῶν
587 1589 730 1661 Ὀλυμπίων
743 1589 828 1659 ἀγῶνα
846 1589 1002 1652 διετάσσετο,
1048 1594 1077 1644 ἀν
1091 1592 1157 1644 ἑάλω
1177 1593 1344 1663 πολιορκηθεὶς
1365 1593 1390 1646 ἐν
1403 1597 1435 1665 τῆ
1454 1595 1536 1664 Λαμίᾳ
1548 1595 1638 1663 (πόλις
1656 1596 1678 1646 δ’
1691 1596 1756 1650 ἐστίν
1768 1598 1827 1665 αύτη

219 1675 321 1728 πολλῶν
342 1694 368 1727 τε
385 1671 530 1733 διδάσκαλος
548 1672 673 1741 προδοτῶν
694 1669 791 1740 ἐγένετο
804 1668 860 1729 τούς
873 1667 898 1720 ἐν
914 1667 1003 1741 ἑκάστῃ
1049 1673 1092 1743 μία
1108 1678 1155 1725 τῶν
1172 1671 1329 1724 θεσσαλικῶν
1340 1677 1361 1739 ),
1377 1671 1398 1725 εί
1417 1671 1449 1742 μὴ
1463 1674 1555 1726 διέπεσε
1574 1673 1604 1725 τά
1620 1678 1663 1741 τῆς
1675 1675 1830 1746 πολιορκίας,

219 1747 797 1823 mmmm32hrofi½puatoupnou4ffl
807 1748 1001 1808 ωασκῑυᾶίωθ·
1048 1754 1151 1822 πρώτων
1172 1751 1288 1803 λίτωλῶν
1313 1749 1542 1821 ἀποχωρησάντων,
1563 1752 1645 1806 ἔπειτα
1667 1760 1715 1806 τῶν
1734 1755 1829 1808 ἀλλων.

220 1835 260 1887 ότε
273 1831 350 1887 καίλ’
364 1831 456 1902 δήμους
470 1830 568 1883 ἀνεῖλεν
591 1827 616 1881 ἐν
636 1829 719 1901 θρᾴκῃ
742 1828 783 1880 καλ
798 1826 843 1892 τήν
860 1827 1003 1897 ’Ἀμφίπολιν
1050 1831 1175 1901 Κρατήσας
1189 1830 1215 1882 δέ
1230 1828 1291 1900 μετὰ
1302 1833 1379 1881 ταῦτα
1402 1827 1531 1899 Ἑλλήνων
1550 1830 1703 1903 Ἀντίπατρος
1720 1834 1833 1904 βαρόαρι·

219 1913 260 1964 καλ
273 1912 318 1978 τήν
336 1910 480 1976 Ἁλόννησον
492 1908 685 1979 προσεκτήσατο.
723 1907 847 1977 Προέκοίρε
862 1905 888 1959 δέ
902 1906 1004 1961 πλεονε·
1049 1916 1095 1971 κῶς
1114 1912 1166 1970 τοῖς
1187 1910 1327 1979 πράγμασιν
1343 1907 1467 1979 ἐχρήσατο
1491 1910 1618 1979 μᾶλλονή
1642 1912 1828 1984 φιλανθρώπως,

219 1990 269 2052 ξίας
283 1990 316 2052 είς
329 1992 447 2042 τοσοῦτον
459 1990 523 2040 ὥστε
535 1987 576 2039 καί
596 1984 716 2046 Ἀττικούς
729 1987 848 2055 προδότας
863 1984 947 2053 ἔχειν,
963 1985 1005 2037 καί
1049 1989 1145 2060 Πέμψας
1158 1987 1205 2060 γάρ
1220 1986 1253 2048 εἶς
1268 1986 1368 2052 Ἀθήνας
1379 1988 1456 2057 ἐξήτει
1467 1989 1521 2050 τούς
1537 1989 1594 2040 δέκα
1607 1989 1724 2060 ῥήτορας,
1737 1993 1763 2042 οἳ
1781 1995 1832 2055 τοῖς

219 2069 249 2121 τδ
268 2068 399 2140 κεφάλαιον
420 2066 446 2119 δέ
467 2072 516 2118 τῶν
533 2064 599 2117 θλων
616 2065 767 2135 πραγμάτων
792 2068 865 2116 τοῦτο
879 2058 908 2129 ἦν
923 2062 1002 2134 αύτῷ,
1048 2060 1197 2119 Μακεδόνων
1213 2065 1311 2119 ἐδόκουν
1324 2064 1509 2137 ἐμπεποδικέναι
1522 2069 1672 2138 πράγμασιν.
1714 2065 1832 2123 Ὕποτασ-

219 2148 384 2217 χειρώσασθαι
405 2144 447 2206 τθις
473 2143 579 2209 Ἀθήνας.
620 2142 718 2196 Ἐδόκει
742 2142 790 2213 γάρ
818 2142 917 2206 ίξιέναι,
944 2144 1003 2195 ὅταν
1049 2148 1157 2217 σομένων
1169 2145 1195 2198 δὲ
1209 2148 1261 2207 τοῖς
1270 2147 1409 2216 πράγμασιν
1425 2144 1555 2213 Ἀθηναίων
1566 2147 1721 2217 Δημοσθένης
1732 2146 1833 2216 εύλαδη·

220 2226 290 2279 αύτολ
303 2223 336 2295 μὴ
353 2225 474 2277 δύνωνται
493 2224 615 2294 μάχεσθαι
626 2221 681 2292 περλ
697 2221 770 2287 αύτῆς
785 2220 918 2288 Ἀθηναῖοι.
956 2221 1005 2273 ίίαλ
1049 2226 1097 2287 θείς
1118 2224 1151 2287 είς
1170 2225 1308 2295 Καλαυρίαν
1329 2223 1420 2294 ἀπέδρα
1442 2224 1483 2277 καί
1509 2229 1552 2278 τοῦ
1578 2223 1729 2287 Ποσειδῶνος
1753 2226 1832 2295 ἱκέτης

221 2306 287 2375 τάχα
310 2306 339 2356 ἀν
362 2307 406 2369 τῆς
428 2303 523 2363 πόλεως
545 2301 666 2372 ἀπήνεγκε
687 2298 732 2365 τὴν
755 2300 907 2371 ἐλευθερίαν,
932 2299 954 2353 εί
969 2299 1003 2369 μὴ
1049 2303 1158 2375 ἐγένετο·
1173 2305 1202 2357 τδ
1219 2303 1244 2356 δὲ
1264 2303 1329 2373 ίερδν
1350 2303 1441 2356 ἀσυλον
1463 2302 1550 2359 ἐδόκει,
1588 2304 1729 2375 Πέμήαντος
1746 2305 1771 2358 δέ
1786 2306 1829 2361 τδν

221 2384 376 2454 Δημοσθένης
390 2382 574 2452 ἀδωροδόκητος
588 2379 670 2452 ἔμεινε
682 2379 723 2432 καί
740 2380 814 2450 μόνος
826 2381 877 2440 τοῖς
891 2379 1004 2432 Μακεδο·
1047 2383 1213 2454 πονηρότατον
1234 2381 1388 2452 Ἀντιπάτρου
1405 2388 1454 2435 τῶν
1475 2382 1631 2436 ὑπασπιστῶν
1654 2381 1767 2454 Ἀρχίαν,
1787 2385 1832 2437 ίνα

221 2465 297 2523 νικοῖς
320 2461 405 2523 θπλοις
430 2461 485 2522 τούς
505 2459 577 2521 ίδίους
598 2459 688 2530 λόγους
709 2456 837 2522 ἀντέταξε,
856 2457 896 2509 διά
916 2459 1004 2519 παντὸς
1048 2462 1140 2526 αθτδν,
1163 2464 1192 2513 ἀν
1206 2460 1238 2532 μὴ
1260 2462 1360 2528 δύνηται
1378 2464 1463 2535 τέχνῃ,
1478 2463 1519 2533 βίᾳ
1540 2464 1686 2536 καταγάγῃ,
1708 2464 1832 2530 νοήσαςθ

220 2540 413 2613 ύπομιμνήσκων
432 2538 569 2607 Ἀθηναίους
585 2545 634 2592 τῶν
649 2540 779 2610 προγόνων
800 2538 842 2591 καί
854 2538 897 2591 τόν
909 2557 935 2591 τε
948 2538 1003 2592 Μα·
1047 2543 1203 2611 Δημοσθένης
1218 2541 1260 2593 τὀν
1279 2542 1389 2594 κίνδυνον
1412 2541 1545 2613 ἀνέδραμεν
1564 2541 1603 2596 ἐπὶ
1620 2543 1661 2595 τόν
1683 2543 1766 2614 βωμίαν
1788 2545 1832 2598 καὶ

221 2622 318 2691 ραθῶνα
334 2621 376 2673 καλ
390 2618 435 2687 τὴν
451 2619 582 2690 Σαλαμῖνα
599 2619 641 2671 καί
663 2617 704 2680 τὰς
726 2615 851 2679 Πλαταιὰς
871 2619 923 2678 τοῖς
944 2618 1004 2679 νέοις
1047 2618 1130 2672 πολλά
1146 2618 1266 2671 κατειπὼν
1292 2617 1459 2690 Ἀντιπάτρου,
1481 2619 1621 2672 τελευταίαν
1639 2621 1690 2687 τοῖς
1707 2619 1831 2688 Ἕλλησιν

222 2699 391 2770 ἐξηγούμενος.
429 2698 505 2752 Ὅθεν
517 2699 625 2770 ἥρπαζον
639 2697 682 2758 τάς
695 2697 751 2767 παρ’
766 2696 839 2749 αδτοῖι
857 2695 1005 2767 συμθουλίας
1048 2695 1150 2761 ἐντολὴν
1171 2696 1328 2758 καταλιπὼν,
1348 2695 1488 2767 ἐλευθεροῦν
1503 2696 1546 2759 τάς
1563 2697 1659 2760 πόλεις,
1675 2695 1772 2768 ἐξέραγε
1787 2702 1832 2765 τῆς

221 2779 245 2832 οί
258 2779 371 2843 πολῖται,
385 2779 426 2832 καί
434 2785 482 2832 τῶν
493 2777 746 2848 ἀλλωνφιλιππισμδν
756 2777 917 2847 καταγνόντες
928 2777 1004 2846 μόνον
1047 2777 1167 2847 σφαγίδας
1177 2776 1206 2828 τὸ
1217 2776 1313 2837 τοξικδν
1327 2777 1455 2847 φάρμακον
1468 2778 1602 2848 γενόμενον
1622 2776 1688 2848 αύτῷ
1702 2776 1763 2847 μετά
1776 2797 1832 2847 προ-

222 2856 317 2910 έκεῖνον
347 2856 430 2913 εύνουν
456 2856 579 2911 ἐπίστευον
605 2854 680 2911 εἶναι.
718 2856 766 2907 ίίαί
792 2874 850 2908 ποτε
878 2854 1004 2908 Φιλίππου
1048 2854 1161 2918 νοίαςέπλ
1174 2856 1286 2922 τοιαύτην
1302 2856 1354 2926 βίου
1369 2855 1831 2928 μεταόολῆν,καίπρδτοῖιπειραθῆναι
1894 2910 1897 2917 ,

222 2935 338 3003 Θηθαίοις
360 2935 527 3008 πολεμοῦντος
550 2936 592 2989 καὶ
616 2936 707 3002 ταύτην
734 2932 846 3006 ἀφορμὴν
874 2933 937 2987 κατά
962 2938 1005 3002 τῆς
1048 2935 1158 2996 δουλείας
1173 2933 1334 2996 ἀπέθανενίυς
1350 2932 1487 3000 Ἀθηναῖος.
1527 2932 1729 3004 Ἐμνημόνευσαν
1747 2934 1773 2988 δέ
1787 2938 1830 3001 τῆς

224 3012 329 3082 Ἀττικῆς
344 3014 514 3086 λαμθάνοντος
531 3013 625 3068 ἔπεισεν
643 3014 657 3066 ό
676 3012 756 3085 ῥήτωρ
776 3015 937 3084 συμμαχῆσαι
955 3012 1006 3080 θη·
1047 3018 1091 3067 τοῦ
1103 3013 1203 3085 ῥήτορος
1215 3011 1301 3084 ἀρετῆς
1312 3012 1335 3065 σί
1348 3012 1464 3076 πολῖται,
1476 3012 1517 3065 καλ
1532 3010 1655 3081 ἀνδριάντι
1667 3011 1739 3065 αύτδν
1750 3012 1832 3084 ἐτίμη-

222 3096 308 3159 θαίοις,
347 3096 395 3148 Παλ
407 3097 541 3168 γενομένης
559 3093 584 3148 ἐν
600 3094 736 3165 Χαιρωνείᾳ
751 3094 833 3164 μάχης
855 3093 896 3145 καί
914 3092 1004 3162 χιλίων
1049 3112 1107 3155 σαν,
1126 3092 1257 3158 στήσαντες
1275 3089 1299 3144 ἐν
1317 3095 1349 3164 τῆ
1366 3090 1460 3163 ἀγορᾷ,
1476 3090 1517 3143 καλ
1531 3093 1641 3142 τοιοῦτον
1656 3088 1831 3161 ἐπιγράψαντες

223 3174 267 3245 μὶν
279 3174 453 3245 ἀναιρεθέντων
469 3171 619 3241 Ἀθηναίων,
629 3173 747 3225 δεθέντων
763 3170 789 3223 δὲ
804 3170 951 3241 δισχιλίων,
961 3170 1004 3222 ούκ
1048 3169 1159 3241 έλεγεῖον
1170 3191 1175 3202 ·
1188 3170 1263 3240 Εἴπερ
1275 3169 1330 3237 ἴσην
1347 3172 1436 3242 γνώμη
1447 3169 1548 3240 ῥώμην,
1561 3169 1727 3239 Δημόσθενες,
1742 3168 1829 3240 ἔσχες,

222 3253 327 3325 ἐμισήθη
345 3253 517 3323 Δημοσθένης,
539 3250 606 3304 ἀλλὰ
621 3251 662 3304 καλ
679 3250 722 3303 τδν
745 3249 869 3320 ἐπιτάφιον
886 3246 940 3303 εἷπε
956 3255 1004 3302 τῶν
1050 3252 1132 3306 οὔποτ’
1148 3252 1176 3303 ἀν
1198 3248 1327 3316 Ἑλλήνων
1342 3246 1411 3320 ήρξεν
1426 3249 1495 3320 Ἀρης
1508 3248 1637 3300 Μακεδών.
1678 3247 1724 3299 ίίαί
1740 3249 1830 3318 σχεδόν

222 3330 407 3403 ἀναιρεθέντων,
416 3330 497 3394 καλῶς
506 3331 677 3402 φρονησάντων
693 3326 833 3394 Ἀθηναίων.
871 3327 1004 3398 Ἔγνωσαν
1050 3331 1096 3384 δσα
1105 3330 1204 3400 λέγεται
1211 3328 1265 3398 περὶ
1274 3329 1441 3398 Δημοσθένους
1451 3328 1527 3380 ταῦτά
1536 3325 1611 3378 ἐστιν.
1631 3323 1673 3387 Ἐξ
1681 3321 1717 3378 ὧν
1727 3327 1831 3379 δυνατόν

222 3410 270 3482 γάρ
286 3412 324 3464 δτι
346 3410 376 3465 τδ
391 3410 433 3483 μέν
454 3410 486 3464 τά
504 3409 624 3462 κάλλιστα
644 3408 823 3479 συμθουλεύσαι
838 3407 1006 3477 Δημοσθένους
1049 3409 1100 3464 ἐστι
1122 3411 1173 3469 τοῖς
1199 3401 1225 3461 εύ
1246 3411 1360 3477 φρονοῦσι
1387 3406 1533 3477 λογίσασθαι
1552 3405 1628 3472 πόσης
1650 3403 1664 3455 θ
1684 3403 1759 3473 λόγος
1778 3406 1832 3467 τοῖς

223 3485 435 3561 ίργονήν,τδδέ
451 3489 546 3561 συμόάν
560 3490 673 3558 πταῖσμα
684 3491 726 3554 τῆς
742 3487 826 3558 τύχης.
866 3486 971 3540 ίίάκεῖνο
982 3488 1005 3539 δ’
1050 3486 1183 3558 ἀνθρώποις
1203 3483 1280 3547 αἴτιός
1302 3483 1353 3537 ἐστι
1375 3486 1506 3554 προκοπῆς.
1544 3482 1700 3553 Δημοσθένης
1723 3475 1780 3545 σύν,
1798 3481 1832 3543 ὣς

223 3564 255 3621 αύ
270 3572 313 3634 τῆς
325 3566 357 3630 είς
369 3566 413 3634 τῆν
430 3567 535 3637 πατρίδα
553 3565 645 3627 εύνοίας
658 3563 803 3635 τεκμήριον,
815 3565 853 3617 ότι
870 3563 1007 3618 ἀποθανού·
1050 3566 1195 3637 εἰρήκαμεν,
1208 3568 1386 3635 μαχαιροποιοῦ
1401 3564 1458 3623 παῖς
1471 3564 1603 3632 γενόμενος
1624 3560 1743 3632 τῷλόγῳ
1762 3580 1832 3616 πεπι-

223 3668 267 3715 σης
286 3648 360 3701 αύτοῖι
373 3651 416 3714 τῆς
428 3646 561 3717 θυγατρός,
578 3646 608 3711 ῆν
625 3642 681 3714 εἶχε
703 3645 798 3715 μόνην,
814 3642 922 3715 έθδόμην
938 3642 1005 3714 έχων
1050 3646 1155 3708 στευκὼς
1173 3644 1217 3709 τὴν
1241 3643 1373 3711 Ἀθηναίων
1389 3643 1461 3696 πόλιν
1485 3642 1605 3713 ἐκόσμησε
1631 3640 1672 3693 καί
1692 3643 1751 3694 πᾶσι
1777 3643 1830 3702 τοῖς

223 3730 315 3801 ἡμέραν
335 3732 379 3780 τοῦ
391 3726 503 3789 πένθους,
516 3724 651 3795 πυθόμενος
669 3721 804 3795 ἀνῃρῆσθαι
819 3722 946 3776 Φίλιππον
958 3722 1006 3777 ύπθ
1050 3725 1201 3785 Μακεδονίας
1214 3723 1352 3793 βασιλεῦσιν
1366 3721 1486 3791 ἀντέσχε,
1500 3720 1542 3772 καλ
1555 3725 1603 3772 τῶν
1619 3720 1741 3790 μεγίστων
1753 3725 1830 3790 τιμῶν

225 3808 363 3862 Παυσανίου
382 3805 566 3878 μετημφιάσατο
585 3802 689 3864 καὶτοῖς
712 3803 776 3865 θεοῖς
796 3802 883 3867 ἔθυσε,
901 3802 1005 3873 φανερδν
1050 3803 1075 3857 έν
1094 3807 1146 3866 τοῖς
1167 3802 1289 3871 Ἕλλησιν
1311 3800 1419 3869 ἠξιώθη,
1436 3801 1512 3862 πάσας
1525 3799 1704 3860 κατασκευάσας
1724 3798 1764 3850 διά
1787 3802 1830 3850 τοῦ

224 3892 326 3958 ποιήσας
337 3891 377 3943 θτι
393 3887 437 3956 τήν
452 3885 536 3954 κοινήν
558 3886 670 3956 εύτυχίαν
686 3884 827 3957 ἐπίπροσθεν
841 3888 947 3941 ποιεῖται
963 3890 1006 3954 τῆς
1050 3884 1128 3954 λόγου
1144 3884 1259 3954 πατρίδας
1285 3882 1360 3955 αύτῷ.
1399 3880 1548 3934 Διεδάλλετο
1572 3881 1594 3931 δ’
1612 3878 1645 3940 ὡς
1659 3877 1690 3931 τά
1714 3877 1831 3947 βασιλέως

225 3973 286 4036 ίδίας
300 3971 431 4043 συμφοραῖς.
473 3965 584 4037 Ἀντίοχε
603 3966 625 4018 δ’
641 3965 747 4039 θρήτωρ
764 3966 806 4020 καλ
820 3966 881 4037 μετὰ
895 3966 937 4019 τδν
957 3968 1005 4021 Φι-
1052 3970 1100 4019 τῶν
1112 3964 1212 4035 Περσῶν
1227 3967 1320 4034 ρρονῶν
1333 3961 1374 4015 καλ
1384 3962 1492 4032 μηδίζων
1511 3958 1552 4012 καί
1564 3959 1620 4030 παρ’
1636 3957 1727 4011 ἐκείνου
1736 3956 1832 4028 λαμθά-

224 4053 316 4106 λίππου
326 4048 430 4102 θάνατον
441 4044 483 4100 καλ
497 4042 645 4117 Ἀλεξάνδρῳ
654 4045 767 4115 πατρῴαν
778 4044 868 4117 ἔχθραν
883 4045 1007 4117 ύποκρίσει
1051 4067 1099 4099 νων
1114 4044 1240 4115 χρήματα.
