3967 5967
216 491 270 539 art
903 478 1112 544 urruututs

214 629 321 671 remur.
339 612 424 685 Quod
436 612 543 668 codicis
556 614 680 671 rationes
700 616 815 685 attinet,
830 617 988 672 luculenter
1031 616 1193 689 Lycurgum
1202 614 1348 674 Rutadarn.
1365 617 1403 671 At
1415 616 1587 689 Euxenippo·
1596 612 1730 671 subvenit
1743 612 1806 689 Hy·

152 748 157 757 .
214 698 250 753 de
264 701 298 754 iis
311 701 618 775 exposuitBabington,
633 701 800 773 quibuscum
815 700 987 756 conferenda
1031 703 1159 778 parides,
1172 703 1221 758 sed
1236 704 1263 758 is
1278 701 1466 758 secundarum
1480 704 1604 776 partium
1618 713 1722 761 actor:
1738 720 1808 758 nun

214 797 279 840 sunt
291 806 352 859 qua
363 787 398 842 de
409 787 576 844 Hurrisianis
587 788 749 862 fragmentis
759 787 830 843 dixit
839 787 988 844 Boerkhius
1032 801 1097 846 ante
1113 789 1286 863 Hyperidem
1299 791 1369 845 alius
1381 792 1479 845 nescio
1500 791 1563 863 quis
1575 807 1655 845 reum
1669 789 1806 846 defende-

214 875 243 927 in
257 877 378 947 Allgem.
389 876 442 929 Lit.
453 876 578 949 Zeitung,
595 873 681 943 1818,
690 875 725 931 N.
743 875 987 945 aad-227.Verba
1033 888 1085 935 rat.
1097 879 1146 932 list
1158 877 1310 951 igitnrhaee
1321 878 1413 933 oratio
1427 895 1462 934 ex
1475 895 1579 952 genere
1593 877 1644 933 τῶν
1655 875 1806 953 διοτερυλυ·

215 962 339 1039 oratoris!
348 960 498 1016 1111111111
506 973 607 1034 praeter
617 962 819 1035 Babingtonem
833 972 861 1017 et
870 963 987 1018 Schnei-
1032 966 1107 1039 γιῶν.
1120 964 1205 1020 Unde
1218 974 1349 1039 apparet,
1363 981 1414 1018 eur
1427 964 1557 1037 quadam
1570 964 1670 1019 leviter
1689 975 1807 1037 tangan-

215 1047 359 1101 deninum
370 1047 539 1102 studuerunt
550 1048 686 1117 Cobetus,
695 1050 867 1123 Spengelius,
881 1050 988 1121 Kayse-
1034 1062 1089 1120 tur,
1104 1052 1157 1106 illis
1170 1052 1278 1107 scilicet
1291 1054 1356 1106 satis
1368 1062 1465 1124 aperta
1477 1052 1526 1124 qui
1537 1052 1675 1124 superiori
1683 1051 1808 1105 orationi

214 1152 272 1202 rus,
285 1135 396 1190 Patalis
406 1135 518 1191 Gracus
525 1144 554 1191 et
564 1132 715 1204 Heclserus,
726 1134 761 1191 de
771 1152 893 1207 quorum
904 1152 989 1189 cona-
1034 1138 1230 1196 interfuissent.
1250 1138 1332 1197 Cadit
1345 1139 1400 1194 hoc
1423 1139 1453 1192 in
1467 1156 1529 1193 mm
1544 1138 1719 1211 potissimum
1742 1154 1808 1211 par·

215 1221 360 1276 tibusside
366 1240 429 1294 qun
437 1218 802 1278 disseruitSchneidewiuus
808 1222 837 1277 in
847 1221 989 1295 Philologi
1036 1233 1093 1279 tem
1109 1225 1263 1293 orationis,
1274 1241 1331 1297 qua
1343 1227 1469 1280 occurrit
1484 1224 1642 1299 Hyperides
1655 1223 1807 1279 calumnia·

215 1317 296 1362 tomo
315 1309 392 1375 VIII,
409 1325 439 1381 p.
453 1306 598 1373 tao-tta.
1034 1313 1106 1366 tioni
1121 1312 1264 1383 Polyeucti
1278 1322 1307 1365 et
1327 1312 1432 1367 divitiis
1442 1313 1600 1385 Euxenippi
1614 1330 1666 1385 per
1678 1310 1809 1366 fraudem

254 1390 354 1449 Primo
365 1394 432 1449 loco
446 1412 585 1469 ponemus
599 1413 684 1467 quam
698 1395 836 1467 integram
849 1392 989 1448 habemus
1034 1400 1121 1472 partis
1137 1417 1142 1451 :
1159 1415 1224 1471 quae
1244 1415 1311 1471 pars
1329 1400 1427 1453 ultima
1451 1409 1501 1455 est.
1524 1399 1677 1471 Perstringi
1697 1397 1809 1453 fodinas

216 1480 374 1535 orationem
394 1499 448 1555 pro
471 1482 647 1554 Euxenippo.
665 1482 733 1552 Qun
756 1498 791 1535 ex
812 1480 990 1536 orationibus
1034 1485 1158 1558 argenti,
1182 1501 1302 1557 quanam
1323 1487 1352 1540 in
1381 1487 1552 1560 possessione
1571 1484 1626 1538 fuit
1640 1502 1716 1553 reus,
1741 1484 1807 1539 licet

215 1576 316 1622 contra
325 1565 542 1623 Demosthenem
549 1578 577 1622 et
583 1585 636 1640 pro
643 1567 868 1640 Lycophroncin
879 1584 988 1640 papyro
1036 1582 1133 1626 orator
1153 1589 1210 1625 non
1227 1571 1357 1627 distiucte
1382 1572 1472 1638 dicat,
1493 1573 1583 1626 omnis
1594 1569 1656 1626 finis
1671 1572 1810 1625 orationis

215 1665 371 1729 supersunt,
378 1655 451 1710 inter
463 1654 620 1729 fragmenta
629 1673 680 1708 suo
691 1654 757 1708 loco
770 1653 987 1707 exhibebuntur.
1034 1676 1092 1712 non
1107 1659 1173 1712 sinit
1194 1657 1335 1716 dubitare.
1346 1662 1389 1714 De
1403 1671 1530 1732 tempore
1553 1669 1621 1712 actae
1635 1675 1723 1712 causac
1741 1659 1809 1712 satis

256 1744 298 1798 De
309 1744 481 1814 Argumenta
491 1747 624 1797 orationis
625 1761 682 1815 pro
691 1742 991 1814 Euxenippoadversus
1035 1746 1173 1799 constabit
1193 1746 1361 1818 legentibus,
1373 1747 1501 1800 universe
1516 1745 1632 1818 quidem
1649 1746 1719 1817 :qui
1734 1763 1808 1819 ope·

195 1828 394 1900 vPolyeuctum
419 1831 458 1884 ita
491 1829 576 1885 habet
602 1827 842 1884 Senuatnrwruus
865 1847 872 1880 :
900 1852 912 1876 ι
925 1829 991 1883 Post
1037 1832 1129 1886 rosius
1142 1833 1308 1906 investigare
1321 1833 1431 1903 volent,
1444 1832 1489 1887 vel
1507 1849 1610 1886 annum
1631 1832 1722 1904 ipsum
1743 1828 1808 1885 defi·

215 1934 338 1991 pugnam
356 1917 565 1972 Chaeronensem
594 1934 682 1988 quum
707 1915 853 1988 Philippus
870 1915 989 1970 Macedo
1036 1918 1098 1974 nire
1112 1928 1253 1993 poterunt.
1267 1921 1310 1975 De
1330 1919 1498 1992 Euxenippo
1516 1928 1545 1974 et
1558 1915 1716 1990 polyeucto
1730 1935 1807 1988 qure-

217 2003 345 2076 Oropum
361 2004 461 2057 urbem
474 2021 538 2057 cum
552 2019 620 2075 agro
634 2020 704 2071 suo,
719 2020 782 2075 quae
802 2001 886 2070 urbs,
900 2013 932 2056 ut
950 2004 989 2057 ait
1037 2004 1101 2059 dam
1122 2004 1319 2078 praemittenda
1337 2005 1482 2060 videntur.
1504 2006 1540 2059 Et
1562 2003 1597 2059 de
1617 2004 1668 2058 illo
1691 2002 1808 2076 quidem

217 2086 991 2166 51111111,11ἀμφιούητηοίμῳέγεγίνητοπολλάκιςίοῑετ
1035 2090 1148 2146 aliunde
1166 2091 1252 2159 nihil,
1279 2091 1375 2163 quoad
1401 2092 1503 2157 sciam,
1530 2090 1689 2163 accepimus
1711 2107 1718 2142 τ
1741 2106 1807 2143 nam

217 2176 365 2232 Thebanos
377 2177 555 2250 potissimum
572 2187 601 2232 et
615 2176 809 2244 Athenienses,
827 2177 881 2231 iliis
894 2176 988 2231 adem·
1036 2195 1117 2249 quem
1136 2178 1182 2234 01.
1200 2174 1266 2248 118,
1283 2182 1313 2246 f,
1327 2176 1472 2233 Diodorus
1484 2178 1553 2249 XX,
1565 2175 1599 2230 81
1617 2186 1646 2230 11
1658 2175 1810 2247 Dionysius

216 2273 293 2336 ptam
307 2262 594 2333 hisadjudicavisset,
605 2262 706 2317 factum
717 2263 925 2337 populiscitum
940 2273 991 2331 est,
1037 2265 1100 2321 Hal.
1113 2266 1142 2317 in
1151 2264 1294 2320 Dinarcho
1306 2283 1332 2320 c.
1344 2283 1362 2336 9
1374 2283 1402 2338 p.
1413 2262 1470 2319 650
1482 2262 1557 2318 Rslre
1565 2271 1714 2335 praetorem
1726 2260 1811 2315 fuisse

218 2346 413 2404 decemtribus
424 2366 523 2422 agrum
535 2350 614 2404 illum
625 2351 663 2404 ita
677 2351 750 2405 inter
765 2369 794 2406 se
807 2352 988 2414 sortirentur.
1037 2361 1172 2406 testantur
1184 2352 1228 2407 111
1243 2351 1439 2424 Euxenippum
1448 2349 1495 2404 vel
1506 2350 1687 2421 Xenippum,
1698 2349 1807 2402 tametsi

218 2446 251 2489 ut
271 2435 344 2489 binae
357 2435 482 2509 singulos
496 2445 571 2490 sorte
593 2436 695 2491 ductos
709 2436 905 2510 possiderent:
925 2455 992 2510 ager
1035 2435 1095 2492 fieri
1107 2456 1188 2512 posse
1207 2449 1239 2493 ut
1251 2437 1327 2492 idem
1345 2439 1380 2492 sit
1397 2455 1456 2492 non
1469 2453 1620 2508 negamus,
1638 2434 1698 2489 seri
1718 2434 1812 2487 simile

218 2522 291 2576 euim
303 2523 428 2593 quinque
436 2520 521 2577 colles
529 2522 642 2578 videtur
651 2525 815 2597 complexus
824 2524 917 2581 fuisse.
930 2524 991 2580 Illae
1035 2542 1109 2591 esse,
1126 2524 1209 2578 fuisse
1231 2523 1368 2591 eundem,
1382 2541 1467 2578 nemo
1492 2521 1666 2577 contendet:
1684 2520 1807 2591 Polyeu-

218 2610 405 2665 sortitaesunt.
418 2608 473 2665 Sed
483 2611 506 2664 is
516 2611 606 2680 collis,
616 2610 665 2682 qui
675 2611 805 2666 tribubus
814 2609 991 2666 Acamantidr
1035 2620 1111 2665 ctum
1132 2611 1228 2684 paullo
1251 2611 1355 2664 rectius
1368 2612 1507 2667 norimus.
1530 2609 1640 2666 Etenim
1661 2607 1810 2662 constabat

218 2707 247 2750 et
271 2693 508 2769 Hippotboontidi
532 2696 691 2770 obtigerat,
706 2698 735 2751 in
759 2697 989 2771 disceptationes
1036 2710 1100 2754 ante
1128 2699 1201 2753 banc
1233 2708 1372 2770 repertam
1398 2698 1572 2764 orationem,
1600 2705 1656 2750 tres
1678 2695 1810 2749 habuisse

218 2785 298 2839 venit
310 2794 417 2839 essetne
435 2784 499 2855 jure
525 2795 691 2858 occupatus.
708 2785 919 2840 Fueruntenim
942 2782 1001 2856 qni¹
1036 2787 1178 2841 orationes
1195 2784 1383 2857 Hyperidem,
1403 2783 1516 2856 quaead
1535 2780 1722 2857 polyeuctum
1743 2800 1808 2855 spe·

219 2870 300 2927 illum
310 2866 717 2943 deoAmphiaruodedicatum
730 2869 911 2926 defenderent
924 2889 993 2925 con·
1036 2884 1169 2928 ctarent:
1194 2868 1262 2928 saed
1285 2870 1464 2945 Πολυεύκτου,
1490 2868 1550 2945 napi
1577 2873 1621 2925 τοῦ
1645 2866 1808 2925 Πολύευκτον

219 2966 263 3012 tra
278 2957 319 3013 fas
333 2975 351 3012 a
363 2957 494 3014 tribubus
509 2959 608 3015 teneri.
621 2960 689 3029 Qun
700 2957 890 3013 dubitationes
899 2959 992 3013 uttol·
1036 2965 1200 3035 στροτηγιῑν,
1210 2957 1271 3034 πρὸς
1285 2956 1458 3032 Πολύευκτον,
1468 2958 1503 3013 de
1514 2958 1616 3029 quibus
1626 2968 1701 3012 recte
1712 2957 1810 3011 distin·

219 3043 344 3100 ferentur
371 3044 557 3118 religionique
585 3042 749 3114 satisfieret,
784 3044 908 3118 populus
936 3046 991 3100 ciri
1036 3047 1154 3119 guendis
1179 3047 1250 3100 dixit
1270 3044 1418 3100 Hoeckbius
1439 3044 1474 3098 de
1498 3040 1753 3101 renaraliAtben.
1779 3062 1809 3116 p.

220 3133 334 3188 cuidam
347 3151 411 3201 suo,
425 3133 610 3207 Euxenippo,
626 3134 690 3187 viro
705 3132 825 3187 honesto
844 3132 927 3204 eique
949 3133 990 3186 di·
1037 3139 1095 3205 alp
1109 3143 1138 3187 et
1150 3135 1186 3188 H.
1205 3133 1343 3205 Sauppius
1357 3149 1434 3186 meus
1452 3141 1538 3185 oratt.
1553 3129 1654 3203 fragm.
1678 3148 1707 3202 p.
1731 3128 1807 3201 298,

219 3220 270 3275 viti
290 3231 318 3275 et
330 3231 388 3274 tum
402 3230 482 3275 aetate
495 3221 682 3294 provectiori,
696 3219 750 3275 hoc
763 3219 872 3293 negotii
895 3217 989 3287 dedit,
1037 3222 1086 3293 qui
1099 3222 1224 3277 ultimam
1238 3220 1347 3274 illarum
1360 3228 1425 3290 post
1439 3218 1553 3291 Olymp.
1573 3236 1583 3271 1
1595 3236 1638 3285 1ο,
1653 3235 1665 3270 1
1683 3217 1808 3271 habitam

219 3319 252 3363 ut
262 3327 325 3364 cum
341 3306 454 3363 duobus
463 3309 525 3362 aliis
534 3308 563 3362 in
574 3307 640 3362 fano
652 3308 816 3382 Amphiarai
830 3306 991 3375 incubaret,
1037 3326 1096 3362 esse
1115 3307 1280 3363 effecerunt.
1305 3305 1380 3361 lllud
1401 3323 1470 3359 vero
1489 3305 1647 3361 dubitatum
1668 3313 1729 3371 est,
1743 3303 1808 3375 quis

219 3398 243 3450 si
257 3394 327 3470 quid
340 3415 393 3470 per
413 3413 542 3451 somnum
567 3394 719 3450 offerretur
731 3396 836 3463 visum,
851 3412 909 3467 quo
926 3394 995 3451 deus
1039 3395 1208 3467 polyeuctus
1227 3411 1261 3449 11
1279 3393 1373 3448 multIs
1387 3393 1437 3463 qui
1455 3402 1515 3445 tum
1533 3400 1612 3445 eraut
1623 3393 1807 3464 cognomines

220 3485 279 3558 ipse
293 3485 415 3558 aperiret
428 3483 498 3556 quid
517 3483 557 3537 rci
569 3492 650 3537 esset.
666 3482 812 3537 Profectus
828 3493 870 3536 est
893 3483 991 3537 1111111-
1040 3481 1153 3536 Athenis
1176 3479 1292 3553 intelligi
1315 3477 1441 3534 deberet.
1467 3479 1502 3531 Et
1530 3477 1671 3550 Sauppius
1693 3475 1811 3548 quidem

219 3571 338 3644 nippns,
357 3569 487 3637 incubat,
502 3571 641 3624 somnium
659 3567 766 3622 refert:
788 3579 913 3623 montem
938 3568 994 3624 deo
1041 3568 1204 3625 Boeckhium
1226 3577 1338 3622 secutus
1360 3565 1518 3638 Sphettium
1542 3564 1636 3633 illum,
1662 3563 1811 3619 celeberri-

220 3673 330 3710 suerum
345 3672 396 3709 nec
410 3655 452 3708 fas
465 3672 523 3709 esse
547 3655 576 3709 in
593 3664 729 3728 potestate
742 3655 866 3709 tribuum
881 3673 993 3728 perma·
1038 3674 1115 3709 mum
1129 3664 1292 3726 oratorem,
1311 3663 1430 3727 propter
1450 3668 1587 3707 summam
1610 3651 1808 3723 consiliorum,

220 3760 298 3798 nere.
314 3743 385 3796 Tum
411 3742 575 3813 Polyeuctus
592 3738 764 3814 Cydantida,
784 3759 844 3796 non
861 3743 995 3816 ignobilis
1038 3760 1100 3814 quae
1123 3741 1323 3797 Demosthenes
1349 3738 1506 3811 Hyperides
1525 3738 1695 3810 Polyeuctus
1718 3738 1810 3810 agita·

220 3828 307 3883 homo
318 3838 345 3884 et
355 3829 383 3883 in
395 3828 538 3901 republica
552 3837 687 3896 versatus,
697 3829 871 3903 rogationem
885 3828 922 3885 ad
933 3831 994 3904 ple·
1038 3838 1105 3883 runt
1116 3867 1125 3895 ,
1138 3830 1367 3883 communionem
1377 3828 1479 3882 merito
1492 3825 1585 3897 rejicit
1596 3837 1624 3881 et
1638 3826 1810 3899 11111110]-

220 3912 287 3968 hem
307 3915 385 3983 tulit,
399 3915 489 3969 tribus
502 3925 533 3968 111
546 3912 698 3968 redderent
712 3924 837 3969 montem
858 3916 994 3989 Amphia·
1038 3914 1182 3970 dantidam
1190 3918 1373 3989 Polyeuctum
1382 3915 1641 3970 habitamultimam
1651 3918 1809 3971 orationem

220 4016 291 4066 rao,
313 4001 419 4075 quippe
442 4002 491 4074 qui
508 4018 526 4056 a
549 3998 709 4055 finitoribus
734 4010 798 4056 ante
819 4004 995 4059 sortitionem
1039 4021 1094 4058 esse
1105 4015 1181 4058 certe
1192 4003 1340 4058 rerIsimile
1350 4000 1412 4056 fieri
1425 4020 1459 4057 ex
1470 4002 1505 4060 fr.
1516 4002 1593 4076 apud
1605 4004 1772 4076 Har-peccat.
1782 4021 1809 4060 1.

221 4097 367 4160 exemptus
380 4087 435 4142 deo
452 4096 480 4142 et
498 4098 676 4142 consecratus
688 4087 789 4157 fuerit,
803 4089 995 4144 restituerent·
1041 4087 1199 4159 Κυδαντίδης
1211 4090 1341 4144 observat
1354 4084 1521 4165 :‘l'nrpridqe
1535 4089 1560 4144 ἐν
1574 4089 1611 4164 τῷ
1627 4087 1689 4164 πρὸς
1700 4085 1811 4146 Πολύιυ-

223 4193 279 4246 quc
294 4177 416 4247 pretium
426 4193 484 4248 quo
497 4174 699 4233 vendidissent.
722 4174 994 4233 Addiditineadem
1038 4198 1111 4233 κτοψ
1139 4175 1220 4249 δῆμός
1242 4175 1298 4231 lert
1321 4177 1367 4244 τῆς
1392 4172 1516 4249 Αἰγηίδος
1540 4172 1708 4233 Κυδαντίδαι.
1722 4175 1812 4231 Addit

158 4262 164 4267 ’
221 4264 384 4337 rogatione,
396 4273 427 4317 ut
440 4263 553 4336 reliquae
567 4273 634 4318 octo
650 4263 739 4319 tribus
753 4263 859 4319 damno
872 4264 992 4320 duarum
1039 4264 1188 4320 Boeclrhius
1208 4281 1243 4318 ne
1256 4264 1377 4336 reliquas
1389 4262 1503 4334 quidem
1520 4265 1661 4318 orationes
1674 4263 1710 4318 111
1725 4264 1811 4319 alium

221 4361 354 4406 carerent
366 4351 557 4424 sarcirentqne
570 4352 623 4405 11111
635 4351 716 4424 quod
732 4353 896 4410 amisissent.
920 4355 994 4410 Huic
1039 4352 1126 4407 sideri
1136 4351 1313 4426 pertinuisse.
1348 4352 1405 4405 Nec
1419 4349 1749 4421 conjecturatcnuisane
1764 4368 1810 4406 ar·

221 4438 369 4511 Polyeucti
385 4439 525 4512 rogationi
540 4439 693 4493 intercessit
704 4438 800 4493 nescio
815 4439 879 4511 quis
890 4440 924 4512 fis
933 4438 994 4494 for-
1038 4449 1172 4513 gumento
1188 4437 1299 4492 suffulta
1311 4437 1439 4491 homines
1453 4439 1579 4510 egregios
1592 4437 1700 4495 fefellit.
1741 4438 1812 4493 Num

222 4539 294 4584 tasse
313 4531 372 4603 ipse
384 4529 543 4602 Hyperides
556 4529 627 4605 fuit)
641 4530 753 4584 actione
769 4530 839 4603 legis
856 4529 928 4584 male
947 4547 996 4584 ro·
1040 4527 1196 4600 Euxenippi
1210 4535 1399 4580 accusatorem
1414 4522 1600 4595 Cydantidam
1618 4523 1715 4590 fuisse,
1732 4541 1809 4593 non,

221 4629 290 4691 gatae
304 4617 480 4691 perfecitque
494 4626 525 4671 ut
538 4628 655 4691 rogator
675 4618 745 4692 legis
763 4634 859 4672 caussa
881 4615 995 4671 caderet
1039 4613 1118 4687 quod
1133 4612 1226 4668 editor
1236 4611 1470 4684 Cantabrigiensis
1480 4611 1533 4665 sibi
1546 4613 1694 4685 persuasit,
1708 4608 1813 4684 Sphet·

221 4706 366 4779 muitaque
375 4705 473 4779 viginti
486 4705 608 4777 quinque
618 4704 813 4760 drachmarum
826 4702 994 4763 afficeretur.
1039 4705 1124 4772 tium,
1137 4701 1216 4773 cujus
1230 4700 1358 4773 quaedam
1373 4700 1533 4755 orationum
1554 4699 1680 4771 reliquiae
1701 4707 1812 4753 aetatem

222 4796 313 4865 Quam
335 4793 515 4847 calamitatem
530 4793 701 4866 Polyeuctus
723 4812 780 4847 non
795 4793 889 4866 potuit
904 4791 992 4860 ferre,
1039 4792 1171 4858 tulerunt,
1182 4790 1338 4863 planissime
1350 4787 1435 4843 docet
1444 4787 1523 4860 quod
1535 4788 1563 4840 in
1576 4804 1620 4843 or.
1631 4784 1683 4858 I‚§
1700 4803 1729 4839 11
1743 4785 1813 4857 legi·

221 4881 270 4937 sed
285 4881 372 4935 iratus
395 4878 610 4953 Euxenippum,
626 4879 661 4936 de
682 4881 761 4953 cujus
774 4881 821 4935 1111
841 4877 898 4933 fide
912 4889 995 4933 antea
1040 4887 1096 4936 tur.
1109 4878 1278 4949 Polyeuctus
1292 4877 1365 4930 enim
1380 4874 1532 4947 aliquando
1545 4874 1574 4927 in
1585 4870 1633 4947 jus
1647 4882 1764 4926 vocatus
1777 4889 1812 4926 ex

222 4966 291 5022 nibil
314 4966 512 5039 dubitavisset,
528 4966 703 5022 denuntiavit
729 4966 795 5022 falsa
818 4964 943 5019 retulisse
959 4965 995 5019 de
1040 4965 1157 5040 AEgeide
1174 4964 1250 5017 tribu
1277 4963 1373 5017 decem
1385 4961 1439 5016 sibi
1466 4961 1619 5015 advocatos
1638 4959 1723 5032 legit,
1740 4960 1814 5013 inter

223 5054 349 5120 somnio,
361 5053 445 5107 certis
458 5053 625 5127 quibusdam
639 5053 800 5108 hominibus
812 5053 840 5105 in
854 5051 925 5105 urbe
936 5068 995 5124 gra·
1040 5070 1112 5125 quos
1125 5049 1282 5123 Hyperides
1296 5048 1364 5117 fuit,
1377 5046 1542 5119 Cydantidae
1559 5057 1651 5101 autem
1666 5062 1753 5117 pagus
1773 5043 1814 5096 il-

222 5139 368 5194 tifieatum.
383 5140 664 5196 Simuldiversissima
675 5141 721 5195 ille
732 5138 851 5195 crimina
865 5139 893 5192 in
903 5140 995 5193 Euxe-
1040 5141 1092 5194 lius
1118 5138 1207 5192 tribus
1227 5138 1291 5193 fuit.
1307 5138 1400 5191 Homo
1421 5143 1661 5189 commemoratur
1679 5134 1709 5187 in
1729 5131 1812 5186 titulo

224 5229 342 5301 nippum
357 5227 527 5311 corigerehat
540 5239 567 5283 et
584 5229 803 5302 subscriptorem
823 5227 875 5282 sibi
897 5228 995 5282 accivit
1040 5227 1168 5283 Piraeensi
1180 5224 1305 5282 Boeclrhii
1319 5224 1390 5279 XIII
1403 5240 1420 5277 a
1437 5221 1471 5293 37
1486 5242 1517 5297 p.
1540 5221 1597 5289 411
1611 5233 1744 5294 tanquam
1761 5238 1811 5274 au·
