3967 5967
234 429 295 481 ⁶1⁰
739 428 742 435 “
774 415 914 476 ΣΧΟΛΙΑ
937 413 1002 474 ΕΙΣ
1022 412 1301 474 ΔΗΜΟΣΘΕΝΗΝ.

231 547 325 620 έχοντα
346 546 479 620 πρδςῆμάς
500 545 543 600 τδν
565 546 666 617 βασιλέα
686 547 822 613 πεισθῆναι·
842 545 902 616 πρδς
921 544 1012 613 ταύτην
1057 545 1088 612 ῆν
1107 544 1150 598 οῦκ
1166 543 1238 611 ἔθηκε
1258 542 1316 615 μέν,
1332 541 1479 596 ἐνδείκνυται
1496 541 1523 595 δέ
1535 541 1575 594 διά
1594 545 1637 609 τῆς
1660 544 1749 613 μάχης,
1798 541 1843 605 Είς

228 631 328 684 ἵσταται
337 628 361 691 ἐξ
375 628 470 700 ἀρχῆς,
484 627 565 698 λέγων
577 626 680 691 δτι,ού
695 627 751 698 παρ’
763 625 833 698 ἡμῶν
849 631 926 681 ταῦτα
938 626 1012 679 ἀκού·
1058 624 1102 676 δύο
1115 622 1141 675 δὲ
1154 625 1213 693 μέρη
1226 624 1339 695 διῄρηται
1359 626 1433 677 τοῦτο
1453 621 1482 675 τδ
1502 623 1612 693 πέμπτον
1631 623 1711 693 μέρος.
1757 621 1842 685 Είςέν

230 731 299 766 σεται
320 708 432 781 βασιλεύς
448 708 569 775 πρώτων,
592 704 659 757 ἀλλά
683 705 790 775 μάλιστα
812 705 855 776 μέν
878 705 942 776 παρὰ
962 711 1012 759 τῶν
1058 703 1259 774 μέν,θπεριέχει
1277 699 1322 767 τήν
1334 701 1404 753 λύσιν
1416 704 1459 766 τῆς
1473 698 1631 763 ἀντιθέσεως,
1645 699 1678 761 είς
1696 701 1778 770 ἕτερον
1801 700 1840 766 δέ,

230 796 376 863 σατραπῶν,
396 786 451 841 εἶτα
464 786 490 840 δέ
502 787 544 840 καὶ
562 785 627 856 παρὰ
649 783 753 856 Ἑρμίου
766 790 810 838 τοῦ
831 784 964 857 εύνούχου,
982 788 1012 839 θν
1058 784 1086 836 τδ
1102 782 1164 835 κατὰ
1177 783 1233 843 τοὶις
1249 780 1359 852 βήτορας.
1397 780 1439 842 Τίς
1457 774 1528 845 ούνή
1543 778 1662 841 ἀντίθεσις
1680 778 1728 833 ἀπδ
1741 785 1789 832 τῶν
1804 779 1841 833 εί·

230 876 273 925 νῦν
292 870 446 923 ἀνάσπαστον
469 865 617 932 ἐποιήσατο,
638 865 749 936 ἀρχοντα
769 863 910 936 Ἀταρνέως,
927 866 1012 936 μαθὼν
1058 863 1168 933 ρημένων
1191 860 1331 927 κεκίνηταις
1351 858 1433 925 έπειδή
1452 859 1529 912 πολύν
1545 877 1600 911 τινα
1620 859 1697 929 λόγον
1718 860 1773 930 περὶ
1796 863 1842 926 τῆς

230 950 304 1004 αθτδν
318 949 479 1020 συμπράττειν
501 945 619 1016 Φιλίππῳ
638 944 700 997 κατὰ
720 948 763 1011 τῆς
782 944 900 1014 βασιλέως
919 944 1011 1015 ἀρχῆς,
1057 942 1115 1011 πρδς
1131 941 1233 1008 βασιλέα
1245 940 1371 1009 πρεσβείας
1390 940 1534 1005 πεποίηται,
1551 936 1680 991 ἀντέπεσεν
1694 936 1721 991 ἐκ
1735 938 1840 992 τούτου

229 1031 293 1083 ώστε
307 1025 351 1093 τήν
363 1026 482 1099 ἡμετέραν
494 1025 621 1095 πρεσόεέαν
633 1024 716 1095 καιρδν
726 1023 814 1077 λοιπδν
827 1022 905 1093 έχειν.
917 1024 1012 1077 Ούκοῦν
1059 1021 1104 1072 ίίαί
1118 1021 1142 1073 τί
1153 1021 1182 1071 ἀν
1194 1018 1259 1088 ἡμᾶς
1275 1018 1409 1088 ὠφελήσειε
1427 1017 1458 1070 τά
1476 1021 1583 1069 τοσαῦτα
1600 1017 1731 1087 χρήματα,
1752 1018 1794 1070 καὶ
1807 1017 1843 1082 είς

229 1106 275 1174 τήν
286 1106 405 1159 ἀντίθεσιν
419 1104 460 1157 διά
474 1104 561 1158 τούτου
574 1103 684 1173 φαίνεται
697 1102 778 1166 λύων,
797 1103 839 1155 καὶ
850 1103 962 1165 συνιστὰς
975 1104 1013 1156 ότι
1057 1101 1112 1152 τίνα
1124 1098 1209 1169 χρείαν
1223 1099 1362 1168 δεησόμεθα
1371 1101 1415 1150 τοῦ
1428 1096 1561 1168 βασιλέωςς
1575 1095 1641 1148 λύων
1655 1096 1736 1149 τοίνυν
1748 1098 1841 1166 ταύτην

231 1185 335 1239 δυνατδν
349 1186 477 1251 πεισθῆναι
490 1181 532 1236 τδν
547 1181 657 1252 βασιλέα
673 1181 828 1247 πεισθήσεται
837 1180 864 1234 δέ
878 1184 930 1245 τοῖς
940 1182 1013 1253 λογι-
1057 1177 1102 1244 τὴν
1117 1177 1237 1231 ἀντίθεσιν
1251 1177 1275 1239 ἐξ
1288 1176 1447 1247 ἐπιτιμήσεως
1462 1176 1585 1229 δείκνυται
1604 1177 1643 1228 δτι
1656 1174 1707 1247 χρή
1720 1182 1841 1247 προεστά·

231 1270 304 1339 σμοῖς
321 1271 365 1320 τοῦ
379 1265 551 1336 συμφέροντος.
588 1263 706 1315 Φαίνεται
720 1261 746 1315 δέ
763 1263 918 1334 Δημοσθένης
934 1262 963 1316 οῦ
984 1261 1014 1316 τδ
1059 1278 1097 1312 ναι
1109 1266 1157 1312 τῶν
1175 1257 1305 1324 Ἑλλήνων
1316 1257 1358 1309 καὶ
1371 1256 1416 1322 τήν
1434 1254 1509 1321 αύτήν
1523 1257 1588 1319 τάξιν
1604 1256 1747 1322 ἀναλαβεῖν,
1762 1258 1842 1331 imp

232 1348 351 1418 συμφέρον
366 1344 426 1398 αύτδ
445 1344 647 1407 κατασκευάζων,
663 1341 729 1395 ἀλλά
740 1342 769 1394 τδ
791 1343 893 1395 δυνατόν
908 1342 948 1394 διὰ
963 1348 1013 1395 τῶν
1059 1339 1130 1409 εἶχον
1147 1340 1171 1392 οί
1187 1340 1283 1408 πατέρες
1302 1336 1373 1407 ήμῶν
1386 1337 1429 1389 καὶ
1442 1339 1576 1408 πρόγονοι,
1596 1334 1641 1402 τήν
1660 1338 1745 1407 χρείαν
1766 1337 1843 1392 ἐνδει-

230 1428 275 1477 τοῦ
287 1423 446 1494 συμφέροντος
460 1421 598 1490 λογισμῶν,
642 1419 776 1486 Δυνήσεται
789 1418 837 1490 γάρ
849 1418 922 1490 ῆμῖν,
936 1419 1012 1489 φησὶ,
1058 1418 1213 1489 κνύμενοςείς
1223 1420 1254 1485 ἢν
1266 1417 1395 1483 δεήσονται
1403 1421 1451 1469 τῶν
1458 1417 1604 1486 χρημάτων·
1616 1416 1645 1470 τδ
1653 1416 1702 1487 γάρ
1711 1415 1744 1488 μή
1755 1419 1842 1488 άμχειν

232 1503 359 1568 πεισθῆναι
374 1499 486 1570 βασιλεύς
501 1500 673 1570 δεδιδαγμένος
686 1498 716 1551 τὰ
732 1500 883 1570 συμφέροντα
899 1499 940 1552 καὶ
956 1500 1013 1570 παρ’
1058 1500 1131 1569 φησὶν
1143 1499 1223 1554 αἰτίαν
1233 1496 1298 1551 εἶναι
1316 1503 1365 1550 τῶν
1377 1499 1505 1566 παρόντων
1524 1498 1676 1568 πραγμάτων
1689 1497 1731 1551 καὶ
1744 1502 1787 1565 τῆς
1798 1519 1842 1553 τα·

231 1581 481 1652 ύμῶνάκουσόμενος.
519 1577 589 1632 Μετά
602 1582 678 1632 ταῦτα
696 1579 801 1632 τέθεικεν
815 1577 842 1631 ἐκ
853 1582 897 1631 τοῦ
909 1584 1014 1650 φανεροῦ
1059 1580 1153 1647 ραχῆς,
1167 1577 1210 1629 καὶ
1229 1576 1258 1630 τδ
1278 1574 1310 1647 μή
1329 1577 1474 1646 προεστάναι
1492 1575 1582 1637 αδτοὶνς
1599 1582 1649 1629 τῶν
1674 1574 1840 1645 Ἑλληνικῶν.

232 1658 277 1726 τὴν
290 1658 410 1713 ἀντίθεσιν
424 1658 504 1729 λέγων
524 1659 569 1728 (p.
588 1662 651 1721 τέο,
671 1661 714 1727 9)·
731 1680 742 1706 ν
758 1658 799 1710 καὶ
812 1655 857 1723 τήν
871 1656 1014 1729 ἀβελτερίαν
1058 1656 1152 1710 Ούκοῦν
1166 1656 1206 1708 διά
1224 1657 1318 1709 τούτων
1331 1656 1471 1722 συνίστησιν
1486 1657 1524 1708 ότι
1538 1652 1584 1720 τὴν
1600 1654 1670 1707 λύσιν
1684 1659 1727 1723 τῆς
1745 1656 1842 1713 ἀντιθέ-

236 1765 247 1791 ι
265 1740 383 1795 ἀπόθεσθε
397 1739 428 1792 δι’
443 1740 473 1806 ῆν
494 1738 614 1799 πολλάκις
631 1736 805 1803 ἠλαττώθητε,
822 1734 879 1802 6δὴ
896 1738 1016 1808 βάρδαρος
1058 1755 1118 1798 στως
1139 1735 1304 1807 ἐξεργάζεται,
1324 1733 1503 1805 ἐνδεικνύμενος
1519 1737 1567 1787 ποῖ
1581 1734 1692 1805 χρήσιμα
1710 1737 1842 1806 γενήσεται

237 1842 248 1869 ι
266 1820 307 1872 καὶ
318 1819 398 1880 κοινδς
409 1820 482 1871 πᾶσιν
494 1815 525 1887 ἐχ
527 1816 597 1887 θρδς,
613 1816 654 1868 καὶ
667 1816 747 1868 πάντα
759 1814 790 1867 τά
802 1820 910 1869 τοιαῦτα·
929 1838 953 1870 ι.
966 1816 1015 1868 ίίαὶ
1058 1816 1140 1878 αύτοῖς
1152 1816 1184 1868 τά
1198 1815 1331 1886 χρήματα,
1344 1814 1386 1866 καὶ
1396 1815 1434 1867 ότι
1447 1813 1487 1865 διὰ
1502 1815 1530 1867 τδ
1545 1812 1578 1886 μή
1597 1817 1743 1884 προστατεῖν
1755 1817 1843 1881 αύτούς

233 1898 250 1966 ῆ
265 1898 341 1960 λύσις·
362 1896 413 1951 oba
432 1896 484 1950 ἔστι
504 1896 563 1966 πρδς
578 1894 643 1965 ἡμεῖς
657 1894 788 1964 πολέμιος,
809 1896 1014 1967 συνεπηνώρθωσε
1058 1902 1106 1949 τῶν
1124 1894 1253 1962 Ἑλλήνων
1266 1894 1390 1965 παρῆλθεν
1404 1892 1443 1947 ἐπὶ
1453 1892 1484 1947 τά
1494 1894 1625 1965 πράγματα
1637 1894 1769 1958 Φίλιππος·
1783 1899 1842 1951 ὅθεν

233 1980 282 2050 γάρ
290 1994 349 2031 ποτε
366 1976 478 2048 τῆπόλει
497 1974 529 2028 τέι
541 1975 689 2045 πράγματα,
706 1972 751 2039 τὴν
766 1973 807 2025 διά
820 1975 939 2036 Κόνωνος
957 1993 1014 2026 ναυ·
1059 1976 1179 2047 εύδαίμων
1194 1976 1236 2028 καὶ
1254 1976 1339 2046 μέγας.
1388 1972 1461 2044 ’Ἀπερ
1481 1972 1532 2027 ἐστὶ
1553 1974 1632 2027 πάντα
1653 1975 1784 2029 συστατικά
1797 1982 1842 2044 τῆς

236 2058 329 2130 μαχίαν
342 2056 433 2127 λέγων.
471 2053 606 2124 [ίληρώσας
620 2052 646 2106 δέ
659 2052 702 2107 τδν
720 2053 775 2124 περὶ
787 2057 830 2106 τοῦ
844 2053 962 2124 βασιλέως
970 2054 1015 2107 λό-
1058 2057 1248 2126 χρησιμωτάτης
1261 2052 1479 2124 χρείαςτῶνπαρά
1492 2053 1610 2123 βασιλέως
1618 2055 1726 2125 δωρεῶν.
1763 2056 1798 2110 Τό
1812 2058 1840 2113 δέ

234 2131 369 2208 γυν,δςήν
385 2136 440 2205 περὶ
450 2135 552 2186 δυνατοῦ
566 2132 608 2185 καὶ
625 2132 926 2205 χρημάτων,ἐπισυυῆήεν
938 2132 1015 2204 ἀναγ·
1060 2137 1142 2207 ἕτερον
1160 2136 1246 2206 μέρος,
1272 2134 1349 2188 θέσει
1362 2133 1420 2203 πρδς
1435 2135 1491 2195 τοὶς
1509 2132 1624 2204 ῥήτορας,
1645 2135 1756 2187 τοιοῦτόν
1777 2135 1839 2193 ἔστι.

234 2216 308 2277 καίως
320 2214 361 2267 καὶ
369 2213 509 2274 ἀκολούθως
521 2211 564 2264 εὀν
576 2211 682 2281 περὶτῆς
692 2211 815 2274 πολιτείας
823 2212 911 2283 λόγον,
927 2214 1015 2283 πρόφα·
1059 2215 1155 2268 Δέδοικε
1167 2215 1258 2284 σφόδρα
1273 2211 1317 2279 τήν
1334 2211 1400 2284 παρὰ
1410 2218 1459 2265 τῶν
1475 2210 1723 2283 ἀντιπολιτευομένων
1740 2212 1840 2268 ἀντιλο·

234 2314 273 2346 σιν
285 2295 358 2359 δῆθεν
372 2292 414 2345 καὶ
425 2288 535 2363 ἀφορμὴν
547 2289 631 2342 λαβὼν
642 2289 796 2360 εύπρόσωπον
806 2287 850 2356 τήν
860 2291 1015 2344 καθεστῶσαν
1059 2294 1130 2363 γίαν,
1141 2293 1183 2345 καὶ
1192 2292 1260 2354 είδὼς
1273 2290 1318 2357 τὴν
1329 2290 1469 2345 ἀντίστασιν
1483 2290 1597 2362 κινεῖμέν
1613 2291 1714 2361 πρὸτῆς
1726 2293 1840 2363 δημηγο-

236 2373 289 2426 νυνὶ
306 2371 433 2442 ταραχήν,
455 2371 499 2423 ἵνα
521 2368 596 2442 ἀνέλῃ
614 2368 659 2436 τήν
676 2369 792 2423 θπόνοιαν
812 2369 917 2437 έκείνην.
949 2369 1016 2422 ’ἀλλ’
1059 2373 1111 2443 ρίας
1131 2374 1187 2425 τάδε
1213 2372 1242 2424 εδ
1265 2373 1351 2443 μέρος,
1370 2371 1412 2425 τόν
1435 2369 1461 2423 δέ
1480 2370 1540 2440 πρδς
1562 2369 1648 2431 αὶτούς
1665 2369 1742 2441 λόγον
1766 2371 1842 2442 τρίχα

236 2450 330 2522 ἀρκέσει
342 2449 403 2522 ἡμῖν
422 2448 453 2503 τέι
469 2452 513 2514 τῆς
528 2448 623 2510 πόλεως
639 2448 771 2519 χρήματα,
786 2450 849 2501 ὥστε
869 2447 902 2519 μή
921 2449 1016 2501 δεῖσθαι
1059 2453 1183 2523 διῄρηκεν.
1220 2450 1262 2512 Εές
1273 2453 1300 2505 έν
1313 2449 1356 2521 μέν
1367 2447 1397 2515 δή
1409 2444 1453 2503 οῦν
1464 2452 1581 2521 μέμφεται
1593 2451 1631 2502 δτι
1649 2449 1785 2502 κωλύουσιν
1802 2451 1842 2503 ἀεὶ

236 2534 280 2596 τῆς
295 2530 360 2599 παρὰ
384 2528 501 2599 βασιλέως
519 2528 617 2590 δόσεως·
644 2527 685 2580 καὶ
705 2527 763 2592 ἵνα,
781 2531 825 2594 τῆς
845 2526 871 2581 έν
896 2531 927 2599 τῇ
946 2527 1017 2581 πόλει
1060 2533 1102 2586 τδν
1116 2533 1175 2602 πρδς
1190 2531 1315 2584 Φίλιππον
1332 2529 1451 2601 πόλεμον·
1474 2528 1507 2591 εἶς
1529 2528 1665 2600 ἔτερονδέ,
1680 2530 1719 2582 δτι
1737 2529 1841 2581 διαόάλ-

236 2607 346 2678 ἀφορμῆς
359 2606 565 2677 ἀναλισκομένης,
578 2606 654 2659 άπασι
673 2608 726 2669 τοῖς
739 2606 850 2669 πολίταις
864 2605 880 2674 ῆ
894 2605 959 2677 παρὰ
971 2610 1016 2659 τοῦ
1060 2612 1131 2664 λουσι
1144 2611 1186 2664 τδν
1200 2610 1373 2677 Δημοσθένην,
1396 2611 1429 2672 ώς
1445 2610 1622 2679 πολεμοποιόν
1645 2608 1679 2671 είς
1701 2610 1781 2680 τρίτον
1795 2608 1840 2674 δέ,

238 2688 355 2758 βασιλέως
372 2684 466 2753 σίτησις
477 2685 578 2756 εύλογος
589 2685 711 2756 φαίνηται,
755 2683 825 2738 Ἀλλ’
847 2686 871 2739 οὶ
884 2686 931 2757 πρδ
945 2684 1016 2756 ἡμῶν
1061 2691 1099 2744 ότι
1113 2689 1146 2760 μή
1161 2692 1316 2760 συγχωροῦσι
1333 2693 1370 2759 τῷ
1383 2687 1484 2757 βασιλεῖ
1494 2686 1538 2754 τήν
1552 2688 1624 2742 πόλιν
1641 2686 1784 2758 εύεργετιῖν’
1800 2688 1841 2741 ἐν·

236 2765 358 2826 διελόντες
371 2763 415 2816 οθκ
429 2762 496 2816 εἶδον
513 2767 586 2817 τοῦτο
597 2762 716 2825 καθάπαξ.
763 2765 917 2836 Βουλόμενος
935 2766 1016 2818 τοίνυν
1061 2768 1255 2839 δεικνύμενοςώς
1265 2769 1312 2821 όσα
1323 2768 1352 2820 ἀν
1365 2766 1434 2819 αθτοὶ
1453 2772 1540 2820 ποιῶσι
1555 2766 1597 2819 καὶ
1614 2766 1720 2836 λέγωσι,
1738 2766 1839 2830 λύοντες

238 2843 336 2896 ἀνελεῖν
359 2840 403 2909 τήν
429 2841 550 2896 ἀντίθεσιν
576 2840 648 2905 αύτδς
670 2841 805 2914 εἰσηγεῖται
823 2845 896 2910 δῆθεν
918 2842 951 2914 μή
964 2844 1017 2896 δεῖν
1061 2847 1105 2914 τῆν
1117 2849 1175 2917 πρδς
1189 2846 1290 2917 βασιλέα
1301 2844 1428 2916 πρεσδείαν
1439 2844 1480 2898 καὶ
1491 2846 1534 2899 τόν
1546 2845 1656 2916 πόλεμον
1667 2844 1711 2898 τδν
1722 2847 1780 2915 πρδς
1792 2848 1861 2900 Φέ-.

237 2922 393 2992 ἀφαιρεῖσθαι
406 2921 437 2974 τά
451 2921 554 2991 θεωρικά
574 2921 630 2983 τοὶς
641 2921 765 2991 δημότας,
781 2919 829 2974 εἴτε
838 2920 963 2974 Εύόούλου
977 2940 1018 2974 τε·
1061 2925 1169 2989 λιππον,
1184 2926 1266 2994 χάριτι
1279 2924 1322 2975 καὶ
1335 2924 1416 2994 μισθῷ
1434 2922 1578 2976 κωλύουσιν.
1622 2921 1691 2977 Ἐπεὶ
1708 2924 1781 2977 πόθεν
1795 2925 1842 2977 άλ-

237 3000 422 3067 τελευτηκότος,
433 3000 492 3071 πρδς
500 3002 528 3053 δν
543 2998 596 3067 εἶχε
607 3000 749 3070 φιλονείκως
761 3002 816 3070 περὶ
825 3006 874 3054 τῶν
885 3002 1016 3071 θεωρικῶν,
1061 3006 1134 3058 λοθιν
1143 3002 1273 3071 ηύζ-ηνταις
1284 3000 1348 3055 Εἶτα
1359 3002 1500 3074 ἀποστροφῇ
1508 3006 1662 3074 χρησάμενος
1669 3005 1727 3075 πρδς
1735 3005 1778 3057 ἕνα
1787 3004 1843 3058 τινά

238 3078 287 3133 εἴτε
298 3079 341 3133 τθν
356 3080 447 3132 σκοπδν
461 3079 503 3132 τδν
516 3077 602 3132 έαυτοῦ
613 3080 792 3150 συμπεραίνωυ,
809 3079 853 3132 ίνα
863 3080 1017 3149 πανταχόθεν
1062 3089 1110 3135 τῶν
1120 3084 1245 3152 προδοτῶν
1255 3079 1413 3151 Ἀριστομήδη
1428 3082 1508 3147 (ἀεί).
1527 3081 1717 3153 Ἀριστόδημον)
1731 3082 1843 3154 ἐλεγκτι-

238 3158 359 3229 συνελάσῃ
368 3158 410 3211 καὶ
422 3159 595 3230 καταναγκάσῃ
604 3158 782 3227 καταδέχεσθαι
791 3158 834 3211 τὸν
847 3158 901 3228 περὶ
910 3162 953 3225 τῆς
965 3177 1020 3229 πρε·
1063 3167 1110 3222 κῶς
1122 3160 1276 3230 διαλέγεται,
1286 3159 1318 3211 δι’
1335 3158 1388 3222 ένδς
1400 3158 1486 3231 ἀνδρός
1503 3162 1563 3232 πρδς
1577 3163 1684 3223 ἅπαντας
1692 3161 1734 3215 τδν
1750 3164 1842 3216 σκοπὸν

238 3238 368 3304 σθείαςτῆς
379 3237 438 3308 πρδς
451 3237 551 3308 βασιλέα
562 3237 649 3308 λόγον.
665 3236 872 3308 Διμιρήςδέέστιν
884 3237 898 3291 ό
911 3239 1020 3308 περὶτῆς
1062 3239 1197 3309 τοῦλόγου
1214 3238 1308 3309 γυμνδν
1326 3239 1368 3291 καὶ
1384 3241 1487 3311 φανερδν
1501 3240 1615 3303 καθιστάς
1636 3243 1689 3303 τοῖς
1702 3239 1842 3297 ἀκούουσιν.

242 3318 365 3378 πολιτείας
378 3316 462 3380 λόγος,
480 3313 580 3381 Ἐπειδὴ
593 3315 641 3387 γὰρ
654 3316 754 3386 διχόθεν
765 3311 828 3383 ήσαν
840 3318 921 3388 πόροι,
936 3317 960 3369 οί
975 3317 1019 3388 μέν
1066 3316 1166 3382 Ἐπειδὴ
1178 3316 1226 3386 γάρ
1237 3316 1262 3369 οί
1276 3315 1450 3387 ἀποτρέποντες
1461 3318 1546 3382 αύτούς
1558 3322 1659 3391 πέμπειν
1673 3323 1730 3391 πρδς
1743 3323 1843 3392 βασιλέα

239 3394 266 3449 ἐκ
277 3402 326 3449 τῶν
334 3395 495 3467 δικαστηρίων
502 3396 675 3467 δημευομένων
683 3400 732 3447 τῶν
741 3393 858 3465 εύπόρων,
872 3395 896 3448 οί
908 3394 933 3448 δέ
943 3394 1019 3457 έξάλ·
1063 3397 1104 3450 καὶ
1121 3396 1239 3468 πολεμεῖν
1251 3395 1369 3468 Φιλίππῳ
1378 3398 1451 3464 δῆλοί
1462 3397 1521 3451 εἰσιν
1534 3399 1573 3453 έπὶ
1588 3402 1670 3470 χάριτι
1686 3400 1728 3472 μέν
1737 3403 1843 3473 συμόου-

239 3475 292 3528 λων
304 3474 419 3546 ἀφορμῶν
431 3475 473 3527 καὶ
482 3475 608 3547 προσόδων
618 3473 724 3545 λιμένων
736 3473 778 3526 καὶ
789 3472 869 3545 ἔργων
885 3473 1018 3545 ἀργυρείων
1063 3477 1190 3541 λεύοντες,
1212 3477 1241 3530 τό
1259 3476 1285 3530 δέ
1303 3475 1398 3549 ἀξίωμα
1416 3478 1584 3549 καθαιροῦντες
1603 3484 1646 3546 τῆς
1670 3480 1780 3546 πόλεως,
1802 3483 1843 3535 διά

239 3554 281 3607 καὶ
295 3554 443 3624 συμμάχων,
459 3552 608 3623 βουλόμενος
629 3551 670 3603 καὶ
689 3552 819 3613 πλουσίους
836 3551 965 3621 ἀρέσασθαι
978 3555 1020 3607 καὶ
1062 3561 1136 3610 τοῦτο
1150 3556 1300 3627 φοδούμενος
1318 3557 1408 3623 ταύτην
1433 3546 1478 3621 τήν
1501 3559 1557 3627 παρ’
1578 3557 1676 3613 ἐκείνων
1700 3558 1842 3630 ἀντιλογίαν

239 3634 342 3699 πένητας
351 3630 578 3699 οίκειώσασθαηένα
587 3630 794 3702 συμψήφουςλάόη
804 3631 1019 3702 περὶτῆςπρδςτδν
1063 3631 1175 3704 ῆρώτησε
1197 3634 1240 3686 τδν
1260 3632 1432 3706 Ἀριστομήδην
1454 3635 1495 3687 διά
1514 3638 1539 3689 τί
1559 3636 1630 3698 αύτδς
1650 3637 1692 3708 μέν
1705 3638 1844 3709 φιλοτιμίας

241 3711 343 3785 βασιλέα
356 3710 497 3780 πρεσβείας,
516 3708 556 3761 διά
567 3713 640 3762 τοῦτο
653 3709 791 3778 διαλέγεται
804 3711 876 3777 δῆθεν
893 3711 948 3781 περὶ
958 3711 1020 3782 όμο-
1065 3716 1241 3784 μεταποιεῖται,
1251 3710 1284 3784 μὴ
1294 3717 1422 3784 συγχωρεῖ
1428 3714 1455 3767 δέ
1469 3715 1582 3787 τῆπόλει
1591 3714 1636 3782 τὴν
1650 3717 1721 3777 δόξαν
1735 3715 1780 3782 τήν
1793 3724 1843 3770 τῶν

241 3792 308 3852 νοίας
321 3788 403 3850 αύτοῖς
416 3786 481 3841 εἶναι
495 3787 625 3858 τὸνλόγον
637 3788 732 3842 καὶτοῦ
746 3791 924 3860 συμφέροντος,
936 3810 1022 3863 παραι-
1064 3792 1192 3863 προγόνων
1209 3792 1381 3862 διαφυλάττειν
1393 3793 1435 3845 καί
1452 3794 1616 3865 κληρονομεῖν
1626 3800 1669 3863 τῆς
1681 3795 1788 3858 εύκλείας
1802 3798 1845 3849 καί

240 3873 290 3921 νῶν
303 3866 365 3937 μήτε
378 3866 433 3931 τούς
442 3868 601 3937 κεκτημένους
612 3865 655 3928 τδς
668 3866 750 3929 οὖαίας
765 3867 900 3922 ἀδικεῖσθαι
912 3870 959 3924 ύπδ
971 3877 1021 3924 τῶν
1066 3871 1220 3940 διαδέχεσθαι
1239 3869 1282 3932 τάς
1301 3876 1351 3923 τῶν
1370 3870 1449 3943 ἔργων
1471 3872 1652 3944 λαμπρότητας.
1695 3873 1724 3927 ‘0
1741 3873 1784 3945 μέν
1800 3870 1844 3927 ούν

242 3948 391 4008 δικαζόντων
401 3947 580 4016 δημευομένους
588 3944 651 3999 κατέι
659 3946 751 4017 λόγον,
762 3949 823 4019 μήτε
830 3949 886 4012 τοῦς
897 3952 1022 4013 καταδεεῖς
1065 3948 1153 4010 σκοπδς
1166 3945 1236 4010 ούτός
1254 3948 1328 4002 ἐστιν·
1349 3947 1455 4021 είπωμεν
1475 3951 1524 4016 Bis
1539 3954 1604 4014 ὅπως
1623 3954 1843 4024 μετακεχείρισται.

242 4025 408 4080 καταόοᾶσθαι
421 4024 486 4096 παρὰ
497 4031 546 4079 τῶν
558 4027 666 4079 δυνατῶν
682 4027 715 4089 ὡς
729 4028 916 4099 διανεμομένους
928 4029 961 4092 είς
979 4030 1022 4092 τάς
1065 4026 1135 4081 Μεεά
1144 4028 1225 4080 τοίνυν
1236 4025 1281 4093 τήν
1297 4027 1367 4080 λύσιν
1376 4033 1419 4095 τῆς
1431 4029 1572 4093 ἀντιθέσεως
1581 4030 1710 4103 ἐπισυνῆύε
1718 4032 1747 4084 τθ
1759 4038 1846 4103 χρειῶ-

243 4106 344 4176 θεωρίας
357 4104 387 4158 τά
401 4106 573 4174 στρατιωτικά.
626 4103 688 4158 Ἐὰν
706 4106 753 4177 γὰρ
765 4114 813 4162 τῶν
827 4111 909 4180 πόρων
928 4112 1021 4165 τούτων
1064 4105 1103 4166 δες
1113 4109 1156 4158 τοῦ
1172 4105 1304 4174 βασιλέως,
1318 4107 1359 4157 καὶ
1371 4108 1408 4160 ότι
1418 4105 1539 4178 ἀναγκαία
1553 4108 1569 4176 ἢ
1583 4111 1641 4181 πρδς
1652 4110 1746 4163 ἐκεῖνον
1758 4111 1843 4181 φιλία,

243 4183 341 4237 καὶτῶν
353 4184 479 4254 προσόδων
495 4184 634 4238 παύσωνται
646 4189 694 4236 τῶν
713 4186 777 4256 παρὰ
797 4195 845 4242 τῶν
858 4188 976 4261 εύπόρων,
991 4190 1022 4244 τά
1066 4183 1132 4254 εἴπερ
1150 4187 1201 4246 τοῖς
1212 4184 1297 4245 ἀλλοις
1311 4185 1405 4238 άπασαν
1419 4185 1543 4254 Ἕλλησιν
1557 4189 1671 4250 εὐνοϊκῶς
1689 4189 1843 4259 διαλέγεται,

242 4262 270 4315 δέ
280 4266 323 4328 τῆς
335 4262 430 4324 πόλεως
446 4261 626 4317 ἀναλίσκωνται
646 4261 679 4324 εἰς
692 4264 747 4325 τοὶς
766 4266 873 4336 δήμους,
898 4268 934 4330 τίς
953 4267 1022 4323 ἔσται
1065 4262 1127 4334 ἡμῖν
1140 4262 1166 4315 δέ
1185 4262 1349 4332 ἆπῑχθάὶίῖαῑ
1370 4265 1490 4333 βασῑέῑθς-
1531 4267 1577 4318 Καὶ
1595 4266 1705 4337 ἀνάγκην
1727 4269 1844 4340 μεγίστην

243 4341 330 4397 λοιπδν
346 4341 382 4395 έτι
396 4340 492 4414 ἀφορμή
507 4347 538 4417 τῇ
551 4343 637 4407 πόλει,
651 4342 715 4410 πλὴν
727 4347 770 4410 τῆς
788 4344 821 4408 τίς
837 4347 939 4415 βασιλέα
951 4347 1021 4402 ἑλπί.
1066 4342 1107 4395 καὶ
1120 4342 1199 4396 πίστιν
1213 4342 1341 4408 πεποίηται
1358 4343 1432 4415 [διὰ]
1447 4350 1490 4397 τοῦ
1504 4345 1582 4407 δεῖξαι
1597 4345 1621 4398 ἐν
1636 4347 1678 4416 οἵᾳ
1689 4349 1787 4418 ταραχῆ
1801 4366 1845 4417 κα-

244 4423 299 4484 δος;
315 4421 355 4473 διά
371 4426 447 4475 ταῦτα
460 4422 536 4485 ούτως
558 4422 623 4494 αύτῷ
638 4422 666 4474 τ“ο
681 4424 750 4493 μέρος
768 4423 935 4495 έρρητόρευται
949 4430 1023 4479 τοῦτο
1067 4428 1165 4492 θέατηκε
1177 4424 1208 4477 τά
1221 4431 1270 4478 τῶν
1281 4423 1425 4493 Ἑλλήνων·
1440 4429 1473 4489 ώς
1489 4427 1555 4481 εἶναι
1574 4431 1659 4501 χρείαν
1669 4433 1701 4503 τῆ
1717 4430 1788 4483 πόλει
1803 4434 1846 4497 τῆς

243 4499 386 4571 τοῦλόγου.
424 4499 461 4552 Τά
474 4501 558 4573 γάρέν
576 4502 669 4566 τούτοις
679 4502 760 4575 ἀσαφῆ
774 4503 799 4557 οἱ
812 4503 928 4575 ἐξηγηταὶ
944 4525 1022 4577 παρα-
1066 4503 1121 4574 παρ’
1133 4502 1225 4556 ἐκείνου
1240 4504 1374 4576 ἐπικουρίας
1388 4505 1428 4557 διδ
1438 4506 1468 4560 τά
1479 4509 1655 4574 καθεστηκότα.
1695 4508 1743 4560 Ἱίν
1759 4508 1846 4578 βουλό-

246 4576 370 4643 στήσουσι.
383 4579 463 4633 TCV.
1068 4602 1138 4653 μενος
1150 4585 1316 4637 πιστώσασθαι
1327 4584 1413 4651 ηύξησε
1428 4584 1472 4651 τήν
1487 4585 1599 4657 ταραχὴν
1617 4586 1661 4652 τήν
1684 4584 1843 4653 Ἑλληνικήν·

281 4658 416 4728 Πληρώσας
429 4657 509 4710 τοίνυν
524 4656 568 4723 τήν
580 4659 734 4729 περὶτούτων
748 4660 888 4729 παραίνεσιν
900 4660 942 4713 καὶ
953 4659 1025 4731 βητο-
1068 4661 1123 4717 εἶτα
1140 4662 1187 4716 ἀπδ
1197 4664 1284 4716 τούτου
1297 4666 1439 4735 μετεδίδασε
1453 4667 1495 4720 τὀν
1508 4667 1586 4737 λόγον
1599 4668 1657 4738 πρδς
1670 4668 1726 4729 τούς
1746 4665 1785 4721 ἐπὶ
1797 4670 1845 4738 χά·

245 4742 329 4812 ρεύσας
347 4741 380 4801 ώς
390 4738 543 4812 ἐδείκνυμεν,
561 4742 648 4812 μετέύη
661 4741 748 4796 λοιπδν
758 4741 798 4796 ἐπὶ
812 4743 842 4795 τέ
858 4743 967 4812 πέμπτον
982 4744 1024 4813 μέ-
1068 4760 1114 4811 ριτι
1127 4740 1337 4813 πολιτευομένους,
1383 4745 1478 4815 Διαιρεῖ
1488 4744 1514 4796 δέ
1525 4746 1584 4813 δίχα
1602 4745 1643 4797 καὶ
1657 4742 1700 4810 τήν
1713 4750 1762 4798 τῶν
1774 4744 1846 4815 βητό·

246 4839 286 4890 ρος
297 4823 340 4871 τοῦ
355 4818 432 4891 λόγου
446 4819 554 4873 ἐντεῦθεν
567 4819 698 4891 ἀρξάμενος
714 4822 759 4891 (μ.
777 4822 840 4885 ιίιθ,
852 4824 897 4887 8)·
915 4820 970 4883 ιώς
980 4821 1023 4891 μὲν
1069 4840 1117 4891 ρων
1129 4822 1264 4887 ποιότητα,
1279 4822 1321 4873 καὶ
1333 4821 1462 4885 ἀντιθέσεις
1477 4823 1588 4888 κεκίνηκε
1602 4824 1660 4893 πρδς
1673 4820 1791 4888 διαβολήν
1805 4827 1848 4888 τῆς

250 4920 260 4946 ι
278 4893 321 4951 ούν
336 4896 399 4952 είποι
413 4918 449 4960 τις
461 4900 507 4963 ἀν,
523 4899 602 4969 ἀπαρ’
614 4899 733 4971 ἑκατέρων
746 4898 811 4953 εἶναι
821 4901 874 4965 δεῖ,
885 4901 953 4954 ταῦτ’
966 4899 1025 4964 ίσως
1067 4901 1197 4966 ποιότητος
1207 4900 1286 4953 α’ντῶν
1298 4902 1440 4971 διαφόρους,
1459 4900 1640 4971 ἐνδεικνύμενος
1655 4901 1687 4953 δι’
1707 4900 1785 4953 αύτῶν
1805 4895 1847 4952 οέα

250 4975 334 5030 νέστί·
356 4999 366 5026 ν
385 4978 453 5047 βάσιν
478 4974 576 5048 μέν’καὶ
594 4979 753 5050 συμπέρασμα
774 4984 823 5032 τῶν
844 4981 1024 5050 προειρημένων
1069 4979 1167 5032 εἰώθασι
1178 4980 1259 5050 λέγειν
1269 4980 1310 5031 καὶ
1319 4981 1356 5032 δτι
1370 4981 1470 5045 σύνηθες
1481 4979 1564 5041 αὐτοῖς
1572 4978 1847 5049 κωλύειντῶνπράξεων

247 5053 291 5121 τὴν
303 5056 412 5107 διάνοιαν
424 5056 514 5123 ταύτην
529 5056 685 5127 ποιούμενος,
706 5058 888 5127 καταρχόμενος
900 5055 926 5110 δέ
942 5056 969 5111 ἐκ
981 5061 1025 5111 τοῦ
1068 5058 1113 5124 τήν
1124 5059 1206 5124 πόλιν,
1221 5060 1369 5131 φοβούμενος
1383 5058 1415 5131 μή
1428 5061 1482 5129 περὶ
1493 5064 1535 5126 τῆς
1544 5062 1670 5130 πρεσόείας
1683 5066 1725 5127 τῆς
1733 5062 1791 5132 πρδς
1805 5062 1848 5130 βα·

249 5139 367 5206 μερισμοῦ
381 5134 454 5188 πάλιν
472 5138 515 5203 τῆς
534 5134 627 5198 ἐννοίας
647 5141 683 5205 τῷ
703 5134 764 5202 έξῆς.
803 5135 875 5189 Ἐστι
893 5136 961 5190 δέτδ
974 5138 1027 5191 νυνὶ
1070 5139 1138 5191 σιλέα
1149 5136 1292 5201 ἀντείπωσι,
1307 5139 1379 5208 [καί]
1393 5138 1448 5199 τοῦς
1461 5138 1550 5208 λόγους
1562 5137 1641 5190 αθτῶν
1654 5136 1849 5208 ύποτεμνόμενος

249 5216 488 5286 κατασκευαζόμενον
508 5215 638 5285 κεφάλαιον
658 5214 687 5268 τδ
705 5216 823 5285 συμφέρον
837 5213 861 5277 ἐξ
875 5214 1025 5281 ἀντιθέσεως,
1069 5216 1110 5285 καὶ
1132 5217 1244 5279 ἀπίστους
1266 5217 1351 5279 αύτιὶες
1371 5216 1484 5279 καθιστάς
1498 5217 1530 5279 ῶς
1547 5216 1587 5268 διέι
1608 5217 1732 5272 Φίλιππον
1754 5218 1848 5271 ἅπαντα
