3967 5967
673 439 781 501 xxw.
805 439 909 502 ΚΑΤΑ
931 438 1226 502 ΤΙΜΟΚΡΑΤΟΥΣ.
1696 454 1756 505 m

144 566 174 624 ἀι
184 572 221 642 τῷ
232 568 359 643 λίγιάλιιρ
372 570 424 642 ὀριι
435 572 479 639 τῆς
496 568 620 639 Ἀττικῆς,
633 572 732 645 θεωρῶν
748 571 796 640 τῆν
808 572 835 628 ίν
845 571 928 626 Σαλα-
1009 573 1072 644 743,
1086 577 1113 639 4.
1130 573 1178 627 ίίαί
1188 573 1213 628 οί
1227 568 1336 645 κερίτδν
1352 570 1423 627 σῖτον
1441 571 1555 645 ἀδικεῖν]
1565 570 1626 628 Οίον
1638 575 1758 646 δσπεροί

145 650 199 720 μῖνι
210 648 360 720 ναυμαχίαν.
378 650 557 705 ACDGRTV.
972 653 1038 724 παρά
1048 654 1182 717 Λεύκωνος.
1212 651 1294 725 Είχον
1302 651 1413 707 ἀτίλειαν
1423 658 1449 707 οί
1460 657 1616 725 σιτηγοῦντες
1630 652 1755 721 ’Amata

182 723 328 800 Ἀκινάκην]
345 726 444 798 ’θνομα
457 726 536 799 ξίρους
547 728 677 799 Περσικοῦ.
692 729 872 786 AmGnTv.
977 730 1126 804 λπῆμγοντο
1146 731 1266 796 πολλάκις
1287 731 1403 803 ἀλλαηοῦ
1416 731 1458 785 καί
1471 731 1581 787 δούλοιν
1595 731 1680 786 αότόν.
1710 734 1758 787 ίίαλ

178 811 242 875 741,
268 823 295 876 7.
318 806 466 879 Δαρεικυθς]
491 806 593 880 Ὀνομα
616 807 767 881 νομίσματος
787 807 854 880 παρά
877 809 931 871 τοῖς
972 805 1096 864 οὗτοιοδν
1114 811 1182 873 δίκας
1200 809 1323 865 ίδίδοααν.
1373 810 1457 882 Νόμος
1470 810 1518 882 γδρ
1538 807 1569 879 ῆν
1586 810 1757 884 ἀπείργωνμῆ

143 884 254 957 ίίίρσαις.
973 886 1089 960 ἀλλαχοῦ
1100 892 1212 961 σιτηγεῖν
1225 888 1292 962 εἰμὴ
1306 888 1340 953 είς
1356 888 1464 958 Ἆθῆνας.
1479 891 1514 947 Υ.

178 969 241 1034 741,
256 984 283 1036 9.
302 963 378 1019 Ἀλλδ
395 964 477 1018 τάλλα
489 963 518 1019 σθ
533 965 627 1036 βίαιος]
647 964 782 1037 ίίληρόστς
795 967 851 1031 τοδς
866 966 929 1021 κατά
1010 967 1058 1021 ίίαλ
1068 967 1094 1021 οί
1104 967 1211 1039 πιρλτδν
1220 970 1305 1041 σῖτον]
1322 967 1549 1040 Ἐξηγοδνταιπερί
1560 967 1673 1040 ίμαόρων
1683 975 1757 1023 τινων

142 1050 193 1099 τῖεν
203 1046 342 1117 τιροαόοων
354 1044 441 1107 τόπους
452 1043 538 1115 ἀπάγει
550 1042 660 1116 ίννόημα
670 1044 703 1109 ὡς
713 1047 744 1100 ἀν
757 1045 821 1101 ιίετοι
832 1065 868 1109 τις
878 1045 930 1101 lm·
976 1043 1120 1115 Ἀθηναίων,
1134 1047 1283 1114 ὀτιῆλωσαν
1295 1052 1452 1118 σιτηγοῦντες
1462 1047 1496 1110 τίς
1505 1047 1583 1101 ἀλλον
1595 1044 1684 1119 λιμένα
1692 1049 1757 1121 εαρδ

143 1125 256 1197 λογικόν.
269 1126 305 1180 Υ.
535 1156 539 1161 -
882 1135 884 1141 ’
972 1125 1079 1181 τδντιῖνν
1095 1125 1229 1195 Ἀθηναίων
1242 1130 1330 1199 νόμον.
1367 1126 1452 1199 Νόμος
1464 1126 1492 1182 θλ
1502 1123 1611 1198 ῆνπαρά
1626 1126 1759 1196 Ἀθηναίοις

179 1209 242 1273 741,
264 1204 305 1258 16.
324 1201 394 1274 Ἐγὼ
408 1201 453 1273 μίν
468 1201 517 1274 γάρ
533 1201 608 1275 οίμαι
624 1201 806 1276 οθδίν]ίίάλιν
825 1203 931 1261 ίνταθθα
972 1208 1133 1279 τιμωρεῖσθαι
1145 1206 1189 1261 τδν
1204 1206 1331 1276 Ἀθηναῖοι
1350 1208 1487 1279 ναύκληρον
1508 1211 1656 1279 σιτηγοῦντα
1679 1207 1758 1262 ἀλλα·

143 1284 219 1340 νίκων
229 1284 273 1339 τόν
286 1283 387 1355 μίν-υόκ
399 1281 521 1355 ίπῆγαγε,
531 1283 575 1341 τόν
588 1280 629 1352 δὲ,
641 1282 683 1335 διά
696 1283 725 1337 τό
733 1282 929 1356 ὡμολογημίνον
973 1290 1040 1358 χοῖ,
1054 1284 1136 1354 ἀναιδῆ
1150 1285 1291 1358 λιτετόγεως
1302 1283 1360 1355 ῆνῆ
1377 1285 1482 1353 Ἆτεικῆ.
1495 1288 1673 1341 ΑίῖίλῦίδΤΥ.

143 1362 208 1419 είναι
220 1366 279 1436 όνιιρ
292 1362 398 1435 ίμελλιν
412 1362 542 1435 ίετιρίρειν.
580 1360 695 1433 Ἔμελλε
705 1361 755 1435 γάρ
768 1361 879 1435 ίεσάγεινς
891 1382 932 1418 νο-
1008 1368 1071 1437 743,
1084 1383 1127 1423 ιο.
1138 1366 1185 1420 Διά
1194 1367 1251 1430 τοδς
1261 1366 1416 1438 ίαλωκθτας]
1436 1366 1544 1419 Ἐκεῖνοι
1558 1365 1602 1437 μάν
1617 1364 1642 1419 ίν
1654 1364 1759 1420 αἰτιάσει

143 1442 247 1515 μίίωθά
260 1442 302 1496 καί
317 1442 377 1513 ίνμῖν
390 1444 464 1495 τοῖτυ
488 1441 625 1499 συνδοκεῖν.
671 1440 735 1495 Τδι
757 1441 808 1513 ίγὼ
823 1441 867 1514 μλν
880 1443 929 1516 γάρ
973 1440 1268 1514 ὀντεςίδίθησαν,οθτυι
1281 1443 1667 1511 δίίαλωκότεςοθαωθῆσονται.
1681 1447 1740 1499 RY.

142 1521 215 1593 οἶμαι
227 1521 297 1576 οδδίν
320 1543 331 1570 ε
355 1520 415 1592 πρός
431 1520 461 1574 τό
477 1520 530 1573 ἀνω
543 1519 610 1584 ὀστί,
628 1520 691 1590 πρδς
707 1520 738 1575 τό
753 1542 766 1574 ι
782 1521 806 1575 τί
823 1521 935 1576 κωλύσει’
1008 1524 1071 1595 743.
1096 1525 1139 1579 16.
1156 1523 1204 1591 Μ]
1227 1524 1309 1579 τοίνυν
1330 1523 1435 1596 ἀάσητι]
1459 1522 1549 1577 ’λλλον
1574 1525 1649 1578 τόκον
1673 1523 1759 1595 ἀπάγει

146 1623 160 1653 ε
175 1602 285 1663 ἅπαντας
296 1598 362 1654 εἶναι
373 1598 510 1670 πονηροόςς
528 1620 540 1648 ν
554 1598 734 1656 ACDGRTV.
747 1646 752 1656 .
972 1602 1036 1656 κατά
1054 1606 1099 1658 τοῖν
1111 1605 1247 1676 νομοθέτου
1258 1602 1286 1657 ίκ
1299 1602 1504 1674 εαιραδιίγμαιος.
1554 1601 1603 1654 ίίαί
1615 1604 1759 1673 ἀναπεμπα-

177 1686 240 1753 741,
258 1699 301 1752 ¹9·
316 1678 378 1734 θθδί
388 1679 437 1752 γάρ
455 1678 480 1734 οί
491 1683 535 1747 τῆς
546 1680 640 1752 ῆενίας]
656 1679 752 1735 ίΙυλλσί
765 1680 814 1752 γάρ
825 1680 877 1735 ίαθ’
887 1682 929 1736 θτε
973 1683 1143 1755 ραδιιγμάτων
1153 1680 1199 1750 την
1213 1681 1382 1754 ἀνθυπορορδν
1394 1682 1465 1735 δλυσι
1476 1687 1525 1735 τῶν
1540 1681 1651 1736 παλαιῶν
1659 1680 1759 1735 ίκιίνων

142 1761 205 1825 ξίνοι
217 1762 285 1823 ὀντες
296 1760 459 1832 ίνιγράροντυ
473 1759 560 1823 αθτοθς
575 1760 609 1823 ίυς
623 1760 725 1824 πολίτας
742 1760 807 1832 παρά
824 1764 928 1833 γνώμην
975 1760 1070 1833 ἀνδρῶν
1079 1762 1244 1832 ποιησάμενος
1255 1760 1368 1832 μνήμην,
1380 1759 1446 1815 οθεω
1454 1758 1579 1814 κάνταῦθα
1589 1758 1652 1813 κατά
1663 1763 1710 1813 ιοῖ
1720 1778 1760 1813 νο-

142 1848 191 1896 σῶν
210 1839 359 1908 Ἀθηναίων,
380 1839 427 1893 καί·
439 1835 471 1907 ῆν
493 1837 574 1911 γραρῆ
591 1838 676 1903 ξενίας.
695 1841 752 1894 ίίΥ.
776 1839 810 1892 Εί
825 1859 861 1903 τις
873 1840 929 1908 ῆλω
974 1838 1112 1911 μοθίτονίν
1123 1840 1236 1912 τῷαότιῑε
1245 1838 1371 1911 κεφαλαίῳ
1383 1838 1514 1911 τῷδικαίιρ
1522 1838 1672 1909 κατηγορίαν
1683 1839 1760 1891 ποιεῖ·

142 1919 208 1992 τιαρά
224 1922 277 1983 τοῖς
293 1917 425 1989 Ἀθηναίοις
435 1918 624 1991 ὀπυκρινόμευος
637 1916 703 1972 είναι
712 1919 828 1987 πολίτης,
845 1917 879 1991 με]
892 1923 927 1974 ὢν
972 1937 1031 1984 ται,
1045 1923 1077 1991 τῆ
1087 1919 1131 1991 μίν
1141 1920 1218 1990 τίγνη
1232 1916 1376 1989 ίτιλογυιὴν
1389 1924 1434 1970 τοῦ
1446 1915 1595 1987 κεφαλαίου,
1609 1916 1681 1989 τῆδί
1694 1915 1758 1984 ἀλη-

145 1997 271 2069 ’λθηναῖος
284 1997 347 2052 κατά
357 1997 387 2052 τό
406 1996 507 2066 ἀληθὲς,
520 1998 563 2052 καί
575 1996 607 2051 τά
618 1997 680 2052 αότίι
694 2005 771 2053 ποιῶν
790 2001 844 2061 τοῖς
858 2000 930 2053 πολί-
973 1999 1027 2069 θείᾳ
1039 1999 1081 2052 καί
1093 1997 1169 2066 οότην
1181 1998 1250 2052 οθδίν
1262 1991 1338 2064 ἧττον
1350 1995 1524 2068 ἀγωνιστικην.
1539 1995 1598 2048 RY.

143 2097 212 2143 ταις,
226 2078 274 2149 εφό
293 2076 336 2149 μίν
350 2077 450 2149 κρίσεως
460 2077 520 2149 ᾤκει
532 2077 562 2131 τό
575 2076 759 2148 δεσμωτήριον,
772 2076 849 2141 άλοδς
862 2077 889 2132 δά
900 2078 926 2134 ἀν
1009 2078 1073 2147 743,
1093 2083 1136 2133 16.
1149 2076 1225 2131 ’ma
1237 2077 1429 2149 μνησθίντεςδτι
1440 2074 1571 2147 Εὔδημον]
1584 2074 1761 2129 Συνάττειτδν

143 2159 264 2230 τῆκρίσιι
276 2157 377 2228 θστιρον
387 2155 518 2212 ίπωλεῖτυ.
533 2157 711 2211 ACDGRTV.
973 2156 1037 2211 κατά
1050 2161 1094 2211 τοῦ
1117 2158 1251 2230 νομοθίτου
1269 2159 1345 2211 τόκον
1366 2155 1394 2210 ἔτ
1410 2155 1616 2227 παραδείγματος·
1630 2156 1673 2209 καί
1691 2154 1758 2209 ίστιν

178 2242 287 2307 74ι,υο
311 2239 368 2291 Τῶν
386 2234 854 2308 ψευδομαρωριῶν]Είώθασιγάρκαί
867 2237 929 2309 μάμ-
972 2228 1199 2308 ίκιρορικιίντεροςό
1213 2236 1289 2307 λόγος
1310 2234 1372 2308 μετά
1388 2235 1419 2289 τό
1432 2236 1527 2288 δίκαιον
1543 2234 1686 2305 κεφάλαιον.
1722 2235 1759 2288 Τδ

143 2316 341 2387 τυραςπαρίχειι
355 2312 379 2368 οί
391 2315 534 2386 κατήγοροι·
548 2314 668 2378 πολλάκις
677 2315 704 2369 δί
713 2317 757 2369 καὶ
768 2318 821 2372 κατ’
836 2316 927 2390 ίχθραν
972 2316 1026 2370 δί
1051 2317 1204 2390 ἐνθυμήθητι
1229 2319 1254 2372 τί
1266 2319 1322 2373 ποτ’
1343 2318 1373 2371 ἀν
1390 2338 1402 2367 ε
1422 2317 1477 2370 καθ’
1491 2313 1640 2381 ίνπόθεσινίγ
1663 2314 1756 2369 ίννοια.

142 2395 216 2446 τοῦτο
228 2397 325 2447 ποιοῦσι
335 2393 377 2446 καί
385 2394 534 2466 συκοφάντας
545 2394 687 2465 παρίχουσι.
702 2396 761 2450 ΒΥ.
971 2395 1092 2451 Βοόλεται
1104 2396 1153 2469 γάρ
1167 2397 1194 2452 ίιι
1206 2401 1256 2451 τῖεν
1269 2395 1317 2463 ἤδη
1331 2396 1473 2467 γεγονότων
1488 2394 1556 2457 δίνας
1571 2392 1643 2448 αθτδν
1660 2391 1759 2465 είυττρά·

178 2474 242 2540 741,
255 2476 300 2525 26.
316 2470 418 2542 ίίαίτοι]
433 2469 715 2533 Δόσιςάντιπίπτοντος.
728 2471 755 2526 S.
971 2472 1067 2539 ξασθαι,
1081 2478 1163 2532 ch,

178 2554 241 2619 74υ,
261 2550 302 2605 15.
322 2550 378 2605 Τῶν
399 2549 426 2605 ίκ
443 2551 581 2623 Πειραιῶς]
601 2549 656 2604 Τῶν
675 2550 832 2623 βουλομένων
850 2552 929 2624 δημο-
1008 2556 1071 2624 743,
1084 2571 1128 2610 21.
1152 2553 1372 2627 Ἆντιτιμωμίνυυ]
1393 2551 1460 2620 Ἤδη
1483 2550 1594 2624 ίγνωμεν
1616 2553 1655 2606 δτι
1677 2549 1703 2603 ίν
1723 2554 1759 2623 τῷ

147 2631 288 2702 κρατεῖσθαι
300 2626 346 2696 τήν
357 2630 441 2688 πόλιν.
478 2630 510 2684 οί
524 2629 714 2702 γάρδημυτικυί
734 2629 868 2684 κατίλαόον
884 2630 928 2683 τόν
971 2633 1044 2707 λόγῳ
1064 2638 1108 2702 τῆς
1120 2632 1237 2705 τίμωρίας
1256 2631 1417 2704 προσετίμαό
1437 2632 1550 2696 διώκων,
1570 2628 1626 2684 είτα
1645 2628 1700 2696 ίξῆν
1722 2634 1760 2701 τῷ

145 2707 306 2778 ίίειραῑᾶτῶν
326 2710 457 2781 τριάκοντα
474 2710 651 2780 κατασχόντων
670 2705 715 2775 τήν
729 2708 812 2765 πόλιν.
855 2705 886 2763 ‘fl
900 2709 928 2763 δὲ
971 2713 1087 2784 ρεόγοντι
1106 2712 1262 2784 ἀντιτιμῆσαι
1275 2711 1392 2784 αόιῷθει
1408 2711 1479 2764 τοῖδί
1492 2709 1542 2781 ιίμι
1556 2709 1630 2772 ἀξιος.
1666 2709 1758 2763 Λοιπόν

143 2787 216 2854 Φυλῆ
227 2788 302 2850 τόπος
314 2791 357 2855 τῆς
371 2786 475 2856 Ἀττικῆς
488 2788 554 2842 οθτω
574 2788 734 2860 καλούμενος.
754 2788 812 2843 ίίΥ.
827 2786 862 2840 '0
877 2787 929 2842 lert
971 2789 1037 2860 παρά
1050 2796 1086 2864 τῷ
1097 2792 1200 2863 δικαστῆ
1213 2786 1243 2858 ἦν
1258 2789 1274 2857 ίγ
1290 2790 1367 2861 κρίσις
1379 2793 1423 2842 τοῦ
1436 2787 1586 2859 ἀνασχίοθαι
1606 2785 1674 2854 ῆυό.
1689 2786 1757 2840 ACD

142 2873 191 2921 τῶν
202 2868 342 2939 δημοτικῶν
352 2875 401 2923 τῶν
414 2868 593 2941 ρυγόντωνεὴν
603 2867 675 2923 πόλιν
690 2866 730 2922 ἐπί
740 2872 789 2922 τῶν
798 2869 929 2940 τριάκοντα
973 2870 1082 2924 GRTV.
1695 2894 1697 2897 ·

143 2946 186 3000 καλ
201 2946 394 3001 καταλαδόντων
405 2947 503 3014 θωλῆν.
518 2947 623 3001 ATCV.
1008 2948 1070 3018 743,
1084 2949 1128 3002 23.
1146 2945 1263 3019 Ἐκεῖνο]
1276 2946 1335 3000 Καθ’
1347 2946 1459 3002 ίπόθεσιν
1475 2945 1566 3000 ίννοια·
1584 2943 1698 3015 βυθλιται
1709 2943 1759 3016 γάρ

178 3030 241 3096 74υ,
261 3031 303 3081 16.
325 3025 445 3097 Ἔπειτα]
458 3025 507 3080 Τόν
528 3045 554 3080 τε
576 3024 697 3097 ίίγθρριον
711 3025 753 3079 καί
774 3024 892 3097 Φιλέψιον
913 3025 928 3080 6
955 3022 1000 3078 ’ἐκ
1013 3032 1061 3080 τῶν
1074 3025 1121 3095 ῆδη
1134 3029 1275 3099 γεγονότων
1287 3028 1355 3089 δίκας
1368 3026 1443 3080 αδτόν
1454 3024 1635 3097 εἰσπράξασθαι.
1650 3028 1685 3078 Α.

147 3102 314 3176 Ἀριστοφάνης
330 3106 365 3169 ὡς
382 3103 484 3178 ἔχθροδς
501 3105 576 3160 αθτοῖ
594 3108 701 3160 σκώπτιι
713 3104 738 3159 ἀν
759 3111 795 3178 τῷ
811 3105 925 3180 Πλοθτιμ.
1008 3108 1070 3176 743,
1083 3109 1127 3166 αδ.
1141 3106 1175 3161 Ε]
1186 3103 1534 3178 οθτοςιίςῶνίπρίσθευοεν.]
1549 3102 1580 3157 ‘0
1589 3104 1756 3175 Τιμοκράτης·

143 3184 322 3237 ACDGRTV.
907 3169 921 3209 ‘¹
972 3183 1053 3257 είγάρ
1068 3184 1171 3240 ίνταῦθα
1184 3190 1286 3240 τοιαῦτα
1299 3184 1529 3257 δρᾶνέπεχιίμησι,
1548 3184 1572 3238 τί
1588 3181 1756 3252 ἀνίετοίησιν,

179 3267 241 3332 741,
253 3264 296 3318 α3.
315 3264 511 3336 Καλλίστρατος]
531 3260 608 3326 Οὗτός
623 3263 688 3319 ἔστιν
702 3262 717 3317 6
730 3262 822 3336 ῥητωρ,
837 3260 867 3318 οδ
880 3266 924 3332 ζη·
972 3264 995 3318 εί
1010 3266 1085 3337 μόνος
1096 3264 1267 3337 ίτρίσθευσινς
1283 3266 1341 3318 ΒΥ.
1684 3298 1689 3307 -

143 3341 224 3410 λωτῆς
237 3342 334 3413 ἐγίνετο
351 3344 366 3398 6
381 3345 557 3416 Δημοσθίνης,
581 3343 636 3415 περί
649 3338 679 3398 06
701 3342 746 3415 ίρη
771 3343 928 3416 ίρωτηθελςό
1008 3344 1070 3415 743,
1094 3348 1136 3399 αθ.
1155 3344 1291 3397 Βοόλονται
1311 3344 1333 3395 δ’
1355 3342 1432 3415 θμῖν]
1457 3338 1649 3411 Παραδιῆγησις.
1673 3338 1702 3395 Β.
1725 3338 1757 3394 Οἱ

143 3423 314 3494 Δημοσθένης,
327 3424 363 3486 τίς
374 3422 481 3495 ἀμείνων
493 3422 584 3495 ῥητωρ,
599 3422 656 3490 σδῆ
669 3422 865 3495 ίίαλλίστρατυςς
876 3422 928 3495 ίγιθ
953 3423 1093 3497 ’ἀπίλογοα
1107 3426 1162 3480 Ae.
1177 3421 1337 3493 Ἐπιλογικόν
1353 3422 1518 3493 παράδειγμα.
1533 3420 1560 3472 S.
1642 3440 1645 3445 ⁴

144 3502 188 3574 μίν
200 3506 369 3576 γραρόμενος,
385 3502 568 3574 ίίαλλίστρατος
581 3502 608 3556 δὲ
620 3501 779 3574 ἀκυυόμενυς.
816 3501 867 3556 ’ίίν
879 3501 928 3575 γάρ
1008 3508 1071 3575 744,
1082 3509 1108 3560 5.
1122 3502 1199 3556 Ὥστε
1211 3502 1241 3555 ἀν
1255 3520 1291 3564 τις
1299 3501 1417 3572 βοόληται
1426 3501 1437 3568 ]
1445 3494 1481 3551 Εό
1494 3517 1524 3569 γε
1531 3500 1575 3563 τῆς
1584 3494 1715 3566 ἀκριθείας.
1725 3498 1756 3551 Β.

143 3580 301 3651 ίπιδιικεικδς
314 3585 406 3656 σρόδρα
418 3581 433 3636 6
447 3581 639 3653 ίίαλλίστρατος.
678 3581 754 3635 Ὅθεν
768 3580 811 3635 καί
823 3580 928 3645 άκοόσας
1008 3589 1071 3655 744,
1082 3603 1109 3654 9.
1128 3581 1348 3652 Ἐπισπασθίντος]
1364 3578 1578 3651 Ἐρελκυσθίντος.
1589 3576 1646 3630 ΒΥ.

143 3662 218 3716 αότοῖ
239 3663 433 3736 ίπιδεικνυμίνου
453 3660 468 3715 6
486 3662 642 3732 Δημοσθίνης
663 3660 696 3725 είς
715 3660 843 3731 ίιτιθυμίαν
865 3656 927 3729 ἦλθε
1008 3667 1070 3734 744,
1091 3679 1135 3718 υυ.
1155 3661 1203 3714 ίίαλ
1215 3664 1302 3715 τοῦτον
1322 3660 1398 3730 μόνον
1416 3657 1549 3729 λέγονται]
1569 3653 1637 3706 Πάνυ
1658 3652 1759 3725 εὔλογος

143 3742 242 3814 λόγων,
253 3744 287 3807 ὣς
300 3742 430 3815 είρηκαμεν
445 3741 470 3795 ἀν
482 3747 518 3814 τῷ
530 3743 577 3814 βίῳ
587 3741 671 3796 αόιοῖί.
685 3741 863 3795 ACDGRTV.
970 3742 1013 3796 καὶ
1028 3743 1120 3804 δίκαιος
1136 3737 1167 3809 ῆν
1188 3734 1259 3803 οθτος
1279 3738 1294 3792 6
1312 3741 1399 3810 νόμος·
1415 3738 1487 3800 ὀντος
1505 3734 1554 3807 γάρ
1567 3737 1611 3789 τυῑί
1629 3731 1759 3803 ἀγαπητοῦ

179 3824 242 3892 743,
259 3841 283 3877 ι.
297 3823 406 3895 Ταμίαι]
421 3822 452 3875 Οί
472 3821 515 3894 μὲν
535 3819 608 3891 ρασίν
629 3822 668 3874 δτι
689 3818 794 3891 ίκλεψαν
809 3817 857 3873 ἀπδ
875 3823 924 3873 τῶν
971 3821 1100 3893 ὀφθαλμοῦ
1113 3826 1148 3893 τῷ
1162 3820 1247 3891 ἔχοντι
1261 3817 1317 3873 ἀντὶ
1327 3819 1414 3886 δυοῖν,
1432 3814 1534 3872 ὀαλτδν
1553 3812 1701 3869 ἀτιοθάλλων
1715 3812 1759 3866 δθο

142 3903 278 3973 χρημάτων
295 3900 380 3967 οὔτοί,
397 3902 422 3955 οί
434 3900 457 3955 δ’
473 3893 554 3954 θτιτά
566 3898 684 3971 χρήματα
705 3901 749 3966 τῆς
764 3896 859 3960 πόλεως
877 3898 926 3951 κεί·
971 3899 1122 3956 ἀποόάλλειυ
1135 3899 1254 3970 μαίνεται.
1271 3898 1301 3952 Ρ.
1606 3938 1608 3941 -

143 4000 206 4053 μενα
219 3980 245 4036 ἐν
258 3987 295 4054 τῷ
304 3981 462 4053 ὀπισθοδόμῳ
475 3979 620 4051 καλουμίνιρ
632 3978 682 4032 τισί
691 3978 803 4031 δανεῖσαι
813 3977 927 4048 τραπεζί-
1008 3978 1070 4049 745,
1086 3982 1114 4042 4.
1134 3978 1186 4032 Οὐκ
1204 3978 1235 4029 ἀν
1246 3977 1352 4048 ρθάνοι]
1368 3972 1433 4029 ’λντλ
1450 3976 1494 4026 τοῦ
1511 3972 1619 4043 τάχιστα
1630 3968 1759 4023 δουλεύων

142 4080 195 4123 ταις
208 4060 372 4129 τοδςταμίας.
412 4058 597 4129 Ἆπορησάντων
615 4050 659 4111 οθν
672 4062 721 4111 τῶν
734 4059 883 4128 τραπεζιτῶν
894 4055 928 4120 είς
969 4061 1024 4121 τοῖς
1036 4057 1127 4129 θηρίοις
1140 4054 1273 4118 τοιίτοιςτδ
1286 4055 1389 4123 πλῆθος.
1401 4052 1437 4105 Υ.

143 4140 246 4213 ἀπορίαν
263 4140 375 4203 ἐλθόντες
387 4139 412 4193 οἱ
424 4139 511 4210 ταμίαι
520 4136 654 4209 ἀνίειρησαν
664 4136 709 4190 τόν
720 4139 816 4201 τόπον,
832 4136 876 4188 ίνα
890 4140 927 4207 τῷ
1007 4141 1070 4209 745,
1085 4156 1113 4207 9.
1127 4135 1183 4188 Ἵνα
1196 4135 1222 4189 δί
1233 4134 1276 4189 καί
1292 4134 1347 4205 περί
1363 4128 1473 4201 ἐκείνου]
1491 4125 1715 4196 Ἐπιλογισάμινος
1727 4124 1757 4178 εδ

142 4221 199 4292 πυρί
215 4219 260 4286 τὴν
275 4219 398 4276 ἀεσόλιιαν
409 4218 570 4289 λογίσωνται.
620 4216 667 4269 ίίαί
678 4213 747 4270 οὗτοι
757 4209 801 4269 οθν
815 4212 927 4287 ίόεσμεθ·
972 4215 1067 4270 δίκαιον
1079 4212 1228 4286 κεφάλαιον,
1246 4212 1286 4264 διὰ
1297 4218 1346 4265 τῶν
1360 4211 1441 4265 τόπων
1454 4213 1503 4262 τῶν
1517 4206 1580 4260 κατὰ
1596 4207 1640 4257 τοῦ
1654 4203 1758 4273 νομοθί·

143 4303 221 4369 θησαν
235 4301 331 4363 ίωςθιε
344 4300 474 4371 ὀκρίθησαν
490 4296 532 4351 καί
551 4295 576 4350 οί
591 4296 739 4351 τῶνᾶλλων
759 4297 831 4350 θεῶν.
880 4294 927 4347 ίίαλ
971 4312 1030 4360 του,
1045 4293 1233 4365 προδιαδαλὼν,
1247 4291 1291 4344 ἵνα
1304 4288 1366 4362 μηδὲ
1382 4288 1520 4350 ἀξιόπιστος
1531 4285 1678 4356 γίνηταιτῆ
1690 4280 1757 4336 ἀντι·

142 4374 212 4434 οὗτοι
224 4380 273 4452 γάρ
291 4379 316 4433 οί
333 4380 419 4451 ταμίαι
434 4377 632 4448 ωνισχίθησαν,
654 4376 688 4448 μῆ
701 4394 761 4429 ποτε
784 4373 854 4428 οὗτοί
876 4371 927 4428 ίνί-
972 4376 1036 4429 θέσει
1046 4375 1190 4446 χριόμενος,
1206 4369 1292 4441 ἀπάγει
1309 4367 1396 4421 λοιπδν
1410 4362 1455 4430 τῆν
1470 4363 1519 4418 ἀπὸ
1534 4365 1577 4416 εοῖ
1596 4362 1702 4433 νομίμου
1713 4360 1757 4414 ἀν·

141 4479 249 4533 πρησαν.
285 4458 335 4513 Ἦν
345 4458 371 4512 δὲ
382 4458 396 4512 6
407 4458 570 4527 ὀπισθόδομος
582 4456 611 4509 εδ
627 4456 725 4509 ὀπισθεν
737 4454 855 4521 τῆςθιοΰ,
867 4454 927 4507 θτιυυ
971 4455 1061 4508 τίθεσιν
1074 4450 1135 4523 μετά
1151 4449 1195 4516 τήν
1207 4446 1342 4514 διαθολῆν,
1355 4444 1411 4516 περὶ
1423 4436 1451 4510 ῆς
1461 4440 1509 4509 ἤδη
1522 4441 1563 4495 καὶ
1574 4440 1758 4512 προοιμιάζεται

142 4535 174 4607 ῆν
188 4538 230 4592 καί
244 4537 276 4593 τά
292 4538 419 4610 χρήματα.
442 4537 500 4593 ίίΥ.
522 4534 614 4589 ’ίστίον
635 4536 674 4588 θτι
688 4534 807 4607 χρήματα
824 4532 865 4586 καί
877 4537 926 4587 τῶν
974 4554 986 4583 ι
1001 4532 1044 4585 ἵνα
1059 4530 1085 4584 ὀί
1095 4529 1137 4583 καὶ
1147 4529 1202 4600 περὶ
1219 4527 1312 4582 ίκείνου
1329 4524 1392 4580 ‹lm›
1407 4526 1451 4576 τοῦ
1462 4523 1541 4594 νόμου
1563 4542 1575 4570 ε
1595 4518 1637 4572 καλ
1650 4518 1682 4572 τά
1693 4518 1756 4585 ίξῆς.

142 4618 230 4673 ἀλλων
238 4619 309 4691 ἱερῶν
323 4623 372 4672 τῶν
386 4618 449 4671 θεῶν
460 4615 502 4670 καί
514 4618 558 4683 τῆς
573 4614 672 4682 Ἀθηνᾶς
688 4612 767 4668 ίκιιτο
782 4612 808 4666 ἕν
826 4630 875 4665 τινι
888 4610 926 4664 οί·
971 4608 1158 4682 Παρατηρητίον
1177 4607 1204 4661 δὲ
1223 4606 1252 4659 τό
1273 4607 1404 4676 θεώρημα,
1425 4603 1479 4665 ὀτι,
1500 4602 1529 4653 ἀν
1546 4599 1679 4665 εόλαόῆται
1692 4597 1758 4662 τινάς

143 4700 235 4773 κηματι
246 4699 325 4754 ὀπίσω
334 4701 378 4764 τῆς
386 4695 550 4769 ἀκροπόλεως,
563 4700 600 4766 τῷ
607 4692 752 4765 καλουμίνῳ
758 4690 926 4763 ὀπισθοδόμῳ,
972 4688 1102 4760 ἀνριθίσεις
1114 4687 1148 4749 ὥς
1161 4684 1274 4756 ίσγυρός,
1288 4685 1344 4738 τότε
1356 4684 1438 4735 τάττει
1452 4679 1496 4752 μὲν
1512 4676 1586 4740 αδτάς
1599 4676 1756 4742 τελευταίας,

142 4778 186 4833 καλ
197 4775 260 4847 ῆσάν
274 4794 338 4839 τινες
349 4774 494 4847 τεταγμίνοι
508 4773 593 4845 ταμίαι
604 4771 644 4827 ίιιλ
660 4775 692 4844 τῆ
709 4770 807 4844 ρυλαιῆ
822 4771 926 4827 τοόιων.
971 4771 1005 4834 ὡς
1016 4768 1082 4841 παρά
1094 4767 1187 4840 ραΰλον
1200 4767 1229 4819 τίν
1243 4765 1297 4820 κατ’
1309 4763 1383 4825 οοίτάς
1393 4761 1553 4832 ποιοῦμινος,
1570 4761 1602 4831 τῆ
1617 4756 1721 4829 ἀμελείᾳ
1731 4756 1757 4811 δί

143 4857 207 4912 ίίοτέ
218 4853 369 4911 οὖνπολλῖιν
378 4854 514 4926 γρημάτων
523 4850 703 4923 ἀνενεχθέντων
713 4850 792 4904 ίκεῖσε
801 4850 867 4913 ίδοξε
877 4854 929 4913 τοῖς
972 4850 1015 4904 καί
1040 4855 1076 4922 τῷ
1095 4852 1173 4920 καιρῷ
1190 4849 1234 4913 τῆς
1248 4846 1335 4907 θέσεως
1354 4842 1502 4898 ίνδιίκνυται
1522 4840 1595 4904 δῆθεν
1616 4835 1695 4893 αὖτῶν
1713 4835 1757 4903 τῆν

126 4940 241 5011 ,ταμίαις
251 4939 316 4992 ὥστε
326 4936 406 5007 λάθρα
421 4936 464 5002 τῆς
475 4933 571 4995 πόλεως
583 4932 694 4984 δανεῖσαι
710 4936 787 4985 ταῦτα
805 4933 857 4995 τοῖς
870 4951 928 5003 τρα·
973 4929 1110 4984 ἀσθίνειαν.
1149 4924 1237 4979 ίίαίοθ
1250 4927 1323 4978 τοῦτο
1340 4923 1410 4977 ποιεῖ
1420 4921 1513 4993 μόνον,
1528 4916 1595 4971 ἀλλά
1606 4918 1648 4971 καλ
1665 4923 1756 4991 τῷτῆς

142 5017 311 5085 πιζίταις,ίν’
324 5015 394 5070 αἰετοί
412 5015 560 5087 κιρδάνωσιν
579 5011 606 5066 ἀει
624 5010 720 5068 τυόεου.
761 5011 842 5074 Ὧςδί
855 5016 929 5066 τοῦτο
973 5007 1124 5081 ἀπαγγελίας
1137 5005 1248 5078 σχήματι
1260 5001 1306 5070 τῆν
1319 5001 1453 5074 ὀλιγωρίαν
1467 4998 1510 5054 καί
1519 4998 1698 5069 καταφρόνησιν
1712 4998 1756 5051 αὖ·

143 5098 272 5170 ίαοίησαν,
282 5096 368 5168 ἔτυχεν
380 5095 480 5167 ίίστερυν
488 5093 655 5165 ἀνατραπῆναι
666 5090 709 5154 τάς
720 5093 847 5163 τραπίζας.
856 5090 929 5145 ''1360-
972 5094 1022 5142 τῶν
1046 5086 1138 5160 δμοίως
1162 5085 1258 5157 ίμρανῆ
1281 5084 1432 5148 καθίστησιν.
1483 5078 1614 5149 ίίαθαιρεῖν
1635 5078 1683 5148 γάρ
1707 5098 1758 5140 παις

142 5179 179 5240 ξεν
192 5173 236 5231 σίν
249 5175 331 5238 σθτοῖς
340 5176 460 5249 ἐμπρῆσαι
468 5173 511 5229 τόν
520 5173 696 5243 ὀπισθόδομον,
705 5172 749 5224 ἵνα
761 5170 819 5243 δόξῃ
828 5170 859 5224 τά
867 5170 928 5243 χρη·
973 5166 1045 5222 είωθε
1063 5166 1105 5220 καί
1125 5168 1178 5228 τοῖς
1192 5164 1327 5236 σμήμασιν.
1365 5160 1431 5232 Ὅρα
1443 5157 1470 5212 δί
1492 5159 1565 5220 ὅπως·
1586 5177 1599 5207 ι
1615 5156 1658 5210 ἵνα
1678 5155 1757 5211 ὀίκαί

144 5277 209 5331 ματα
215 5256 264 5312 θνιδ
272 5261 316 5310 τοῖν
330 5255 403 5328 πυρός
411 5254 569 5321 ἀναλωθῆναι
578 5252 620 5306 καί
627 5249 661 5324 μὴ
670 5251 710 5306 ίνπ’
722 5251 811 5307 αὐτῶν,
823 5252 925 5306 Ach.
976 5270 987 5298 ι
1005 5247 1059 5319 περὶ
1072 5245 1164 5300 ἐκείνου
1179 5243 1240 5298 είπω
1253 5246 1297 5297 τοῦ
1308 5243 1403 5315 νόμον,
1418 5261 1429 5289 ⁸
1443 5238 1477 5302 ὣς
1488 5238 1609 5310 παρέντα)
1619 5233 1684 5299 ἳῑίθς
1695 5252 1757 5307 W·
