3967 5967
752 425 817 486 XX.
840 426 944 487 ΠΡΟΣ
970 425 1177 487 ΑΕΠΤΙΝΗΝ.
1709 441 1764 494 δεῖ

164 574 206 611 τον
226 557 323 629 δεικνιίη
342 554 371 609 εδ
383 563 530 627 γιν4μενον,
546 559 677 623 τηνικαῦτα
692 554 721 608 οδ
743 555 827 627 ῥητίον
845 554 890 622 τὴν
911 555 944 618 τίς
988 556 1124 627 Πληρώσας
1133 556 1163 609 τδ
1174 554 1268 608 δίκαιον
1278 556 1379 627 ἀρχεται
1386 559 1429 624 τῆς
1440 556 1534 620 ἐννοίας
1543 562 1583 612 ταῖ
1595 560 1767 631 συμρίροντυς.

164 636 254 690 ἀτοπυν
268 633 415 705 ἀπαγωγήν.
456 633 578 687 Ἐνταῦθα
596 628 639 686 οθν
652 633 681 687 τδ
700 632 835 688 ἀκάλουθον
854 632 942 688 ἀλαθεν
991 633 1062 690 Ἐπεί
1075 633 1102 689 δέ
1115 635 1171 689 οὔτε
1187 640 1326 706 στρατηγοῦ
1350 636 1406 691 οὔτε
1426 638 1539 708 τεχνίτου
1556 639 1614 709 πρδς
1632 639 1663 692 τά
1681 640 1769 712 ίσχυρά

164 714 213 768 ἀπὸ
231 719 275 768 τοῦ
300 714 387 785 ὁμοίου
406 714 460 766 κατ’
478 711 611 785 ἐρώτησιν,
633 712 662 766 οδ
677 710 725 784 μὴν
739 712 943 784 ἀποδεικνύμενον
988 720 1036 779 τῶν
1065 713 1275 785 ἀντιτεταγμένων
1298 717 1404 786 χωρεῖν,
1429 715 1495 768 ἀλλά
1521 718 1658 788 μεθοδεύειν
1676 719 1709 780 ὡς
1733 719 1769 772 ἔνι

162 795 203 847 διά
216 801 264 848 τῶν
285 794 420 864 ἀπομίνων.
435 796 516 850 TCV.
539 793 661 847 Ἐνταῦθα
675 792 748 847 ίλσθε
765 794 794 847 τδ
808 792 942 846 ἀκόλουθον
989 793 1096 863 μάλιστα
1107 794 1148 847 καί
1162 796 1215 855 ταῖς
1232 795 1409 864 μεταχειρίσεσι
1423 795 1603 866 περιγίνεσθαι,
1616 796 1713 850 κλέπτει
1728 796 1766 851 ἐν-

162 872 211 928 &ab
224 876 268 928 τοθ
279 873 366 945 θμοίου
378 874 432 927 κατ’
441 874 574 944 ἀριθτησιν,
588 873 670 928 ίπειτα
680 873 822 945 ἀνίτρεψιν,
834 874 867 935 ὡς
876 872 942 944 ἔχειν
987 875 1070 927 κεῦθεν
1083 871 1129 940 ήδη
1144 872 1188 939 τὴν
1203 871 1316 938 εἴσοδον,
1330 873 1373 925 ἵνα
1385 872 1450 947 λάθη
1463 874 1505 927 τδν
1519 872 1639 945 ἀκροατήν
1653 874 1691 929 ἐπ’
1706 875 1769 929 αὖτά

161 954 206 1023 μίν
219 971 244 1005 τι
257 953 298 1005 καί
312 952 404 1007 ἀτοπον
418 950 463 1018 τὴν
479 951 612 1024 ίριθτησιν,
625 950 654 1004 σθ
668 950 717 1024 μὴν
738 950 942 1023 ἀποδεικνύμενον
987 949 1018 1003 τά
1032 952 1164 1021 πράγματα
1181 949 1272 1017 ἀσθενῆ
1286 952 1439 1021 γεγενημίνα
1456 949 1539 1023 άγων,
1552 953 1595 1005 ἵνα
1603 992 1611 1018 ,
1625 954 1712 1021 θτανή
1727 955 1769 1008 ἀν-

161 1030 201 1083 διά
210 1036 259 1083 τῶν
272 1028 409 1102 ἐχομίνων.
422 1032 537 1085 BFSYP.
987 1030 1075 1093 τίθεσις
1088 1028 1136 1083 ἀπὸ
1155 1033 1197 1083 τοῦ
1210 1032 1372 1100 συμρίροντος
1391 1032 1464 1103 τεθῇ,
1480 1031 1494 1084 5
1510 1031 1631 1102 ἀκροατής
1651 1042 1769 1109 καταγνῷ

196 1108 259 1173 458,
275 1106 424 1180 τε.Οάγάρ
437 1107 509 1179 ἐσμάν
520 1106 872 1180 ἀραιρεθῆναι]Ἐσχημάτισε
885 1107 944 1180 πρδς
987 1107 1197 1175 τῆςάντιθίσεως,
1222 1109 1249 1162 ἐκ
1269 1115 1318 1162 τῶν
1344 1109 1478 1181 είρημίνων
1500 1109 1615 1182 ήγμίνος.
1653 1114 1702 1167 Τοῦ
1719 1116 1768 1187 γάρ

161 1188 309 1261 ἀμροτίρους
322 1188 378 1250 τοθς
391 1189 480 1259 νόμους
491 1185 536 1254 τήν
548 1187 660 1241 ἔννοιαν·
674 1189 733 1260 πρδς
747 1187 790 1260 μέν
803 1187 846 1241 τδν
859 1190 944 1243 Δεπτί-
987 1189 1106 1242 Λεπτίνου
1119 1189 1270 1260 πειρωμίνου
1283 1188 1364 1260 λίγειν
1376 1190 1410 1252 ὡς
1423 1190 1448 1243 αί
1461 1189 1610 1262 λειτουργίαι
1622 1196 1664 1246 νῦν
1679 1194 1722 1264 μὲν
1734 1194 1768 1258 είς

161 1266 295 1336 νουνάμον
302 1266 326 1319 τί
339 1263 490 1337 ἀφαιρεῖται,
504 1266 566 1337 πρδς
578 1267 605 1322 δέ
622 1267 665 1321 τθν
680 1266 771 1323 οίκεῖον
784 1266 809 1320 τί
820 1268 940 1333 διδάσκει,
987 1268 1090 1335 πάνητας
1109 1267 1250 1340 ἀνθρώπους
1272 1268 1428 1340 περιήκουσι,
1442 1271 1498 1324 τότε
1515 1269 1541 1324 δέ
1554 1270 1767 1343 λειτουργήσουσιν

159 1346 211 1407 πῶς
224 1344 418 1414 ἀνάδῆμοείτι
431 1342 464 1415 μή
477 1342 600 1417 ἀπατῷτο.
637 1346 747 1400 Δείκνυσι
761 1345 808 1418 γάρ
821 1347 943 1417 κρίνεσθαι
987 1348 1012 1400 οἱ
1022 1348 1341 1418 πλουσιῶτατοι,προλάων
1353 1349 1394 1401 καί
1403 1355 1587 1421 προοικονομῶν
1599 1352 1717 1405 δείκνυσιν
1729 1355 1768 1407 ὅτι

160 1424 213 1489 δεῖν
225 1425 282 1487 τυδς
292 1424 431 1496 ιίληράτας.
445 1425 526 1478 ch.
986 1425 1042 1480 οὔτε
1056 1427 1164 1489 πολλοὺς
1176 1426 1326 1497 περιποιήσει
1339 1428 1380 1479 καί
1393 1428 1432 1481 δτι
1449 1427 1465 1480 6
1481 1431 1555 1498 νόμος
1577 1427 1666 1483 ἔδωκεν
1685 1431 1768 1494 αὐτοῖς

196 1504 259 1568 458,
273 1507 313 1567 14.
321 1503 368 1556 Καί
378 1504 459 1557 θέσθαι
468 1504 562 1573 νόμον]
572 1500 695 1572 Ὅραπῶς
705 1502 730 1556 ἐν
740 1505 864 1576 εῷδοκεῖν
874 1504 941 1559 λθειν
986 1504 1031 1572 τὴν
1043 1504 1167 1569 ἀτίλειαν,
1180 1508 1242 1561 θνετε
1256 1505 1331 1578 μηδὲν
1345 1505 1412 1576 ἐχειν
1431 1506 1487 1569 τοίις
1500 1506 1632 1571 ἀκοθοντας
1650 1509 1767 1580 εὑρίσκειν

162 1583 203 1637 καί
217 1584 314 1651 τίθησι,
327 1582 473 1655 συμεελίκων
485 1582 549 1653 θμοθ
564 1580 596 1635 τά
608 1582 742 1653 κεφάλαια,
753 1583 795 1636 καί
805 1584 835 1637 τδ
847 1584 941 1638 δίκαιον
985 1585 1014 1640 ἐκ
1027 1590 1070 1653 τῆς
1083 1585 1225 1648 ἀντιθίσεως
1236 1584 1411 1655 ἀρελος.Τ(Ῑθ’.

159 1667 201 1717 καὶ
216 1664 387 1734 τδσυμρίρον.
426 1661 511 1732 Ἔχεις
520 1660 569 1732 γάρ
586 1660 612 1715 ἐν
626 1661 721 1725 τούτοις
731 1660 873 1734 ἀμροτίρων
892 1668 941 1718 τῶν
1022 1667 1085 1735 459,
1102 1664 1235 1720 ιλὯστε
1253 1665 1295 1717 τδν
1310 1664 1765 1738 ήμιουν]Σμικρῦνειτ“ογέραςκα“ιείς

160 1744 243 1814 νθμων
256 1741 366 1806 είκάνας,
388 1745 432 1795 τοῦ
450 1740 493 1812 μέν
508 1739 626 1794 Λεπτίνου
639 1741 717 1812 νόμον
736 1740 777 1793 διδ
789 1745 832 1808 τῆς
845 1740 941 1814 ἀραιρί·
986 1743 1107 1798 είιτίλειαν
1130 1744 1231 1814 κατάγει
1256 1741 1300 1809 τὴν
1319 1740 1411 1814 σεμνὴν
1430 1742 1615 1814 ὀνομαζομένην
1639 1745 1765 1814 ἀτέλειαν,

159 1838 236 1886 στοις,
249 1824 293 1874 τοῦ
306 1820 333 1875 δέ
344 1820 512 1891 δημοσθίνους
525 1819 566 1872 διὰ
582 1822 686 1885 τῆςτῶν
698 1818 848 1873 ἀπατώντων
864 1839 941 1893 τιμω-
986 1825 1058 1897 μέρος
1076 1824 1119 1895 μέν
1133 1823 1207 1891 αὐτῆς
1225 1823 1266 1876 καί
1285 1825 1336 1886 τοῖς
1360 1823 1404 1876 οθκ
1424 1818 1493 1877 οθσιν
1516 1823 1648 1896 εθεργίταις
1667 1828 1765 1895 διδους,

153 1900 219 1969 ,μίας
234 1899 302 1970 θμέν
315 1898 364 1970 γάρ
377 1898 515 1970 δραμεῖται
526 1897 614 1960 τελάως
624 1899 746 1964 ἅπαντας,
759 1898 809 1952 θδέ
820 1900 876 1962 τοίις
885 1901 941 1972 παρ’
986 1903 1073 1976 μικρθν
1085 1904 1107 1955 δ’
1122 1901 1160 1957 ἔτι
1173 1902 1261 1957 λοιπδν
1273 1904 1434 1976 προστεθῆναι
1448 1904 1547 1974 φάσκων
1561 1908 1613 1968 τοῖς
1624 1900 1651 1960 ιθ
1664 1909 1767 1975 ποιήσα-

160 1977 229 2039 ἀξίαν
252 1977 373 2040 λαδάντας
392 1975 577 2047 ἐξιλεγχθίντας
603 1978 764 2047 τιμωρεῖσθαι
787 1978 940 2049 προστάττει.
986 2002 1035 2039 σιν.
1048 1984 1129 2037 ch.

160 2059 241 2111 mv.
490 2062 493 2069 ’
1022 2064 1084 2131 459,
1102 2066 1143 2125 14.
1158 2060 1213 2115 Εἶθ’
1227 2055 1255 2128 ἧς
1265 2064 1324 2116 πᾶσι
1338 2062 1519 2133 μίτεστινΠῆς
1532 2061 1642 2126 ἀτελείας
1655 2063 1762 2132 δηλαδή.

154 2181 157 2187 .
197 2136 315 2198 45818.
336 2133 444 2205 Πάτερθν
458 2134 534 2204 ποτε]
549 2132 617 2186 Κατὰ
626 2134 758 2205 παράθεσιν
771 2135 849 2199 ἀλλος
870 2136 941 2208 λογι-
985 2142 1016 2195 Ρ.
1038 2139 1080 2203 Et<
1099 2139 1161 2192 αίδῶ
1172 2146 1221 2194 τῶν
1236 2140 1372 2211 είληρθτων
1385 2140 1442 2202 τους
1461 2139 1593 2203 ἀκουοντσς
1611 2142 1765 2207 ἐκκαλεῖται,

158 2211 943 2363 ιυυυιθυθθυυυιθιυιυυ
984 2220 1029 2353 υ
1042 2218 1524 2370 υθυιιιθυυιθι
1545 2221 1767 2372 θυιθυι

158 2370 199 2423 καί
210 2366 301 2442 ἀναξίῳ
306 2370 350 2424 τθν
361 2371 441 2441 δῆμον
451 2369 646 2443 ίξηπαιημάνον,
657 2371 699 2424 καί
708 2373 746 2424 δτι
754 2366 829 2439 ήττον
838 2372 941 2445 αίσγρδν
985 2379 1045 2448 πρδς
1058 2376 1102 2444 τήν
1117 2384 1165 2433 τῶν
1183 2380 1333 2450 πραγμάτων
1345 2378 1415 2449 ράσιν
1428 2378 1668 2450 συμμεταδάλλεται.
1687 2380 1767 2435 Ὅταν

158 2449 191 2512 είς
202 2444 312 2517 εάήθειαν
326 2452 479 2504 σκώπτεσθαι
492 2452 508 2517 ή
522 2452 650 2522 πονηρίαν.
665 2450 735 2505 ch
986 2458 1028 2529 μίν
1041 2456 1089 2529 γάρ
1100 2458 1142 2530 δάη
1162 2463 1309 2529 συγκροῦσαι
1326 2456 1463 2529 τῷδήμῳ,
1481 2459 1537 2510 τότε
1555 2463 1644 2528 πικρῶς
1657 2458 1768 2531 διαλέγε-

193 2531 255 2600 459,
273 2548 297 2585 1.
308 2529 380 2602 Ὀσρ
393 2529 423 2596 δή
437 2534 548 2602 κρεῖττον
563 2531 638 2599 είνήθη
657 2533 760 2604 δοκεῖν]
776 2532 885 2604 Τίσσαρα
896 2537 940 2587 τοῦ
985 2552 1040 2586 ται·
1061 2536 1120 2588 θταν
1139 2533 1165 2587 δέ
1186 2534 1245 2605 πρδς
1257 2534 1346 2599 αίιτθν,
1365 2537 1420 2588 τότε
1442 2535 1516 2601 δῆθεν
1537 2534 1678 2606 θρειμίνως.
1717 2538 1763 2591 ίίαὶ

156 2609 326 2682 ἐνθυμήματος
337 2610 368 2662 τδ
377 2609 507 2681 σχήματα·
522 2610 708 2680 ἀποδεικτικὸν,
719 2611 871 2682 ἐλεγκτικὸν,
883 2614 941 2666 συλ·
985 2613 1045 2683 πρὸς
1062 2613 1118 2675 τοδς
1134 2611 1254 2684 ἀκροατὰς
1274 2612 1301 2667 δέ
1324 2612 1515 2685 παραπλησίως,
1534 2612 1615 2681 ίπειδή
1632 2615 1665 2677 είς
1681 2615 1768 2681 αὐτους

156 2688 315 2758 λογιστικδν,
332 2690 428 2758 μικτόν.
469 2687 644 2742 λποδτικτικθν
655 2689 707 2743 ἐστι
720 2689 750 2743 τδ
762 2689 785 2752 ἐξ
797 2689 941 2744 ἀκολοθθων
986 2692 1041 2757 ἥκει
1054 2693 1083 2745 τδ
1097 2692 1229 2763 κεφάλαιον
1238 2696 1281 2759 τῆς
1293 2693 1408 2763 κρίσεως·
1426 2691 1468 2743 καὶ
1482 2691 1611 2761 βιάσασθαι
1625 2694 1669 2764 μὲν
1687 2695 1716 2748 οὗ
1727 2697 1768 2750 δθ·

157 2769 246 2821 κώλων
258 2767 302 2833 τήν
317 2766 450 2840 ἐπαγωγὴν
465 2766 539 2839 ίχον,
552 2769 586 2830 ὡς
598 2769 612 2821 6
625 2769 781 2839 Δημοσθίνης
794 2765 843 2823 ὧδε
860 2791 871 2819 α
890 2772 942 2842 ὅσῳ
986 2789 1071 2838 ναται,
1083 2770 1258 2826 ἐκκαλέσασθαι
1270 2771 1296 2825 δέ
1311 2770 1344 2835 είς
1358 2771 1420 2824 αίδῶ
1431 2776 1480 2824 τῶν
1491 2770 1626 2843 εἰληφότων
1642 2774 1766 2844 βούλεται.

160 2869 172 2896 ε
193 2845 358 2918 δήκρεῖττον.
376 2869 387 2897 ι
408 2846 711 2919 Ἐλεγκτικδνδέέστιτδ
726 2846 878 2911 ἐξέναντίων
894 2853 941 2902 κείν·
986 2850 1058 2905 Οθτω
1077 2852 1118 2904 καί
1132 2852 1160 2905 τδ
1175 2851 1379 2922 συμὸουλευτικδν
1399 2849 1544 2921 ἐμπλέκεται
1568 2857 1711 2923 πανταχοῦ,
1726 2855 1768 2907 καί

157 2926 209 2979 λων
224 2929 398 2998 συνιστάμενον
408 2968 416 2993 ,
426 2928 459 2991 ὡς
472 2927 496 2982 ἐν
510 2933 547 3000 τῷ
557 2927 767 3000 Παρακτρεεδείας’
787 2951 798 2979 α
814 2928 844 2983 τδ
854 2929 940 2983 λαδεῖν
987 2931 1094 3003 μάλιστα
1105 2929 1131 2985 ἐν
1143 2934 1195 2994 τοῖς
1203 2930 1347 3004 ἐγκωμίοις,
1356 2929 1381 2985 ἐν
1391 2928 1428 2994 οῖς
1439 2929 1469 2984 τά
1481 2932 1672 3003 σιμπεράσματα
1683 2931 1766 2999 ἠθικά.

161 2999 238 3067 ειοθν
250 3004 281 3058 τὰ
293 3006 410 3076 διδόμενα
425 3006 529 3077 ίννομον
546 3005 611 3059 εἶναι
621 3005 764 3078 ὁμολογῶν.
784 3030 795 3057 ε
818 3008 941 3079 Συλλογι·
985 3011 1062 3067 ch.

156 3084 240 3146 στικθν
260 3086 287 3140 δέ
307 3084 358 3139 ἐστι
374 3086 404 3139 τδ
421 3086 487 3139 ἀλλο
506 3084 531 3148 ἐξ
551 3086 636 3139 ἀλλων
654 3085 836 3152 ἀποδεικνθον,
859 3090 941 3160 ῶσπερ
1022 3089 1085 3160 459,
1102 3108 1144 3159 ¹7·
1159 3090 1220 3144 Οὔτε
1229 3089 1277 3162 γάρ
1295 3088 1378 3150 άλλως
1388 3088 1482 3157 καλδν]
1494 3087 1549 3142 οὔτε
1558 3093 1589 3162 τῇ
1599 3089 1666 3159 φύσει
1678 3091 1766 3158 καλὸν,

160 3184 172 3211 ε
193 3162 266 3235 θγάρ
278 3158 316 3226 οίς
326 3164 356 3216 ἀν
370 3163 421 3235 ἐγὼ
432 3164 562 3235 ληφθείην.
578 3188 589 3215 ε
604 3164 851 3238 Μικτδνδέεῶσιτιρ
861 3166 909 3238 γάρ
919 3166 943 3221 εἴ
985 3169 1075 3240 φησίν,
1089 3169 1144 3224 οὔτε
1157 3175 1194 3240 τῷ
1205 3168 1259 3235 ήθει
1270 3171 1313 3234 τῆς
1322 3165 1429 3234 ’λττικῆς
1442 3167 1572 3238 άρμάττον.
1611 3165 1698 3238 Είγάρ
1712 3169 1768 3240 μέλ·

160 3264 172 3290 ε
192 3261 228 3304 τις
239 3242 338 3297 ἐκείνων
347 3242 414 3296 ἐάλω
424 3282 432 3308 ,
444 3243 473 3296 σίν
482 3244 540 3297 τάδε
549 3242 594 3297 οθκ
608 3244 637 3297 ἀν
647 3242 753 3316 ίγραθας
763 3267 774 3295 ι
785 3246 865 3299 καέτά
877 3246 939 3314 ἑξῆς.
985 3248 1063 3318 λομεν
1078 3248 1243 3319 ὠφελεῖσθαι,
1259 3245 1324 3297 ἀλλά
1348 3246 1377 3298 τό
1393 3264 1423 3316 γε
1436 3245 1563 3316 ψεύδεσθαι
1582 3243 1721 3308 ἀλυσιτελὲς
1735 3246 1768 3309 είς

161 3319 242 3393 Ἆρετν]
251 3321 279 3376 δέ
290 3322 459 3395 ἐνθυμήματος
474 3321 525 3377 ίστι
535 3323 657 3394 βραχθτης
668 3324 755 3377 κιθλων
769 3325 811 3379 καί
827 3324 941 3398 εὐρυθμία
985 3329 1066 3390 δόξαν.
1082 3328 1159 3382 ch,

157 3399 273 3467 κατάτήν
285 3403 396 3455 σίνθεσιν
405 3407 454 3455 τῶν
468 3400 609 3473 ἀνομάτων.
620 3403 699 3456 Ten.
1021 3408 1084 3477 459,
1102 3412 1142 3462 ι8.
1159 3406 1214 3468 Πῶς
1226 3404 1274 3476 γάρ
1293 3403 1337 3457 οίικ
1350 3402 1471 3475 αίσχρδν]
1484 3400 1649 3473 Ἐπιχείρημυι
1664 3402 1712 3458 ἀπὸ
1724 3409 1768 3458 τοῦ

191 3483 254 3553 459,
269 3483 294 3535 3.
308 3481 343 3536 Οθ
353 3482 433 3535 τοίνυν
448 3481 534 3553 ἔμοιγε
545 3484 554 3552 l
568 3479 625 3534 Ἐπί
638 3480 682 3547 τήν
696 3480 720 3542 ἐξ
729 3479 807 3552 ἀρχῆς
819 3480 939 3538 ἀντίθεσιν
986 3486 1132 3551 ἐλάττονος,
1152 3484 1196 3539 οίικ
1211 3484 1368 3551 ἀπήλλακται
1381 3484 1408 3537 δὲ
1420 3488 1464 3536 τοῦ
1478 3482 1559 3550 ἤθους.
1581 3483 1765 3542 BFRSYTCP.

157 3560 231 3613 πάλιν
245 3559 385 3631 ἀντανήγαγε
399 3560 543 3630 τδνλάγον.
581 3558 635 3622 Πῶς
648 3558 938 3633 γδράκθλουθον,μησί,
989 3566 1155 3638 Ἐπιχείρημα
1169 3563 1218 3618 ἀπδ
1236 3567 1280 3617 τοῖν
1294 3564 1441 3628 ἐλάττονος,
1460 3562 1491 3615 δι’
1506 3558 1534 3615 οδ
1548 3561 1766 3628 αάξειτδάνειδος.

156 3636 202 3704 ’τὴν
213 3637 289 3705 αάτήν
300 3641 353 3700 τοῖς
366 3658 392 3693 τε
406 3635 494 3702 κακοῖς
506 3639 595 3711 μέμψιν
606 3639 647 3692 καί
661 3639 724 3694 κατὰ
738 3646 787 3693 τῶν
806 3639 939 3712 ἀμίμπτων
986 3645 1117 3699 Πολιτείαν
1134 3642 1182 3715 γάρ
1203 3643 1293 3715 ἀψευδῆ
1311 3643 1383 3714 μέχρι
1396 3642 1437 3694 καί
1454 3647 1502 3695 τῶν
1515 3641 1596 3695 ὠνίων
1620 3643 1766 3709 διώκοντες,

157 3717 199 3770 καί
207 3717 271 3779 ὅλως
282 3716 414 3788 εάεργετῖθν
426 3719 566 3788 προχωρεῖν
574 3737 583 3783 ;
594 3716 727 3790 ἀποστερεῖ
734 3719 782 3790 γάρ
792 3720 833 3773 καί
842 3721 941 3786 τούτους
985 3732 1036 3787 πῶς
1051 3726 1156 3795 δολερῶς
1170 3724 1361 3784 κατασκευάζετε
1379 3721 1421 3785 τάς
1436 3723 1520 3792 τιμάς;
1536 3720 1576 3775 ἐπί
1594 3723 1637 3794 μέν
1654 3729 1703 3777 τῶν
1723 3725 1768 3779 οδκ

157 3794 283 3857 κάκείνους
295 3795 396 3867 ὁμοίιος.
437 3795 479 3859 Ἐξ
489 3793 518 3850 οὗ
537 3799 627 3860 πάντες
646 3797 744 3852 ίσονται
762 3800 876 3872 πονηροί,
893 3822 940 3872 μη·
986 3803 1097 3874 ἐχόντων
1111 3823 1135 3856 τι
1157 3801 1278 3874 βλαδερδν
1290 3803 1318 3855 τδ
1332 3801 1412 3855 δεινδν
1424 3801 1621 3872 φυλαττόμενοι,
1633 3801 1672 3857 ἐπὶ
1684 3803 1711 3857 δὲ
1724 3811 1768 3859 τοῦ

155 3875 242 3946 δεμίαν
261 3872 336 3947 τιμὴν
350 3878 393 3942 τῆς
408 3873 494 3947 ἀρετής
514 3876 628 3949 ἐχούσης.
664 3879 714 3932 Τον
733 3877 781 3950 γάρ
802 3879 828 3933 ἐκ
842 3883 941 3952 χάριτος
986 3886 1076 3957 ζημίας
1089 3886 1180 3955 μεστοῦ
1194 3879 1239 3947 τὴν
1252 3881 1337 3953 πρᾶξιν
1347 3881 1493 3953 τολμῶντες.
1507 3882 1578 3934 ch
1581 3922 1588 3935 .

156 3954 190 4026 μή
203 3956 323 4010 δοκοῦντα
334 3953 399 4009 εἶναι
414 3958 524 4028 χρηστδν
533 3958 578 4011 οδε
595 3957 632 4012 ἐνι
643 3958 764 4025 δήπουθεν
777 3958 939 4032 ἀτιμασθίντα
1021 3966 1084 4035 459,
1097 3966 1141 4020 κ5.
1150 3962 1185 4017 Οθ
1195 3962 1253 4034 γάρ,
1268 3961 1290 4016 εί
1301 3959 1334 4033 μή
1342 3962 1475 4033 χρήματα]
1492 3958 1549 4013 'Aah
1563 3965 1605 4014 τοῦ
1620 3962 1730 4033 μείζονος
1744 3961 1768 4024 ἐξ

156 4037 269 4106 γενίσθαι
295 4037 439 4092 σπουδαῖον.
481 4036 674 4109 Ἐνιαινοτθμησε
701 4037 728 4092 δέ
750 4035 795 4104 τήν
824 4042 936 4111 μίθοδον.
985 4042 1163 4116 ἐνθυμήματος.
1187 4043 1306 4096 BFRSY.
1343 4041 1423 4093 Τοῦτο
1445 4038 1493 4094 ἀπθ
1511 4043 1554 4092 τοῦ
1576 4042 1687 4111 μείζονάς
1705 4039 1766 4094 ἐστι.

157 4113 261 4169 ’ἀνωθεν
276 4116 319 4186 μίν
336 4115 385 4187 γάρ
405 4115 505 4184 ἐξήτασε
518 4118 574 4179 τοδε
589 4117 699 4180 ἀναξίους
716 4116 759 4171 καί
772 4118 827 4180 τοδς
842 4117 935 4186 ἀξίους,
985 4115 1065 4169 Φιλεῖ
1078 4115 1127 4186 γὰρ
1140 4113 1286 4167 ἀκολουθεῖν
1301 4111 1421 4178 ἀλλήλοις
1432 4110 1505 4181 άμρω
1519 4109 1550 4163 τά
1572 4111 1766 4181 ἐπιχειρήματα,

156 4192 260 4246 ἐνταῦθα
270 4194 297 4247 δέ
309 4194 372 4247 κατά
386 4197 468 4267 μόνων
481 4202 529 4250 τῶν
547 4195 650 4259 ἀναξίων
665 4196 815 4268 πληροῖεήν
830 4198 938 4267 ἔννοιαν,
986 4201 1021 4267 τῷ
1033 4194 1076 4267 μίν
1089 4193 1137 4248 ἄπο
1153 4197 1197 4246 τοῦ
1211 4190 1342 4253 ἔλθῐῐονος
1361 4191 1390 4244 το
1401 4188 1449 4243 ἆπθ
1463 4193 1506 4241 τοῦ
1521 4190 1648 4258 μοίζοοοε,
1663 4188 1768 4258 2622th

156 4270 254 4339 ιφιιιι
274 4272 317 4343 μιν
331 4272 376 4339 τὴν
389 4274 521 4336 τσιεειωι
533 4276 655 4341 aarum,
671 4277 843 4349 εοιςφειιω,
858 4279 884 4333 τι
897 4280 940 4333 ιο
985 4279 1058 4328 ποτε
1079 4273 1179 4344 εμοιοι.
1217 4270 1260 4337 Μὴ
1284 4270 1350 4342 ἔκων
1373 4268 1399 4322 οὲ
1420 4268 1553 4321 οντοεοο
1570 4273 1605 4339 το
1623 4269 1767 4338 ονιέιοο

157 4348 212 4411 εοίις
223 4350 277 4403 καθ’
289 4349 386 4413 ίαυτοένς
398 4352 532 4414 ἐξετάζων·
550 4354 592 4407 καί
602 4354 732 4425 γίγονενή
752 4354 835 4409 ἐννοια
849 4361 939 4430 συμπέ·
986 4355 1070 4425 ἕτερον
1085 4354 1204 4423 συμρίρον
1222 4349 1248 4403 ἐκ
1267 4350 1401 4420 χρημάτων
1420 4346 1462 4400 καί
1475 4347 1585 4418 afflue,
1600 4345 1644 4413 τὴν
1657 4347 1767 4401 ‘ww

157 4445 238 4497 ρασμα
249 4433 299 4481 τῶν
314 4427 457 4482 ἀντιθέσεων
471 4427 624 4501 ἀμροτίρων.
637 4433 718 4486 ch.
986 4433 1028 4486 καί
1041 4431 1085 4498 τὴν
1105 4432 1212 4493 εθδοζίαν
1223 4435 1259 4500 τῷ
1274 4434 1323 4481 τῶν
1335 4429 1471 4499 χρημάτων
1491 4427 1569 4497 κέρδει
1586 4424 1767 4499 ἀντιπαραδάλ-

192 4507 347 4579 Συγκροθσας
356 4507 443 4569 ἱκανῶς
455 4507 496 4559 διά
507 4514 555 4561 τῶν
567 4513 747 4582 προειρημίνων
761 4514 803 4567 καί
812 4512 858 4580 τὴν
874 4515 941 4568 ἀντί.
987 4512 1040 4565 λειν
1064 4515 1183 4583 πειρᾶται,
1221 4507 1297 4570 Δείξει
1312 4508 1339 4561 δέ
1361 4506 1423 4579 μετά
1447 4505 1532 4577 μικρὸν
1556 4507 1594 4559 δτι
1611 4505 1666 4559 οθδέ
1687 4507 1769 4576 κέρδος

156 4588 223 4641 θεσιν
242 4588 374 4651 Αεπτίνου,
390 4586 431 4638 καί
447 4584 492 4652 τὴν
504 4589 599 4657 γίνεσιν
617 4592 661 4655 τῆς
676 4589 843 4663 ἀνθυποροράς
855 4596 941 4665 χρησί·
986 4592 1151 4662 προσγίνεται.
1168 4589 1248 4642 TGV.

159 4685 208 4739 μην
227 4665 320 4737 εθρὼν,
340 4665 383 4718 καί
400 4667 611 4738 προοικονομήσας
626 4668 666 4720 διά
679 4671 772 4723 τοθτων
794 4672 883 4735 ίκανῶς
896 4672 939 4740 τήν
1021 4674 1084 4735 460,
1098 4674 1125 4729 ἀ·
1139 4667 1252 4736 ww]
1266 4664 1343 4734 ἦθοοθ
1357 4663 1440 4725 δόξαν·
1457 4666 1487 4718 Ρ·

155 4745 249 4799 οἰκείαν
263 4745 425 4816 νομοθεσίαν,
442 4744 597 4816 ἐπανήγαγεν
612 4746 723 4802 ἐντεῦθεν
743 4748 782 4803 ἐπί
802 4749 845 4816 τὴν
858 4751 882 4814 ἐξ
897 4751 940 4823 ἀρ-
1021 4753 1084 4812 460,
1102 4766 1128 4818 7.
1141 4745 1200 4799 Ὅτι
1212 4744 1310 4816 τοίνυν]
1326 4742 1414 4804 Ἄλλος
1430 4743 1503 4803 τόπος
1517 4738 1550 4802 οἷς
1563 4741 1592 4793 τί)
1604 4739 1662 4792 οοῧῐδ
1675 4739 1769 4810 θῶκοί·

156 4828 204 4895 χής
214 4823 347 4878 ἀντίθεσιν.
386 4823 577 4895 ίίαινοτομεῖδθ
590 4823 635 4891 τὴν
658 4828 761 4897 μίθοδον
776 4828 838 4881 κατά
858 4832 940 4901 μόνων
988 4847 1055 4900 ρημα
1072 4826 1120 4881 ἀπὸ
1139 4830 1182 4879 τοῦ
1203 4826 1323 4896 μείζονος.
1361 4822 1440 4875 Ὅταν
1461 4821 1508 4892 γάρ
1534 4820 1655 4874 πλειόνων
1678 4818 1769 4891 εθπορῇ

155 4909 204 4957 τῶν
218 4902 321 4965 ἀναξίων
335 4902 436 4973 πληρῶν
451 4902 496 4970 τὴν
509 4903 616 4960 ἐννοισν.
657 4906 703 4958 Ιίαί
717 4905 769 4959 ἔστι
781 4911 941 4982 συμπέρασμα
985 4909 1083 4971 τόπων,
1098 4906 1126 4959 οὗ
1142 4907 1260 4977 φείδεται.
1300 4902 1372 4956 Ἔστι
1386 4903 1408 4954 δ’
1431 4901 1507 4972 ὁμέν
1521 4901 1636 4971 πρότερος
1654 4900 1726 4961 τόπος
1745 4897 1770 4961 ἐξ

155 4988 205 5035 τῶν
214 4981 358 5037 ἀντιθίοεων
369 4980 522 5054 ἀμηοτίρων.
534 4985 672 5038 BFRSYP.
986 4987 1171 5060 ἐνθυμήματος,
1182 4985 1197 5038 6
1210 4984 1237 5039 δέ
1252 4984 1361 5038 ἐντεῦθεν
1376 4981 1402 5036 ἐκ
1415 4980 1618 5052 παραδείγματος.
1632 4980 1712 5033 TCV.

191 5061 255 5130 459,
272 5078 313 5115 το.
330 5061 386 5115 Ἔτι
409 5062 490 5115 τοίνυν
503 5061 622 5136 κάκεῖνο]
645 5064 782 5136 Πληριθσας
801 5066 829 5120 εδ
843 5067 938 5121 δίκαιον
1024 5073 1087 5132 460,
1103 5070 1129 5121 8.
1143 5069 1196 5119 Τοῦ
1215 5063 1301 5136 ἤθους]
1317 5062 1393 5134 ήγουν
1412 5066 1455 5127 τῆς
1475 5060 1590 5132 θμετίρας
1604 5059 1714 5130 γνώμονε-
1736 5060 1766 5115 Ρ.

156 5136 267 5191 ἐντεῦθεν
281 5137 375 5201 ἀννοίσς
392 5140 495 5211 ἀρχεται
514 5146 558 5195 τοῦ
578 5146 756 5214 συμφέροντος·
772 5144 873 5211 σθνηθες
891 5146 939 5216 γὰρ
1020 5151 1082 5210 460,
1099 5163 1139 5199 ιε.
1157 5147 1275 5215 Λέγονται
1283 5142 1415 5214 χρήματα]
1429 5139 1500 5193 Ἔστι
1513 5138 1556 5210 μὲν
1572 5137 1601 5192 τδ
1615 5138 1769 5209 παράδειγμα

155 5216 346 5290 αδτῶπρολθειν
358 5219 584 5286 τάςάντιθέσειςκαί
595 5223 642 5294 πρδ
651 5229 699 5276 τῶν
710 5225 809 5277 θέσεων.
820 5226 938 5279 BFRSY.
986 5226 1124 5298 ίστορικδν,
1147 5223 1205 5294 πρὸς
1230 5223 1310 5276 πίστιν
1341 5226 1389 5274 τῶν
1416 5220 1580 5291 κροκεψιίοοοθ
1604 5215 1764 5288 ῑῖἀθθίξίθθί·
1964 5222 1967 5229 ι

263 5324 425 5364 οεετοειιε,ιε
1633 5314 1657 5358 ⁸¹
