3967 5967
247 469 304 521 m

244 590 433 661 δοκιμασθέντας
445 586 575 640 θπολαόώυ
587 608 660 658 φησιν
676 590 704 642 οδ
720 590 854 655 διακονεῖν,
870 589 928 641 ἀλλ’
941 589 1026 659 άρχειν

243 670 434 739 δοκιμασθέντας
457 669 495 722 Μ.

283 745 400 819 Ἐπειδὴ]
414 746 446 799 Ὃ
455 746 523 816 λέγει
532 747 644 799 τοιοῦτόν
654 746 728 800 ἐστιν’
744 745 825 813 έπειδὴ
838 745 862 797 οί
874 743 922 799 άπδ
934 743 1028 814 κλῆρου

243 828 371 899 γινόμενοι
389 827 579 897 δοκιμάζονται,
592 825 681 879 οὐκοῦν
701 825 766 880 πολδ
780 826 854 880 πλέον
872 827 913 880 δεῖ
924 825 1028 895 δοκιμά·

244 907 294 967 ζειν
306 906 348 957 καί
362 905 418 967 τοθς
430 905 626 976 χειροτονητοός.
642 907 663 961 F
665 908 705 961 Μ.

280 984 402 1053 Εδθόνας]
420 986 463 1048 τάς
475 984 538 1040 κατόι
551 992 600 1039 τῶν
621 984 773 1057 άρξάντωνῆ
791 985 911 1056 δημόσιόν
930 1003 953 1038 τι
967 984 1028 1035 διοι-

243 1063 373 1128 κησάντων
386 1063 477 1135 άρχάς.
490 1064 530 1118 Μ.

279 1142 325 1194 Tm
343 1144 505 1215 γραμματέα]
520 1142 669 1214 Γραμματέα
684 1142 752 1214 λέγει
769 1142 813 1196 τόν
830 1140 934 1195 εἰωθότα
952 1139 977 1193 έν
994 1143 1030 1209 τῷ

244 1227 319 1293 κοινῷ
329 1222 360 1275 τὰ
372 1227 415 1276 τοῦ
430 1223 510 1294 δῆμου
523 1223 658 1294 γράμματα
670 1221 857 1292 άναγινώσκειν.
870 1222 903 1276 Β.

278 1303 340 1365 Τοδς
352 1302 487 1374 λογιστάς]
502 1301 622 1375 Δογισιζῆς
633 1302 736 1370 έκάστης
748 1302 826 1372 φυλῆς
835 1296 879 1363 είς.
916 1300 1032 1371 Γραμμα·

243 1382 286 1434 τέα
299 1381 325 1434 δέ
336 1383 435 1435 έκαστοι
447 1379 529 1452 εἶχον.
567 1383 638 1453 Λέγει
652 1375 695 1434 οόυ
712 1386 754 1434 νῦν
772 1380 815 1434 τόν
829 1385 877 1433 τῶν
894 1379 1027 1449 λογιστῶν.

244 1491 277 1501 -
289 1459 418 1531 Ἄρχοντες
429 1456 491 1527 ἦσαν
504 1462 562 1514 δέκα
574 1459 692 1533 Ιἡρημένοι
701 1460 848 1532 καλυόμενοι
856 1457 981 1530 λογισταλ,
993 1451 1031 1518 οίς

245 1539 323 1611 λόγον
338 1540 362 1593 οἰ
381 1541 508 1595 θπεόθυνοι
525 1546 575 1594 τῶν
589 1543 801 1612 διαχειρισθέντων
822 1538 944 1593 έδίδοσαν.
982 1535 1031 1589 Καί

244 1620 355 1683 ίδέκαζον
369 1621 440 1676 αιἰτοί
452 1620 495 1684 τδς
509 1621 616 1683 εόθόνας.
629 1623 668 1678 Μ.

281 1717 323 1770 17.
343 1700 407 1772 Πρός
420 1700 466 1772 δέ]
482 1700 668 1772 Δημοσθενικῶς
680 1699 856 1770 προδιαόάλλει
871 1698 916 1765 τὴν
933 1697 1030 1751 άντίθε·

243 1795 292 1842 σιν,
307 1778 368 1849 μετὰ
381 1778 455 1845 ῆθους
467 1780 502 1834 δί.
542 1779 615 1833 Ἐστι
628 1778 655 1831 δέ
668 1777 731 1833 κατά
750 1777 824 1849 ῥητόν
846 1779 888 1831 καί
907 1779 1028 1830 διάνοιαν.

243 1857 312 1925 Φησί
330 1858 379 1930 γάρ
393 1858 407 1911 ό
420 1858 538 1930 Αἰσχίνης
557 1859 597 1912 ότι
615 1858 746 1921 όπεόθυνος
761 1857 803 1911 εἰ·
822 1857 962 1929 τειχοποιός
980 1856 1030 1928 γδμ

244 1934 279 1991 εἰ.
320 1938 350 1992 Ὃ
366 1939 392 1992 δέ
403 1938 707 2011 Δημοσθένηςτειχοποιδς
725 1937 790 1992 εἶναι
804 1939 945 2010 συντρέχει,
959 1937 989 1991 τό
1003 1936 1030 1990 δὲ

244 2017 275 2071 τό
285 2018 335 2091 γὰρ
353 2017 403 2072 ίδια
417 2019 534 2072 άνάλωαα
552 2020 649 2073 διάνοια
668 2024 713 2073 τοῦ
725 2018 800 2090 ῥητοῦ
812 2019 880 2085 ἰστι,
899 2018 941 2072 καί
954 2017 1028 2090 άμφι·

243 2097 386 2165 σόητεῖται,
397 2102 459 2153 ποῖα
469 2098 599 2164 ἀνάλωσε,
611 2099 643 2153 τό
655 2098 731 2166 ἰδιαῆ
743 2099 774 2153 τά
787 2101 866 2155 κοινά.
882 2101 921 2155 Μ.

282 2177 441 2251 Τηλικαότῃ]
460 2177 486 2232 έν
504 2177 552 2250 γάρ
567 2181 599 2251 τῇ
617 2180 715 2252 μεγάλη
734 2177 859 2250 ένδέχεται
876 2179 917 2231 καί
929 2177 1026 2230 λαθεῖν.

287 2335 435 2409 Ὅταισοῦν]
450 2337 483 2389 δι’
499 2337 586 2404 ῆντινα
597 2338 727 2409 πρόφασιν,
744 2337 818 2392 όποία
832 2336 888 2391 ποτ’
901 2337 931 2388 άν
948 2329 975 2407 ᾖ.
985 2337 1026 2391 Μ.

284 2421 326 2473 ιθ.
345 2415 510 2489 Παραδόξων]
526 2423 574 2471 τῶν
586 2417 652 2488 παρὰ
664 2415 709 2484 τὴν
723 2416 806 2482 δόξαν,
825 2415 881 2487 περί
890 2412 925 2469 ῶν
940 2414 1028 2470 σῦκόν

243 2516 279 2561 τις
291 2497 480 2569 προσδοκήσειεν
491 2497 542 2551 ow
555 2496 684 2552 δπολιίόοι.
698 2499 738 2553 Μ.

280 2577 360 2645 Γένη]
377 2577 437 2645 Γένη
450 2576 480 2630 οδ
497 2576 540 2640 τδς
553 2577 696 2649 σιιγγενείας
713 2576 799 2642 καλεῖ,
817 2574 884 2628 άλλόι
903 2577 979 2628 ταῦτα
991 2570 1028 2627 ῶν

243 2655 268 2708 οἰ
282 2656 426 2726 μετέχοντες
438 2659 555 2727 γεννῆται
567 2657 609 2710 καί
619 2656 789 2728 ὁμογάλακτας
799 2654 942 2708 καλοῦνται.
970 2652 1029 2707 Εἰσί

244 2734 270 2788 δί
281 2736 364 2805 ῶσπερ
374 2736 473 2807 πατριαί
485 2755 561 2802 τινες,
576 2735 714 2808 έερωαυνῶν
728 2735 855 2797 κοινωνίας
864 2734 976 2805 έχουσαι.
987 2736 1027 2789 Μ.

279 2814 451 2887 Εόμολπίδας]
471 2815 604 2888 Εὐμόλπου
623 2815 768 2888 άπογόνους.
810 2814 925 2886 Ἐγένετο
937 2814 964 2868 δέ
981 2814 1028 2866 136-

245 2894 338 2966 μολπος
349 2895 475 2948 Μουσαίου
484 2895 561 2963 υἱόςῆ
576 2894 700 2969 μαθητὴς,
712 2900 757 2950 τοῦ
778 2894 809 2949 τά
824 2895 943 2967 μυστήρια
957 2893 1028 2965 εὓρη-

244 2975 325 3039 κότος,
344 2976 377 3030 B.
416 2974 447 3028 Οί
467 2973 623 3047 Εὐμολπίδαι
646 2977 717 3048 γένος
735 2974 795 3030 εἰσὶν
819 2974 867 3029 άπδ
883 2973 1028 3046 Εἰνμόλπου.

243 3049 320 3107 (λότοί
341 3052 401 3106 εἰσιν
424 3053 449 3107 οἰ
463 3058 594 3125 μυοῦντις·
618 3055 645 3110 έκ
662 3056 756 3110 τοότων
776 3056 872 3126 γίνεται
891 3055 1027 3126 δφδοῦχος,

243 3133 395 3206 ἰεροφάντης.
432 3133 464 3186 οί
481 3133 508 3187 δέ
528 3134 633 3205 Κῆρυκες
647 3134 689 3188 καλ
706 3133 776 3188 αἰετοί
795 3132 842 3188 εἰσι
859 3139 908 3186 τῶν
924 3133 978 3205 περί
998 3133 1029 3188 τὰ

245 3213 374 3284 μυστήρια.
414 3211 461 3265 Ιίαί
473 3217 547 3266 τοῦτο
561 3213 588 3267 δέ
598 3213 627 3267 τό
639 3214 710 3286 γένος
724 3212 773 3268 άπό
786 3232 850 3276 τινος
862 3212 1030 3284 ὀνομαστικῶς

243 3292 374 3363 λεχθέντος
389 3292 505 3364 Κῆρυκος.
521 3322 558 3335 -
569 3292 629 3361 Γέυη
646 3293 688 3347 καλ
708 3294 807 3364 πατριαί
819 3312 882 3356 τινες
894 3293 1027 3363 διάσημοι,

243 3370 284 3443 ἆρ’
293 3368 329 3425 ῶν
342 3370 467 3440 λθῆνησιν
480 3372 620 3444 ίεροφάνται
631 3372 674 3444 μὲν
684 3377 727 3440 τῆς
736 3372 864 3444 Δῆμητρος
876 3370 925 3426 άπό
934 3371 1031 3443 Εόμολ·

244 3453 331 3517 πιδῶν,
346 3453 466 3523 δᾳδοῦχοι
476 3453 499 3505 δ’
509 3452 559 3507 άπδ
570 3453 697 3524 Κηρόκων.
709 3454 749 3509 Μ.

277 3546 321 3585 22.
345 3529 491 3598 Ἐκποίητον
502 3532 511 3602 ]
524 3531 604 3585 Τοῦτο
622 3533 771 3602 διφορεῖται·
790 3528 832 3584 ἰάν
846 3531 889 3603 μίν
908 3528 956 3601 γάρ
972 3530 1028 3600 παρ’

244 3609 325 3680 ὄνομα
338 3604 365 3682 ᾖ,
376 3609 591 3680 προπαροξύνεται,
603 3608 645 3663 ἰὰν
658 3610 685 3663 δί
694 3609 759 3681 παρὰ
770 3608 851 3681 ῥῆμα,
866 3608 984 3671 όξόνεται.
995 3609 1027 3664 F.

279 3703 323 3740 ου.
344 3684 405 3740 θίον
425 3686 457 3740 τά
474 3686 516 3740 ίσα
535 3686 685 3759 ἀπογράφειν
701 3684 738 3742 ῶν
757 3688 879 3760 λαμόάνει
898 3686 964 3757 παρά
980 3694 1029 3740 τῶν

244 3765 419 3831 συντελεστῶν,
442 3766 484 3820 καί
501 3769 616 3838 παρέχων
637 3766 721 3829 αἰετοῖς
743 3767 777 3830 ῶς
799 3771 841 3820 νῦν
860 3766 967 3838 λέγομεν
988 3765 1030 3828 τός

244 3843 357 3914 άποχάς,
369 3844 403 3905 ῶς
411 3844 452 3898 καλ
466 3843 491 3899 έν
503 3851 539 3917 τῷ
549 3846 613 3899 κατά
628 3843 798 3916 Ἀνδροτίωνος
810 3845 932 3916 ἔγνωμεν.
948 3846 980 3901 F.

280 3930 324 3989 τό.
349 3924 503 3998 Ἐκκλησίφ]
523 3926 594 3997 Τρεῖς
605 3925 654 3999 γάρ
670 3926 797 3994 ἐκκλησίαι
814 3925 877 3979 κατά
895 3928 961 3999 μῆνα
975 3925 1029 3998 έγέ·

245 4021 328 4058 νοντο.
343 4004 374 4059 F.

279 4085 324 4137 25.
345 4083 469 4154 Πρότερον
484 4081 545 4154 μίν]
558 4083 637 4137 Τοῦτο
647 4083 681 4146 ῶς
696 4082 841 4137 άντιπῖπτον
855 4082 970 4154 βοόλεται
984 4081 1029 4135 λῦ-

245 4180 296 4217 σαι.
334 4160 390 4214 Ἵνα
407 4158 502 4233 γὰρμὴ
524 4160 581 4235 είπγ,
600 4160 786 4235 όΔημοσόένης
798 4164 837 4216 ότι
852 4163 929 4224 οότως
948 4160 1030 4224 εόνους

244 4241 312 4313 ῆμην
323 4248 355 4314 τῇ
370 4241 455 4307 πόλει,
468 4242 563 4305 πολλάς
582 4261 624 4314 μοι
640 4242 718 4315 άρχάς
732 4243 870 4308 ἰπίστευσε,
882 4243 936 4296 λόει
947 4242 1029 4314 λέγων

244 4323 283 4375 ότι
296 4320 326 4374 οδ
338 4320 380 4373 διδ
395 4318 440 4387 τὴν
457 4321 553 4375 εόνοιαν
572 4321 618 4389 τῆν
635 4322 691 4391 τὴν,
710 4322 767 4377 ἀλλ’
786 4322 867 4390 ἰπειδῆ
887 4323 941 4386 ἔθος
954 4328 1029 4378 τοῦτο

244 4400 342 4471 ἰγίνετο
360 4400 409 4454 άπδ
430 4399 567 4459 Εδόοόλου.
605 4400 683 4468 Οότος
700 4404 749 4477 γάρ
766 4404 955 4476 πολιτευόμενος
966 4400 1029 4475 ῆμχε

245 4485 294 4533 τῶν
309 4480 442 4550 θεωρικῶν,
460 4481 501 4533 καλ
516 4480 557 4534 διόι
569 4480 614 4548 τῆν
630 4483 725 4537 εόνοιαν
736 4482 810 4537 αότοῦ
823 4484 865 4537 καὶ
877 4484 956 4546 ἄλλας
967 4485 1028 4536 διοι-

245 4557 326 4624 κῆσεις
336 4556 402 4630 αῦτῷ
411 4558 536 4613 ἰπίστιυσι
545 4561 587 4615 καί
598 4559 642 4629 τῆν
651 4567 696 4617 τοῦ
707 4562 871 4636 ἀντιγραφέως
882 4564 971 4636 άρχῆν.
984 4563 1029 4619 Ἐκ

245 4638 332 4692 τοῦτου
347 4637 436 4692 λοιπόν
450 4639 493 4693 καί
504 4640 538 4703 εἰς
549 4643 605 4706 τοδς
615 4641 724 4707 άναξίους
736 4644 826 4716 έδραμε
836 4645 865 4698 τό
876 4644 939 4707 έθος.
951 4647 982 4700 F.

282 4718 447 4852 Πρυτοχνείαν]
460 4716 516 4788 ῆῆν
524 4719 623 4793 ἡμερῶν
633 4726 764 4794 τριάκοντα
779 4726 867 4790 πέντε,
880 4724 913 4787 ώς
928 4725 980 4777 όνω
992 4723 1027 4778 εἰ·

246 4817 333 4868 πομευ.
375 4836 382 4848 .

284 4875 450 4949 Ἀποδεκτῶν]
465 4875 604 4932 Ἆποδέκται
613 4874 676 4946 ῆααν
691 4880 714 4933 οἰ
725 4881 858 4953 δεχόμενοι
871 4879 902 4934 τὰ
911 4881 1029 4952 χρήματα

244 4959 293 5016 τῶν
303 4952 458 5019 καταόολῶν,
472 4953 497 5006 εἰ
505 4973 541 5017 τις
551 4954 682 5026 έχρεώστει
694 4961 731 5028 τῷ
740 4958 853 5031 δημοσίῳ
866 4956 915 5011 άπδ
928 4959 1028 5011 καταδί-

245 5052 297 5098 κης.
339 5029 465 5085 Ὁδοποιοί
476 5032 503 5086 δὲ
514 5033 538 5086 οἰ
550 5033 738 5106 ἐπιμελούμενοι
749 5039 792 5102 τῆς
802 5037 968 5108 καθαρότητος
979 5044 1028 5090 τῶν

245 5112 310 5165 όδῶν
324 5115 368 5177 τῆς
379 5112 482 5175 πόλεως.
499 5115 529 5172 F.

282 5210 324 5261 ογ.
349 5190 498 5265 Ἐπιόολὰς]
520 5188 575 5247 οἷον
599 5196 689 5265 ζημίας
708 5196 750 5249 καί
767 5198 896 5258 καταδίκας
917 5201 969 5260 τοῖς
988 5199 1028 5251 ὑπ’

248 5268 332 5335 αθτδν,
348 5270 407 5342 όπερ
422 5270 487 5324 ἐστίν
497 5271 571 5343 έργον
584 5277 626 5340 τῆς
641 5273 726 5344 ἀρχῆς.
746 5277 774 5331 F.

828 456 969 518 ιιοιιι
993 454 1058 515 ιιι
1079 436 1276 518 ιιιιινιιν.

1113 585 1268 660 Ἰσταμένου]
1280 588 1371 651 Καλῶς
1382 589 1410 642 τό
1421 589 1550 662 ἱσταμένου
1560 592 1645 664 μηνός,
1657 593 1739 662 έπειδῆ
1754 594 1805 650 έστι
1817 600 1859 650 καί

1073 668 1172 737 δευτέρα
1181 668 1317 738 φθίνοντος.
1328 671 1360 726 F.

1110 750 1153 801 28.
1169 745 1366 821 Ἆντιδιαπλέκει]
1375 744 1429 803 οίον
1437 750 1502 804 ἄλλο
1509 750 1562 805 άντ’
1569 752 1649 806 άλλυυ
1657 752 1759 826 εἰσάγει.
1768 754 1859 822 Μὴδυ-

1075 827 1231 899 νάμενοςγίιρ
1240 827 1316 890 δεῖξαι
1328 831 1367 883 δτι
1375 830 1419 884 οδκ
1428 826 1459 898 ῆν
1469 831 1609 899 όπεόθυνος,
1619 833 1687 905 λέγει
1698 835 1737 888 ότι
1744 834 1802 887 άλλ’
1809 836 1859 908 οδχ

1073 907 1121 962 διεδ
1129 912 1172 975 τῆς
1180 908 1275 971 πόλεως
1284 908 1484 980 έχειροτονῆθην,
1495 911 1553 964 ἀλλ’
1563 912 1610 966 ὓπδ
1617 918 1660 980 τῆς
1670 913 1747 985 φυλῆς
1756 936 1813 986 μου.
1824 919 1856 974 F.

1113 993 1155 1044 30.
1171 991 1302 1062 Τριττόες]
1315 992 1330 1043 ό
1343 990 1394 1045 ίατι
1403 993 1484 1063 τρίτον
1498 995 1569 1064 μέρος
1580 997 1624 1061 τῆς
1631 994 1718 1065 φυλῆς.
1757 995 1858 1049 Πολλά·

1074 1090 1110 1133 κις
1123 1072 1172 1142 γάρ
1180 1072 1222 1124 καί
1235 1070 1251 1138 ῆ
1262 1073 1328 1125 πᾶσα
1338 1071 1402 1143 φυλὴ
1417 1072 1503 1140 ἑαυτῆς
1512 1075 1556 1127 ένα
1566 1075 1746 1145 προεόάλλετο·
1760 1077 1857 1130 πολλά·

1074 1171 1110 1212 τις
1120 1151 1147 1203 δὲ
1161 1150 1202 1203 καὶ
1213 1152 1240 1205 έν
1255 1151 1358 1204 ἕκαστον
1371 1154 1441 1223 μέρος
1453 1159 1502 1207 τῶν
1513 1159 1587 1224 τριῶν
1601 1158 1644 1221 τῆς
1651 1155 1728 1225 φυλῆς
1742 1157 1786 1209 ἕνα
1799 1156 1857 1227 ὑπέρ

1075 1229 1177 1284 ἑκάστου
1190 1233 1283 1302 μέρους.
1321 1230 1368 1284 Kal
1378 1232 1403 1285 οί
1417 1233 1494 1304 δῆμοι
1508 1233 1533 1286 οἰ
1549 1235 1658 1305 μερικολ,
1671 1233 1725 1288 οἷον
1735 1238 1817 1307 ὥσπερ
1831 1237 1856 1289 αἰ

1075 1316 1165 1382 κῶμαι.
1180 1310 1259 1364 Τοῦτο
1268 1310 1295 1363 δὲ
1305 1308 1384 1374 εἶπεν,
1394 1311 1428 1374 ώς
1440 1313 1478 1364 ότι
1491 1313 1515 1365 οἱ
1524 1314 1600 1386 δῆμοι
1611 1314 1636 1376 έξ
1644 1315 1857 1387 αδτῶναίροῦντάί

1074 1409 1145 1453 τινα,
1160 1391 1203 1443 ἵνα
1215 1390 1273 1461 όπίρ
1282 1396 1326 1443 τοῦ
1339 1392 1419 1462 δῆμου
1432 1392 1507 1447 αὑτοῦ
1520 1398 1564 1447 τοῦ
1575 1400 1674 1466 μερικοῦ
1683 1398 1809 1470 φροντίζῃ.
1822 1400 1853 1454 F.

1111 1471 1154 1523 32.
1178 1468 1209 1522 ‘0
1220 1470 1246 1523 δέ
1259 1470 1357 1542 ῥήτωρ]
1373 1474 1426 1527 κατ’
1442 1472 1566 1543 εἰρωνείαν
1586 1474 1694 1545 εἴρηται,
1711 1477 1810 1547 μᾶλλον
1829 1479 1855 1532 δέ

1075 1550 1128 1603 κατ’
1139 1549 1268 1617 άλῆθειαν.
1303 1550 1422 1604 Βοόλεται
1435 1552 1483 1623 γὰρ
1499 1551 1572 1606 αὐτόν
1587 1551 1653 1605 εἶναι
1667 1553 1759 1624 ῥῆτορα
1772 1554 1813 1607 διδ
1827 1556 1856 1609 τό

1074 1630 1199 1703 χρῆσιμον
1211 1631 1295 1696 αθτοῦ,
1307 1631 1387 1699 ἐπειδὴ
1401 1632 1479 1703 λέγει,
1488 1631 1528 1684 διὰ
1535 1633 1559 1685 τί
1566 1629 1600 1704 μὴ
1613 1633 1683 1696 αότδς
1694 1632 1855 1705 ἀπολογεῖται

1074 1709 1306 1781 θπέρέαυτοῦ,άλλά
1312 1712 1355 1765 τόν
1361 1712 1557 1784 Δημοσθένηνείς
1563 1714 1710 1784 συνηγορίαν
1718 1713 1853 1779 έκάλειςίί.

1110 1792 1173 1854 Τοὶις
1190 1791 1340 1865 άντιδίκους]
1361 1794 1402 1846 διά
1422 1794 1452 1847 τό
1469 1792 1503 1865 μῆ
1524 1793 1592 1864 έχειν
1613 1793 1700 1857 αότοδς
1719 1788 1856 1867 άντιλέγειν

1074 1872 1133 1943 πρός
1145 1873 1177 1926 τά
1187 1875 1360 1945 προειρημένα.
1376 1874 1408 1930 F.

1111 1953 1155 2008 ³2·
1174 1953 1325 2026 Δανιτῶν]
1338 1955 1644 2027 νυνῶοδυινιόνε·
1664 1954 1694 2010 ¹³·

1111 2032 1154 2086 33.
1174 2029 1266 2104 θότος]
1284 2032 1342 2087 Ἐπί
1350 2034 1379 2087 τό
1389 2034 1501 2105 δεότερον
1513 2036 1618 2106 νόμιμον
1629 2033 1779 2104 μεταόαίνει.
1792 2036 1822 2091 F.

1113 2112 1294 2185 Ἐργολαόεῖν]
1305 2114 1349 2167 ἵνα
1365 2114 1405 2167 διδ
1418 2119 1463 2168 τοῦ
1480 2114 1506 2169 ἰν
1519 2120 1556 2189 τῷ
1573 2116 1667 2186 θεάτρῳ
1680 2118 1856 2185 στεφανοῦσθαι

1074 2191 1122 2265 ἰχη
1139 2192 1218 2264 έαυτῷ
1232 2193 1289 2256 τοθς
1302 2196 1454 2266 παρέχοντας
1467 2194 1498 2249 τά
1511 2197 1644 2267 χρήματα,
1658 2195 1692 2258 ώς
1704 2195 1801 2268 δυνατῷ
1814 2196 1856 2250 καί

1072 2274 1205 2343 τιμωμένῳ
1218 2271 1284 2344 ἰντῇ
1297 2273 1379 2328 πόλει.
1393 2276 1424 2332 F.

1111 2352 1154 2416 δίς.
1175 2351 1266 2424 Πνυκὶ]
1276 2352 1342 2415 Ιίνδξ
1355 2354 1431 2407 τόπου
1441 2355 1535 2426 όνομα,
1547 2354 1573 2410 έν
1582 2351 1604 2427 ᾧ
1613 2354 1627 2407 ό
1636 2356 1714 2426 δῆμος
1726 2355 1855 2422 έκκλησιά·

1073 2434 1123 2494 ζων
1136 2434 1267 2504 συνήγετο.
1283 2436 1315 2490 B.

1110 2513 1154 2568 35.
1173 2513 1271 2586 Νόμου]
1283 2514 1347 2568 θέλιι
1356 2512 1432 2569 εἰπεῖν
1442 2516 1486 2571 τόν
1497 2516 1552 2587 περί
1561 2521 1610 2569 τῶν
1619 2515 1703 2578 ξένων,
1713 2515 1752 2568 δτι
1761 2516 1855 2569 κελεόει

1073 2593 1088 2646 ό
1101 2596 1176 2667 νόμος
1185 2594 1229 2650 τόν
1241 2594 1333 2659 ξενικόν
1345 2596 1463 2665 στέφανον
1470 2595 1496 2649 έν
1508 2601 1544 2669 τῷ
1553 2596 1647 2667 θεάτρῳ
1655 2593 1852 2665 άναγορεόεσθαι.

1072 2674 1166 2728 Τοῦτον
1182 2674 1231 2747 γάρ
1248 2675 1325 2729 καλεῖ
1335 2675 1507 2730 Διονυσιακόν.
1547 2671 1577 2727 '0
1592 2674 1618 2728 δέ
1634 2674 1787 2744 Δημοσθένης
1802 2675 1855 2726 δια·

1073 2756 1148 2827 κόψας
1158 2756 1187 2810 τό
1199 2755 1275 2826 ῆμισυ
1289 2760 1333 2810 τοῦ
1343 2757 1421 2827 νόμου
1432 2759 1476 2809 τοῦ
1489 2754 1616 2809 πολιτικοῦ
1628 2754 1659 2806 τό
1669 2755 1744 2824 ῆμισυ
1757 2756 1856 2824 παρενέ-

1074 2835 1135 2890 όαλε
1146 2836 1176 2890 τδ
1186 2841 1235 2889 τῶν
1246 2835 1330 2902 ξένων,
1343 2836 1377 2899 όις
1389 2836 1501 2908 έγνωμεν
1515 2835 1593 2890 έκεῖσε
1606 2834 1632 2888 ἰν
1642 2840 1678 2907 τῷ
1685 2834 1744 2907 όπλρ
1752 2839 1796 2888 τοῦ
1806 2854 1857 2888 στε-

1073 2917 1160 2988 φάνου.
1175 2915 1219 2970 Διό
1235 2915 1319 2989 έπάγει
1333 2918 1399 2988 μέρει
1407 2916 1456 2969 τινί
1469 2914 1560 2986 λέγων.
1571 2917 1604 2972 F.

1111 2996 1154 3066 39.
1176 2994 1385 3068 Ἐπιγράμντας]
1398 2994 1475 3049 οἰονεί
1486 2992 1662 3054 όποόαλόντας.
1676 2993 1708 3048 F.

1108 3076 1323 3147 Διαχειροτονίαν]
1333 3078 1468 3147 διάσκεψιν.
1482 3076 1513 3130 F.

1110 3159 1152 3218 όο.
1173 3154 1340 3226 Νομοθέταις]
1357 3154 1474 3221 δηλονότι
1485 3151 1544 3222 πρδς
1554 3150 1583 3204 τό
1595 3152 1697 3220 κρίνειν.
1713 3151 1744 3205 F.

1109 3237 1155 3296 ῆι.
1175 3233 1206 3287 Οί
1216 3234 1305 3305 νόμοι]
1316 3233 1391 3287 πάλιν
1403 3233 1568 3300 πληθυντικῶς
1578 3228 1646 3283 εἶπεν
1658 3227 1713 3281 άντὶ
1722 3227 1813 3282 ένικοῦ.
1825 3230 1855 3285 F.

1113 3310 1348 3385 Ὗποκηρυξάμενοι]
1373 3311 1481 3374 Ἀττικῶς
1495 3309 1551 3364 άντί
1565 3313 1609 3362 τοῦ
1626 3308 1778 3379 κηρόξαντες.
1798 3308 1857 3362 xat-

1074 3412 1142 3463 ρουσι
1150 3391 1199 3465 γάρ
1210 3394 1244 3456 ῶς
1258 3392 1297 3447 ἰπί
1308 3393 1337 3447 τό
1346 3392 1464 3447 πλεῖστον
1475 3392 1528 3452 τοῖς
1538 3389 1690 3456 παθητικοῖς.
1700 3391 1732 3445 F.

1084 3503 1093 3516 ·
1109 3478 1153 3538 δα.
1175 3473 1208 3527 Ὃ
1219 3474 1242 3526 δ’
1254 3469 1285 3541 ῆν
1299 3472 1512 3544 ἐπιφθονώτατον]
1527 3469 1615 3534 λείπει,
1628 3472 1701 3522 τοῦτο
1714 3468 1854 3538 προσθῆοω.

1074 3550 1209 3624 Εὐρημένοι
1222 3551 1248 3605 δέ
1259 3551 1314 3605 άντί
1324 3555 1368 3605 τοῦ
1377 3551 1529 3622 ποιούμενοι.
1566 3548 1646 3601 Τοῦτό
1658 3566 1729 3619 φησι·
1743 3546 1806 3609 τινὲς
1817 3547 1856 3600 έν-

1073 3633 1151 3687 ταῦθα
1167 3630 1262 3693 έαυτοῖς
1277 3632 1464 3696 κατεσκεύαζον,
1476 3629 1680 3701 προσποιοόμτνοι
1696 3625 1762 3681 εἶναι
1771 3626 1853 3699 πρόξε-

1074 3730 1112 3764 νοι
1127 3711 1224 3765 πόλεών
1242 3730 1327 3776 τινων,
1344 3712 1389 3764 ἵνα
1402 3707 1473 3765 αὗται
1489 3711 1515 3763 αί
1532 3709 1614 3772 πόλεις
1630 3710 1757 3780 πέμπωσιν
1775 3707 1856 3768 αώταῖς

1074 3792 1214 3862 στεφάνους.
1232 3792 1266 3847 F.

1110 3869 1194 3922 Ἕνεκ’
1208 3868 1309 3940 άρετῆς]
1321 3867 1443 3938 εἰρωνείας
1453 3867 1577 3935 καίῆθους
1593 3867 1680 3938 μεστός
1693 3866 1707 3920 ό
1718 3866 1803 3938 λόγος.
1819 3868 1850 3922 F.

1111 3950 1292 4021 ίίαταθέμενοι]
1306 3948 1361 4001 άντι
1370 3951 1414 4002 τοῦ
1425 3947 1635 4019 όμολογῆσαντες.
1653 3950 1684 4004 F.

1109 4032 1153 4087 45.
1178 4027 1328 4100 Ἐραυίζων]
1340 4028 1393 4081 άντλ
1405 4031 1450 4081 τοῦ
1463 4027 1601 4099 συλλέγων,
1613 4029 1644 4083 F.

1109 4110 1187 4165 Ὅταν
1197 4111 1239 4182 δέ]
1249 4108 1373 4163 Ἐνταῦθα
1382 4109 1398 4176 ἢ
1406 4107 1550 4171 άπόδοαιςέν
1557 4105 1854 4179 σχῆματιίπαναλῆψεως,

1074 4189 1155 4255 ἐπειδὴ
1167 4188 1207 4242 διδ
1216 4188 1317 4243 πολλῶν
1331 4184 1362 4256 ῆν
1375 4186 1500 4259 ῆρτημέυη
1514 4188 1608 4241 όνωθεν
1622 4186 1670 4241 άπό
1684 4190 1727 4240 τοῦ
1740 4186 1800 4238 όταν
1810 4179 1854 4236 οδν

1074 4269 1199 4342 άποδείξη.
1211 4270 1243 4327 F.

1109 4352 1153 4414 48.
1177 4346 1344 4418 Ὑποόαλεῖν]
1359 4346 1549 4418 ἀποκρίνασθαι,
1562 4344 1672 4400 ἀπαντᾶν
1680 4343 1775 4415 λόγοις.
1787 4346 1818 4400 F.

1110 4431 1153 4484 50.
1177 4426 1296 4498 Ἆπλοῦς]
1307 4426 1365 4479 Ὅτι
1374 4433 1464 4498 τριχῶς
1470 4428 1569 4498 λέγεται
1578 4427 1607 4480 τό
1617 4426 1721 4489 άπλοῦν,
1733 4425 1748 4491 ἢ
1762 4423 1802 4478 έπί
1812 4429 1855 4477 τοῦ

1074 4507 1274 4578 άπανουργῆτου,
1296 4507 1312 4572 ἢ
1331 4505 1371 4560 έπλ
1386 4511 1430 4559 τοῦ
1450 4506 1552 4578 έρῆμου,
1570 4506 1586 4572 ῆ
1606 4503 1645 4558 έπί
1660 4508 1705 4557 τοῦ
1723 4504 1853 4573 συντόμου.

1078 4586 1199 4641 Ἐνταῦθα
1212 4581 1256 4640 οδν
1278 4585 1373 4639 ἁπλοῦν
1386 4585 1454 4656 λέγει
1472 4587 1502 4639 τό
1514 4586 1646 4655 σύντομον,
1663 4586 1746 4653 ῶσπερ
1760 4581 1856 4652 Εόριπί-

1073 4669 1117 4735 δης
1130 4669 1141 4737 (
1154 4666 1244 4720 Ρίιοιιι.
1258 4670 1310 4735 472
1320 4668 1341 4735 ).

1135 4783 1230 4838 Ἁπλοῦς
1240 4782 1254 4830 ό
1265 4782 1335 4844 μῦθος
1346 4785 1388 4840 τῆς
1397 4778 1504 4837 ἀληθείας
1518 4779 1567 4840 ίφυ.

1077 4878 1204 4933 Ἐντεῦθεν
1220 4878 1247 4932 δί
1267 4880 1409 4949 μετέρχεται
1428 4876 1468 4931 ίπί
1479 4875 1522 4929 τὀν
1541 4875 1622 4944 τρίτον
1637 4874 1725 4942 νόμον,
1744 4871 1787 4925 τόν
1803 4874 1856 4942 περὶ

1075 4965 1124 5013 τῶν
1138 4960 1231 5029 ψευδῶν
1243 4960 1407 5029 γραμμάτων,
1422 4954 1476 5009 οἷον
1490 4957 1528 5008 ότι
1541 4954 1570 5007 οό
1583 4956 1625 5006 δεῖ
1634 4953 1707 5024 ψευδῆ
1722 4952 1857 5022 γράμματα

1074 5036 1199 5110 ἐγκεῖσθαι
1211 5036 1237 5092 ἐν
1251 5042 1288 5109 τῷ
1298 5038 1421 5108 Μητρώῳ·
1436 5038 1543 5088 τοιοῦτοι
1552 5032 1578 5085 δέ
1590 5032 1615 5085 οί
1625 5030 1679 5102 περὶ
1688 5031 1857 5100 Δημοσθένους

1074 5118 1177 5176 ἔπαινοι,
1189 5119 1221 5171 F.

1109 5198 1274 5268 Τοῦναντίον]
1291 5196 1336 5249 οῦκ
1350 5196 1403 5250 έστι
1420 5198 1495 5249 τοῦτο
1512 5193 1570 5263 πρὸς
1583 5192 1611 5246 εδ
1620 5191 1667 5261 πμδ
1678 5189 1773 5254 αδτοῦ,
1790 5187 1857 5239 ἀλλὰ

1075 5278 1133 5348 πρός
1148 5277 1176 5330 τδ
1192 5276 1228 5330 έτι
1245 5276 1378 5346 ἀνώτερον.
1415 5274 1450 5327 (λδ
1461 5274 1509 5346 γὰρ
1518 5274 1586 5343 λέγει
1599 5274 1637 5324 ότι
1651 5273 1756 5326 δεικτέον
1775 5270 1855 5339 αὑτῶ,
