3967 5967
281 494 338 544 ³88

646 622 692 682 iu.

318 712 395 768 idern
419 707 653 788 ιΝαύκληρος·
674 708 817 789 Ὑπερίδης
829 711 854 767 ἐν
877 711 915 791 τῷ
930 711 989 790 περὶ
1010 717 1056 769 τοῦ

279 798 400 877 ταρίχους
413 799 441 856 οὔ
463 796 538 872 μόνον
553 800 616 868 istil
634 797 757 869 συνήθεια
774 801 870 876 χρῆται
883 800 919 877 τῷ
936 798 1055 875 ὀνόματι,

279 885 346 943 ἀλλὰ
360 884 442 945 καὶ...
456 884 500 943 ἐπὶ
510 889 556 945 τοῦ
572 885 787 961 μεμισθωμένου,
799 885 842 942 ἐπὶ
853 887 892 965 τῷ
907 885 940 943 ‘rii
958 886 1055 945 ἐνοίκια

279 972 393 1053 ἐκλέγειν
405 971 423 1043 ἢ
433 971 543 1043 ululari
557 971 701 1049 συνοικίας,
712 976 748 1038 ὡς
763 976 777 1030 θ
791 971 868 1040 αὐτὸς
883 973 970 1053 ῥητωρ
982 975 1058 1043 δηλοῖ

279 1063 353 1141 ἐντῷ
366 1059 430 1141 πρδς
440 1059 653 1138 Ἀριστογείτονα.
665 1062 706 1121 cf.
718 1065 788 1121 Lex.
798 1064 930 1121 Cantaba.
941 1082 971 1138 p.
985 1063 1053 1135 673.

642 1163 690 1224 41.

318 1251 397 1309 Idem
415 1271 423 1306 τ
435 1251 494 1309 ob
502 1248 569 1321 ple·
581 1248 722 1329 Ὑπερίδης
731 1252 759 1309 ἐν
769 1253 807 1330 τῷ
823 1249 887 1328 πρὸς
898 1249 1057 1329 Ἀριστογεί·

278 1362 352 1400 τονα.
395 1337 452 1398 Μία
465 1341 516 1397 τῶν
526 1337 542 1395 ι’
552 1340 638 1418 φυλῶν
653 1341 716 1417 παρ’
730 1336 883 1411 Ἀθηναίοις.

645 1444 691 1504 Aa.

312 1515 439 1577 'Rutilius
450 1522 486 1589 11,
501 1539 518 1577 n
539 1522 702 1579 :Ailoeosr‘s
716 1524 753 1575 Iu
768 1520 818 1574 lroc
831 1520 972 1577 schemate
984 1524 1054 1576 diui·

249 1606 251 1610 ⁴
281 1614 320 1663 sio
332 1622 362 1663 et
374 1614 516 1680 separatio
530 1620 571 1662 est
574 1627 758 1683 personarum
773 1621 824 1663 aut
842 1627 945 1675 rerum,
966 1623 994 1665 et
1009 1612 1056 1664 de·

278 1700 463 1764 monstratio,
474 1709 606 1770 quantuni
623 1703 776 1754 intersit...
790 1700 860 1752 Item
873 1700 1024 1772 Hyperidis
1044 1717 1052 1753 .·

281 1810 293 1835 a
311 1789 375 1841 Non
390 1790 462 1839 enim
475 1787 567 1839 simite
581 1798 624 1840 est
635 1789 719 1840 sisere
735 1791 764 1839 iu
776 1804 860 1858 aequo
873 1792 983 1842 ciuitate
992 1827 1000 1855 ,
1010 1790 1057 1842 nbi

267 1871 321 1945 jus
340 1871 564 1945 legionensium,
593 1886 623 1928 et
634 1874 761 1928 devenire
780 1876 830 1929 sub
849 1881 930 1930 unius
943 1881 1057 1943 tyranni

278 1967 439 2035 imperium,
459 1963 507 2016 ribi
519 1964 672 2032 siugrtluris
693 1962 780 2016 libido
798 1964 960 2019 dominetur.
1001 1964 1059 2018 Seu

278 2068 389 2105 necesse
398 2061 454 2116 est,
472 2060 522 2102 aut
533 2040 754 2121 legibusfretum
769 2055 927 2104 rnemiuisse
942 2053 1055 2106 Iiberta·

279 2145 325 2202 tis,
342 2150 392 2192 unt
404 2142 483 2191 nrum
491 2142 622 2209 potestati
634 2138 767 2192 traditum
782 2140 975 2210 quoticir'auoru
987 2157 1058 2193 com·

279 2239 403 2281 aremare
416 2230 579 2281 servitutem.
596 2248 607 2273 ι

318 2400 435 2454 Photius
451 2402 517 2455 Lex.
536 2417 542 2453 :
562 2423 573 2448 s
590 2395 687 2475 Ὀρθῆς
699 2394 726 2455 δὲ
741 2402 787 2469 τῆς
801 2395 902 2464 acheon
915 2396 994 2469 οῦσης
1014 2397 1057 2456 ἐπὶ

280 2484 378 2549 τούτοις
388 2510 401 2536 s
417 2483 475 2541 ἀντὶ
483 2489 529 2541 τοῦ
541 2483 711 2560 κεκινημένης
722 2485 767 2543 καὶ
781 2484 964 2561 παροὸημίνης
972 2484 1053 2546 Ὑπε-

279 2572 363 2649 ρείδης
376 2571 471 2651 φησίν·
487 2573 587 2650 «ὀρθῆς
599 2572 621 2630 δ’
636 2577 698 2649 ἡμῖν
716 2575 763 2642 τῆς
782 2573 905 2651 πατρίδος
918 2573 1011 2645 οῦσης’
1026 2600 1055 2643 ιι,

279 2657 425 2737 Αἰσχίνης,
437 2657 494 2716 ἀντὶ
504 2663 548 2717 τοῦ
564 2660 677 2726 ἀπαθοῦς
688 2658 733 2718 καί
747 2660 880 2740 ἀκεραίου.

280 2791 353 2845 VIII.
371 2788 471 2845 IIATA
488 2787 784 2847 ΑΡΙΣΤΟΦΩΝΤΟΣ
799 2788 1054 2849 llAl‘ANOMIiN.

316 2893 474 2969 HyperIdes
496 2894 525 2947 in
545 2878 594 2952 ors
606 2910 659 2967 pro
673 2895 842 2967 Euxenippo
863 2890 878 2971 ᾖ
901 2914 939 2968 29
957 2911 965 2951 t
980 2892 1057 2959 Τίνες

275 2970 321 3036 οῦν
338 2978 447 3056 κίκρικα
461 2978 507 3036 καί
523 2981 558 3045 εἷς
572 2979 660 3055 ἀγῶνα
680 2977 848 3052 namurensi,
865 2978 1057 3057 Ἀριστοφῶντα

280 3066 321 3124 τὸν
341 3065 479 3142 Ἁζηνιία,
501 3064 527 3132 ir
553 3066 722 3144 ἰσχυρότατος
744 3067 771 3125 ἓν
793 3065 957 3146 αῇπολιτείρ
976 3065 1056 3145 γεγέ-

279 3178 366 3225 νηται.

640 3249 687 3311 lli.

318 3330 414 3388 Schol.
442 3330 566 3387 AEschin.
583 3348 627 3386 or.
653 3348 679 3387 1.
697 3330 714 3404 §
731 3330 797 3398 64:
825 3327 1059 3408 Κεκωμῴδηταιδ

279 3416 434 3497 Ἀριστοφῶν
447 3418 482 3482 ὡς
492 3413 557 3494 ὑπὲρ
571 3416 691 3494 Χαρητος
703 3420 794 3490 μισθοῦ
806 3415 889 3491 λέγων
901 3418 947 3474 καί
961 3419 996 3483 ὡς
1007 3438 1058 3473 πα·

280 3504 400 3581 ρανόμων
423 3503 525 3581 γραφὴν
547 3502 682 3583 πεφευγὼς
704 3502 750 3560 καί
773 3506 808 3568 ὣς
830 3503 1012 3582 στρατηγήσας
1032 3507 1059 3562 ἐν

282 3592 341 3673 Κέῳ
356 3596 400 3652 καί
415 3591 457 3650 διδ
472 3593 681 3673 φιλοχρηματίαν
699 3592 784 3650 πολλὰ
795 3595 866 3651 κακὰ
883 3595 1060 3670 ἐργασάμενος

278 3682 336 3745 τοὺς
352 3684 525 3751 ἐνοικοῦντας,
541 3682 580 3758 ἐρ’
591 3671 732 3759 ᾧγραρεὶς
744 3680 794 3739 orb
807 3677 961 3757 Ὑπερείδου
975 3702 1059 3760 παρα·

279 3769 364 3844 νόμων
379 3767 458 3827 ἑάλω.
474 3767 548 3838 Φησὶ
561 3769 583 3823 δ’
601 3768 675 3825 nisis
691 3765 846 3844 Ὑπερείδης
862 3767 907 3826 καὶ
921 3766 1059 3847 Ἀρδηττὸν

279 3856 451 3925 ἐπικληθῆναι
458 3848 499 3912 διδ
510 3854 539 3911 si
544 3852 668 3921 πολλάκις
677 3853 970 3931 αθτόθιίπιιιιρκηκίναι.
978 3854 1060 3913 Ἐπε·

279 3942 359 3999 diosas
373 3939 461 4016 μέντοι
474 3945 489 3998 θ
502 3939 658 4021 Ἀριστυρῶν
673 3940 695 4019 ρ’
709 3939 755 4011 ἔτη
767 3940 842 4019 παρὰ
856 3945 937 4015 μῆνα.

321 4028 456 4107 Γραριίς..
473 4026 542 4085 talo
553 4028 565 4106 ]
575 4028 669 4085 Deliis
682 4032 722 4084 ita
736 4031 920 4105 lIr'esslingius
931 4050 961 4107 p.
976 4038 1034 4106 σοι)
1048 4048 1057 4088 t

185 4156 189 4169 .
281 4143 293 4166 ι
314 4117 408 4190 Copiis
431 4114 643 4173 Atheniensium
666 4117 801 4172 ininsula
816 4117 874 4177 Ceo
887 4119 1061 4191 Aristophon

279 4206 375 4279 potuit
395 4222 512 4278 praesse
535 4223 594 4258 non
612 4205 665 4259 nisi
687 4205 748 4278 ipso
764 4205 831 4261 belli
857 4207 967 4261 socialis
987 4216 1060 4262 tem-

279 4308 351 4366 pore
364 4302 412 4346 ant
430 4292 510 4347 annis
528 4292 660 4365 proxirue
679 4293 853 4366 antegressis.
879 4292 1061 4350 Athenienses

650 4459 681 4507 to

311 4533 455 4596 Ναύκληρος.
471 4532 603 4594 Hyperides
616 4533 641 4582 In
652 4547 689 4583 or.
701 4534 731 4583 de
742 4533 892 4584 salsamentis
902 4535 947 4583 boc
960 4534 1058 4585 nomine

283 4617 312 4650 eo
326 4616 398 4652 sensu
416 4615 473 4651 osus
486 4607 525 4651 ost
538 4617 585 4665 ηιιο
598 4604 670 4666 vulgo
688 4604 815 4667 accipItur,
834 4606 874 4654 sed
892 4606 964 4655 etlam
983 4605 1013 4655 da
1031 4618 1060 4655 eo

283 4686 368 4723 vocem
380 4679 479 4734 usurpat
496 4673 538 4734 qui
552 4674 661 4724 macedo
682 4676 816 4727 conductus
831 4679 880 4735 est,
893 4677 922 4723 ut
933 4675 1060 4738 pensiones

281 4755 372 4791 annuas
386 4754 428 4803 pro
450 4742 533 4791 locatis
544 4742 655 4793 ‹IomIbus
671 4745 708 4794 vet
725 4745 810 4795 insutis
828 4744 938 4805 colligat,
952 4746 981 4795 ut
997 4745 1060 4795 idem

281 4815 361 4862 orator
374 4812 397 4860 in
410 4812 518 4861 oratione
529 4810 644 4863 advenas
654 4813 838 4877 Aristogitonem
854 4813 967 4866 mandit.

314 4977 401 5032 Olmie.
416 4976 545 5038 Hyperides
560 4978 584 5026 io
604 4903 769 5028 σκίδναται
783 4977 975 5042 Aristogitonem.
1007 4980 1060 5031 nun

282 5060 331 5096 uua
342 5060 356 5095 e
368 5049 451 5095 domm
465 5048 574 5098 tribubus
586 5047 774 5098 Atheniensium.

651 5137 690 5184 ts.

315 5230 328 5253 «
345 5215 517 5269 Quuimautem
527 5212 613 5261 civitas
623 5212 656 5261 ob
673 5215 725 5262 baec
740 5214 916 5277 exspectatione
927 5222 1007 5266 arecia
1023 5230 1060 5265 es·

276 5287 318 5333 „p
331 5300 360 5341 n,
374 5282 388 5327 i
406 5294 427 5329 e.
447 5286 566 5331 corninotu
584 5286 607 5331 et
625 5287 689 5333 metu
707 5295 836 5347 suspensa,
851 5284 983 5348 Iiyperides
994 5286 1058 5336 dinit.

979 485 1187 548 IIYl‘llllllllS

1101 623 1175 676 enirn
1197 630 1347 695 postquam
1376 639 1440 675 cum
1467 621 1630 676 abalienatis
1651 620 1732 675 sociis
1762 620 1790 674 in
1816 634 1878 693 gra-

1101 710 1168 763 tiam
1182 709 1344 778 redieruut,
1361 726 1476 783 operam
1499 709 1639 763 dederunt
1655 719 1688 762 ut
1709 707 1880 761 humanitate

1101 806 1129 849 et
1143 796 1261 859 lenitate¹
1272 798 1413 851 sociorum
1429 799 1537 851 animos
1554 797 1608 851 sibi
1622 796 1807 851 devincirent.
1823 797 1880 850 Ita-

1101 900 1155 955 que
1170 894 1199 937 et
1214 883 1275 958 lege
1297 895 1467 952 sanxerunt,
1487 903 1523 939 ne
1544 886 1606 957 quis
1619 885 1688 939 civis
1706 883 1880 938 AtheniensIs

1101 980 1181 1024 extra
1198 972 1315 1025 Atticam
1332 981 1434 1026 terram
1449 988 1532 1045 agros
1546 973 1666 1039 coleret,
1685 981 1713 1026 et
1727 971 1880 1026 cleruchias

1100 1054 1240 1111 ioederatis
1260 1058 1420 1113 civitathus
1436 1059 1536 1112 invisas
1553 1068 1582 1113 et
1602 1058 1774 1131 perniciosas
1792 1057 1881 1112 abro-

1100 1155 1211 1217 gerunt.
1237 1144 1271 1199 Id
1287 1144 1389 1200 Iactum
1404 1155 1446 1200 est
1458 1146 1504 1201 01.
1524 1163 1588 1214 τοο,
1604 1152 1633 1212 I.
1650 1144 1692 1202 CI.
1715 1143 1821 1201 boecm
1838 1146 1879 1199 De

1101 1249 1196 1290 oecon.
1213 1234 1268 1287 civ.
1285 1234 1385 1290 Athen.
1398 1234 1422 1302 1,
1438 1252 1468 1306 p.
1482 1238 1539 1307 449
1553 1250 1611 1306 sq.;
1623 1232 1745 1289 Diodor.
1760 1228 1819 1301 XV,
1832 1249 1879 1305 29.

1099 1318 1154 1373 Sed
1168 1339 1234 1374 mor
1246 1321 1276 1374 in
1287 1322 1435 1394 pristinam
1451 1318 1595 1374 licentiam
1608 1321 1710 1392 relapsi
1724 1316 1829 1374 vexare
1838 1337 1880 1373 so·

1100 1407 1157 1462 cias
1170 1408 1304 1477 civitates,
1318 1409 1466 1464 cleruchos
1476 1408 1629 1476 deducere,
1642 1408 1748 1462 tributa
1759 1407 1880 1480 exigere,

1099 1493 1184 1549 urbes
1201 1496 1337 1570 praesidiis
1355 1494 1476 1551 firmare.
1494 1497 1568 1551 Hinc
1591 1494 1743 1550 conflatum
1759 1505 1800 1549 est
1819 1494 1880 1549 bel·

1099 1581 1158 1635 lum
1181 1584 1286 1638 sociale
1307 1584 1352 1641 Ol.
1371 1582 1438 1650 105,
1463 1588 1491 1646 i.
1510 1582 1618 1654 Quodsi
1636 1583 1776 1639 AEschinis
1796 1582 1879 1636 scho-

1099 1668 1177 1724 liasta
1198 1670 1284 1726 reiert
1306 1683 1465 1726 accusatum
1479 1689 1537 1726 esse
1561 1671 1794 1746 Aristophontem
1812 1688 1881 1742 pro·

1099 1765 1213 1828 pterea,
1229 1756 1308 1830 quod
1323 1759 1392 1815 Ceos
1406 1760 1479 1813 male
1489 1768 1633 1813 tractasset
1651 1769 1679 1813 et
1692 1758 1731 1813 ob
1745 1758 1775 1812 id
1789 1759 1880 1832 ipsum

1099 1841 1259 1919 παρανόμων
1271 1843 1413 1915 judicium
1426 1846 1556 1913 subiisse,
1573 1846 1747 1901 credendum
1759 1856 1801 1901 est
1816 1846 1880 1901 Art-

1099 1934 1280 2008 stophontem
1293 1943 1401 1989 veteres
1421 1935 1486 1989 istas
1501 1935 1627 1988 mitiores
1647 1934 1721 2007 leges
1733 1935 1881 2008 migrasse,

1099 2022 1143 2075 vel
1158 2021 1242 2090 Ceos,
1258 2022 1307 2094 qui
1322 2022 1350 2076 in
1364 2019 1421 2077 fide
1435 2031 1640 2090 remanserant,
1653 2022 1717 2095 pari
1733 2031 1882 2076 contume-

1100 2108 1138 2163 lia
1151 2119 1280 2165 tractasse
1293 2119 1378 2181 atque
1390 2120 1496 2164 ceteras
1508 2109 1635 2163 civitates
1647 2108 1823 2181 rebellantes,
1835 2110 1881 2164 vel

1100 2196 1254 2268 pauefacti
1273 2197 1396 2251 noluisse
1414 2197 1509 2251 mitius
1523 2197 1674 2269 imperium
1694 2197 1723 2250 in
1735 2197 1880 2251 sociorum
1954 2235 1956 2239 ν

1100 2284 1261 2338 civitatibus
1272 2301 1413 2341 exercere.
1428 2283 1516 2342 Ceam
1531 2285 1607 2338 enim
1618 2284 1737 2339 insulam
1749 2284 1779 2337 in
1792 2283 1882 2340 Athe·

1100 2372 1236 2425 mensium
1249 2372 1370 2425 amicitia
1379 2372 1531 2445 perstitisse
1538 2370 1636 2427 videre
1643 2370 1709 2426 licet
1718 2389 1752 2426 ex
1758 2372 1881 2445 Lycurgi

1101 2459 1257 2525 Leocratia.
1279 2459 1368 2513 Alium
1384 2457 1526 2531 quandam
1539 2476 1653 2513 causam
1667 2475 1700 2511 ex
1716 2474 1772 2529 qua
1794 2476 1882 2531 παρα-

1100 2542 1185 2618 νόμων
1198 2547 1322 2602 renones
1331 2557 1520 2615 nascerentur,
1530 2545 1679 2601 Boeclrhius
1690 2546 1709 2600 l.
1722 2545 1739 2598 i.
1750 2545 1883 2618 pluribus

1099 2633 1245 2689 illustravit
1260 2635 1403 2708 exemplis.
1417 2633 1552 2688 Sciebant
1565 2634 1640 2689 enIm
1656 2632 1815 2710 παρανόμων
1830 2650 1883 2687 ac-

1101 2723 1211 2791 cusari,
1227 2724 1252 2777 si
1272 2723 1322 2797 qui
1340 2723 1489 2777 suasissent
1509 2730 1541 2776 ut
1556 2721 1685 2775 tenuiora
1705 2720 1811 2774 tributa
1831 2737 1883 2773 so·

1100 2809 1149 2864 ciis
1167 2810 1370 2885 iinogarentur.
1385 2809 1471 2864 Orata
1490 2819 1530 2863 ast
1548 2806 1635 2880 igitur
1648 2808 1756 2880 oratio,
1767 2807 1789 2861 si
1803 2816 1883 2861 recte

1099 2914 1162 2952 eam
1186 2898 1222 2952 ad
1242 2898 1348 2953 bellurn
1369 2895 1473 2951 sociale
1495 2895 1660 2966 retulimus,
1684 2911 1719 2948 eu
1743 2893 1883 2966 temporis

1099 2986 1191 3058 spatio
1208 2986 1288 3058 quod
1303 2985 1360 3041 iere
1378 2985 1422 3041 Ol.
1441 2981 1495 3039 105
1510 2992 1540 3037 et
1561 2981 1608 3039 01.
1628 2980 1725 3049 106‚3
1747 2991 1884 3053 tauquam

1101 3074 1226 3128 terminis
1239 3072 1486 3130 circumscribitur.
1507 3069 1637 3128 «Contra
1657 3068 1780 3124 llIeIerus
1797 3084 1883 3122 com·

1099 3168 1187 3215 ment.
1204 3158 1240 3213 de
1258 3159 1307 3212 vit.
1322 3159 1445 3232 Lycurgi
1458 3175 1490 3231 p.
1506 3155 1580 3214 CVII
1595 3157 1625 3210 in
1637 3156 1727 3214 schol.
1743 3153 1885 3211 AEschiuis

1100 3263 1200 3301 vocem
1214 3244 1373 3324 παρανόμων
1388 3257 1420 3301 ut
1433 3246 1504 3301 male
1517 3244 1756 3320 exsuperioribus
1774 3244 1885 3319 repeti-

1101 3342 1159 3386 tam
1174 3333 1326 3388 tollendam
1347 3351 1406 3388 esse
1425 3341 1537 3402 censet,
1553 3352 1642 3406 quum
1656 3333 1820 3409 probabilis·
1830 3351 1883 3389 ra-

1103 3421 1143 3474 tio
1162 3421 1317 3495 excogitari
1336 3431 1475 3493 nequeat,
1492 3437 1549 3493 qua
1565 3420 1740 3494 Aristophon
1760 3426 1886 3494 propter

1100 3507 1173 3562 mala
1187 3525 1249 3580 quae
1263 3508 1324 3563 Ceis
1342 3505 1498 3581 inflixerat,
1511 3506 1541 3560 in
1560 3504 1721 3582 παρανόμων
1740 3504 1884 3577 judicium

1100 3594 1197 3648 vocari
1208 3596 1341 3667 potuerit.
1354 3596 1494 3667 Sauppins
1508 3593 1631 3667 denique
1643 3594 1683 3647 ita
1693 3592 1779 3648 habet
1791 3612 1798 3645 t
1815 3618 1827 3641 ι
1839 3595 1885 3651 De

1101 3680 1187 3735 rebus
1196 3681 1405 3755 Aristophontis
1413 3691 1478 3755 post
1492 3681 1562 3737 alios
1571 3698 1663 3755 nuper
1675 3682 1885 3736 accuratissime

1101 3771 1231 3842 exposuit
1243 3772 1277 3826 A.
1290 3769 1411 3824 Schaeier
1430 3771 1460 3822 iu
1475 3768 1616 3843 Philologi
1626 3766 1885 3824 Schneidewiniani

1101 3854 1159 3909 vol.
1178 3855 1202 3924 l,
1217 3874 1247 3930 p.
1263 3855 1316 3926 187
1329 3874 1393 3930 sqq.
1409 3856 1464 3911 Sed
1474 3856 1553 3929 quod
1566 3856 1615 3911 Ille
1629 3873 1694 3910 cum
1709 3854 1884 3910 Boehneckio

1100 3960 1130 4015 p.
1145 3941 1199 3998 661
1212 3954 1240 3999 et
1252 3944 1421 4017 KiessIInglo
1433 3962 1462 4016 p.
1474 3943 1531 4000 250
1542 3943 1773 4018 Aristophontem
1786 3943 1886 4016 paullo

1100 4040 1166 4102 post
1183 4029 1289 4084 bellum
1311 4030 1414 4086 socIale
1428 4041 1590 4085 accusabam
1603 4048 1665 4086 esse
1680 4032 1717 4086 ab
1738 4030 1886 4105 Hyperide

1102 4117 1251 4189 existimat,
1267 4117 1297 4172 id
1310 4118 1404 4172 nescio
1417 4136 1476 4190 quo
1490 4117 1674 4174 fundamento
1688 4120 1806 4174 nitatur.
1823 4118 1885 4174 Ne-

1103 4225 1159 4279 que
1179 4207 1267 4281 magis
1287 4206 1359 4261 illud
1378 4207 1472 4281 probo
1488 4206 1567 4280 quod
1580 4206 1700 4264 Meierns
1721 4202 1885 4283 παρανόμων

1104 4295 1247 4350 actionem
1267 4294 1304 4350 ad
1322 4294 1396 4359 hanc
1414 4294 1572 4351 orationem
1595 4296 1739 4369 pertinere
1759 4295 1885 4368 negavit.

1105 4458 1229 4508 AEscirims
1245 4470 1322 4507 sero:
1337 4476 1350 4501 ι
1360 4460 1441 4515 Quum
1452 4461 1542 4522 patris,
1552 4457 1633 4509 adbuc
1647 4458 1717 4509 nobis
1731 4460 1853 4509 musta
1870 4477 1884 4502 ι

1106 4529 1123 4578 i.
1135 4542 1158 4579 e.
1167 4529 1233 4579 saiva
1247 4534 1270 4578 et
1286 4528 1422 4578 Incolumis.

1119 4632 1186 4681 vui.
1202 4632 1326 4682 muana
1343 4633 1609 4683 Antstoettorttatt
1627 4634 1670 4682 bu
1685 4631 1872 4682 ntsntsotto

1376 4711 1461 4760 natu
1476 4710 1613 4760 ROGA'I'O.

1473 4791 1512 4838 tt.

1135 4865 1278 4918 Traducitur
1286 4868 1432 4930 Aristopbon
1446 4868 1473 4915 ui
1487 4866 1528 4930 qni
1541 4870 1636 4929 accepta
1649 4864 1758 4915 mercede
1770 4876 1814 4927 pro
1826 4865 1888 4915 cba-

1104 4937 1250 4986 reinduerit
1262 4941 1286 4987 et
1302 4939 1363 4987 maie
1375 4936 1449 4999 rogati
1459 4936 1573 4999 ptebIsciti
1585 4935 1678 4986 actione
1691 4937 1715 4985 ib
1733 4935 1773 4996 lus
1787 4939 1888 4984 iocatus

1105 5007 1136 5056 sii
1156 5009 1181 5056 et
1196 5008 1315 5058 esercItus
1330 5008 1379 5056 dira
1397 5007 1422 5056 in
1438 5008 1488 5057 ceo
1504 5006 1537 5055 ob
1558 5006 1681 5055 avaritiam
1700 5006 1782 5055 multis
1797 5004 1888 5055 incolas

1105 5077 1173 5125 malls
1181 5077 1295 5138 atiecerit,
1308 5076 1341 5126 ob
1351 5075 1415 5139 quod
1429 5075 1460 5126 ab
1470 5076 1589 5137 Ityperide
1597 5089 1651 5126 reus
1663 5077 1740 5125 tactus
1751 5088 1836 5138 paru·
1845 5076 1887 5125 ab·

1105 5145 1217 5209 iuitqnin
1229 5160 1313 5196 mussa
1329 5146 1434 5196 caderet.
1451 5146 1657 5208 DIcitIIyperides
1672 5158 1729 5195 eum
1749 5147 1821 5196 etiam
1839 5149 1887 5194 Ar-

1105 5218 1198 5266 dettum
1212 5219 1404 5279 cognominatum
1419 5228 1472 5265 esse
1487 5217 1551 5278 quod
1564 5216 1652 5279 sceptus
1669 5216 1702 5265 Ibi
1719 5216 1887 5279 perjuraverit,

1106 5288 1218 5337 Ceterum
1228 5288 1285 5339 sita
1297 5288 1402 5350 captent
1417 5290 1609 5347 conmeantum,
1621 5299 1671 5336 uno
1685 5285 1783 5348 dempto
1795 5296 1878 5334 meuse
