3967 5967
230 472 286 523 att

591 584 639 645 51.

268 685 392 747 Suidas:
418 679 733 759 Σοσσημαίνεοθαι.
747 674 787 737 Ὃ
801 677 910 736 καλοῦσι
932 698 1013 734 κατα-

228 774 440 859 σρραγίσασθοι,
457 773 537 829 τοῦτο
549 770 574 825 οἱ
593 765 697 845 ῥήτορας
719 763 947 841 σνσσημαὶνεοθαι
964 763 1011 821 λά-

228 887 312 945 γονσι.
323 864 470 939 Λυκοῦργος
479 858 506 916 ίν
514 860 552 938 τῷ
561 855 623 934 περὶ
633 853 704 932 [τῆς]
716 854 839 930 ἱιριίαςι
850 849 919 911 ὥστε
928 874 1011 931 προσ-

227 946 384 1025 τιταγμὶνον
402 947 446 1005 ἐπὶ
457 943 625 1027 ψηρίσματος
634 940 735 1012 xcii-hv
747 939 843 1020 ἱίρειαν
860 939 1008 1016 συσσημαὶ·

227 1044 316 1097 νισθαι
330 1035 363 1097 ch
374 1034 555 1116 γραμματεῖα.
573 1030 653 1091 νΚαὶ
667 1028 802 1106 σύσσημον
813 1028 843 1088 τθ
853 1036 970 1104 σημεῖον.

595 1129 643 1192 52.

269 1230 430 1289 Priscianus
448 1228 560 1297 XVIII,
581 1225 618 1281 26
639 1245 670 1300 p.
698 1231 755 1291 ata
775 1222 874 1282 Krehl.
894 1242 901 1278 ι
925 1225 1013 1278 Attici

229 1316 291 1396 περὶ
305 1315 395 1381 τόσους
406 1314 452 1372 καί
471 1309 532 1389 περὶ
544 1309 638 1376 τόσοις.
664 1310 825 1386 Θεόπομπος
839 1308 1012 1369 Φιλιππικων

230 1402 252 1462 hi
262 1422 299 1456 ·«
323 1402 354 1460 rb
378 1401 425 1478 μὲν
450 1403 533 1477 μῆκος
554 1397 614 1475 περὶ
629 1397 825 1476 τεσσαράκοντα
852 1394 980 1460 σταδίους.
1001 1424 1011 1447 ι

232 1496 374 1567 Lyeurgus
388 1491 414 1548 is
432 1490 469 1568 τῷ
484 1486 545 1565 περὶ
556 1488 603 1557 τῆς
613 1486 719 1566 ἱερείας·
733 1488 769 1551 ῶς
782 1483 842 1562 περὶ
854 1483 950 1543 ιίκοοιν
970 1486 1013 1541 αἰν·

231 1581 354 1659 θρώποις.
378 1583 451 1636 Hinc
476 1582 572 1644 nostri,
597 1580 701 1648 uiginti
720 1594 836 1649 passus,
860 1584 889 1629 et
910 1578 1014 1649 viginti

228 1670 357 1743 passibus
368 1665 477 1724 aberat.
493 1662 536 1721 Cf.
551 1664 587 1719 θ.
603 1682 651 1737 90.

349 1760 433 1820 Vlla.
452 1758 544 1818 ΠΕΡΙ
565 1756 643 1816 ΤΗΣ
664 1755 895 1815 ΙΕΡΩΣΥΝΙΙΣ.

600 1853 649 1909 53.

272 1954 372 2011 Suidas
387 1972 394 2008 ε
412 1946 706 2029 Προχαριστήρια·
726 1945 812 2025 ἡμέρα
827 1947 853 2005 ἐν
870 1937 1013 2023 initeris

233 2044 303 2119 άρχῇ
318 2038 429 2113 πάντας,
450 2035 604 2115 ἀρχομένων
619 2038 727 2111 καρπῶν
748 2031 873 2111 φύεσθαι,
891 2031 1014 2110 λήγοντος

232 2127 284 2199 ἤδη
305 2131 352 2185 τοῦ
375 2128 522 2204 χειμῶνος,
547 2122 620 2181 ίθυον
642 2125 676 2200 τῇ
699 2120 805 2201 Ἀθηνᾷ·
827 2125 859 2200 τῇ
885 2119 912 2178 δί
938 2119 1012 2199 θυσίρ

235 2214 318 2292 ὄνομα
333 2209 561 2293 Προχαρισιηρια.
578 2212 726 2288 Λυκοῦργος
740 2210 766 2266 tu
781 2210 819 2286 τῷ
838 2207 899 2288 napi
912 2211 958 2277 τῆς
972 2209 1008 2264 ἱε-

235 2299 363 2379 ρωσύνης·
383 2299 454 2368 «τὴν
467 2297 549 2357 τοίνυν
570 2296 748 2378 ἀρχαιοτάτην
766 2294 855 2353 άνοδον
869 2299 916 2363 τῆς
936 2300 1011 2367 θεοῦ,

234 2390 421 2463 ὀνομασθεῖσαν
440 2385 467 2444 δὲ
486 2383 722 2465 Προχαριστήρια,
747 2382 789 2441 διθ
808 2381 855 2454 τὴν
868 2383 1014 2461 βλάστησιν

233 2481 285 2535 τῶν
297 2476 405 2553 καρπῶν
419 2475 472 2531 τῶν
484 2470 628 2551 ρυομίνων.
644 2496 655 2522 ν
669 2473 711 2526 ef.
725 2472 761 2529 θ.
777 2472 827 2528 60.

415 2561 495 2622 Vlll.
519 2559 621 2692 1(th
642 2557 833 2618 ΙΣΧΥΡΙΟΥ.

275 2737 465 2811 Harpocratio
481 2754 488 2790 :
507 2644 678 2812 Στρωόνίρ·
707 2734 855 2809 Λυκοῦργος
873 2729 944 2790 κατὰ
959 2729 1014 2790 Ἰσ-

234 2822 325 2901 χυρὶου
347 2824 449 2899 (Aiax.
465 2820 552 2877 codd.
568 2820 587 2893 ).
602 2816 646 2877 'l'd
665 2818 747 2895 μικρδι
762 2818 862 2876 δοκὶδια
879 2814 912 2875 τά
926 2817 1015 2875 ἐπάνω

234 2913 286 2969 τῶν
308 2908 450 2990 δοροδόκων
462 2906 585 2982 τιθίμινα
604 2910 755 2983 στρωτῆρας
769 2904 870 2980 nepot,
891 2902 928 2974 ῶς
949 2927 1014 2984 φησι

235 2998 358 3074 Δίδυμος.
373 2993 453 3058 Ἔστι
471 2992 585 3072 τοῦνομα
601 2993 649 3053 καί
666 2995 691 3052 tv
708 2990 884 3057 Βαθνλωνίοις
898 2992 1015 3072 ’liptana-

235 3108 340 3166 φαίνους’
382 3164 432 3224 ιιι.
455 3162 556 3222 uara
577 3159 859 3221 nnotxouoror.

276 3354 490 3428 Harpocratio:
515 3347 551 3409 ‘0
574 3253 705 3416 8i5iriir⁸oc
729 3348 816 3429 ῥήτωρ
838 3347 1015 3427 (Lycurgus)

236 3440 282 3496 καὶ
296 3440 323 3496 όν
337 3442 375 3517 τῷ
396 3436 464 3496 κατὰ
482 3434 661 3518 Κηφισοδότου
685 3435 750 3517 ρησὶ
772 3437 952 3515 κεχιλιῶσθαι.
969 3437 1014 3498 Cf.

236 3530 291 3603 leg.
312 3546 343 3584 ιι
367 3537 395 3583 et
416 3546 478 3600 quae
499 3525 655 3601 fragmento
674 3545 686 3581 ι
708 3527 896 3602 praemisimus
910 3524 946 3582 de
961 3528 1017 3600 Ly·

236 3615 317 3690 curgi
329 3616 491 3671 orationum
503 3632 635 3671 numero.

237 3712 274 3770 x.
300 3708 793 3855 Kpnmmffiiiffissm
815 3709 917 3769 ΠΡΟΣ
939 3708 1015 3768 ΚΟΙ-

277 3911 289 3936 ι
321 3883 547 3941 Croconidarum
579 3902 648 3959 gens
672 3884 806 3941 eleusinia
830 3882 901 3957 suit,
936 3883 1017 3956 cujus

269 4102 483 4190 Συσσημαὶνισθαι.
504 4127 544 4176 Sic
556 4053 664 4176 oraihiht
683 4131 778 4184 vocant,
792 4125 855 4188 quod
874 4127 915 4175 aiii
934 4126 1017 4178 dicuni

237 4198 479 4263 κατασφραγίσασθαι,
494 4196 510 4244 i.
526 4208 547 4245 t.
561 4195 705 4257 θθθὶθθανθ.
725 4197 849 4259 Lycurgus
868 4198 892 4246 iu
909 4199 1017 4248 otniionti

238 4273 269 4322 ιΙο
281 4270 405 4321 mcerdota
418 4281 425 4312 ε
443 4269 551 4324 «Quare
563 4266 705 4330 populiscitu
719 4271 818 4317 οιιιιιιιπ
829 4271 881 4331 aet,
895 4274 923 4320 nt
936 4282 1017 4320 sacer·

236 4343 282 4391 iios
294 4341 388 4392 unum
397 4339 516 4401 obderet.
529 4342 584 4389 stt
592 4337 732 4402 σύσσημον,
743 4338 847 4400 signum

265 4500 391 4579 ,Lyeurgus
407 4494 431 4544 in
446 4507 483 4544 or.
501 4493 533 4543 tle
553 4424 701 4544 nogion:
725 4512 738 4537 ι
760 4494 844 4554 virtuti
863 4493 957 4545 circiter
976 4495 1018 4544 ho·

239 4580 347 4617 'mm'
453 4636 522 4683 νιιι.
541 4635 581 4683 uu
600 4635 802 4684 sacennono.

608 4716 638 4762 53

956 447 1128 511 LYCURGI

1056 570 1210 639 auctorem*
1219 581 1377 639 Croconem
1396 582 1442 637 alii
1457 580 1637 657 Triptolemi·
1647 579 1749 656 filium,
1762 587 1841 644 Celei

1056 680 1203 744 nepotem,
1231 669 1278 725 alii
1301 668 1377 724 Celei
1404 686 1540 743 generum
1566 669 1649 725 luisse
1671 672 1837 732 narrabant.

1055 759 1149 828 Quare
1161 767 1256 832 partes
1269 755 1406 829 quasdam
1417 744 1477 831 ejus
1487 758 1578 830 gentis
1591 756 1674 814 fuisse
1688 760 1717 815 in
1730 760 1841 816 Cereris

1056 855 1084 899 et
1098 844 1272 920 Proserpinae
1284 845 1370 898 sacris
1385 843 1524 899 obeundis
1535 856 1648 900 nonest
1659 845 1841 918 quodmire·

1055 950 1130 989 mur.
1146 933 1211 1005 Quo
1225 930 1406 987 referendum
1426 949 1485 986 esse
1496 942 1568 1005 puto
1578 932 1633 1007 θη.
1651 932 1678 989 6,
1695 934 1769 989 Huic
1782 934 1841 990 diei

1056 1017 1126 1073 sesto
1140 1030 1254 1087 autem,
1269 1037 1327 1092 quo
1341 1018 1470 1073 Liberam
1480 1021 1650 1074 morientem
1667 1018 1790 1094 (Preller
1803 1021 1841 1077 de

1056 1106 1119 1161 Cer.
1134 1116 1162 1161 et
1174 1103 1254 1161 Peos
1267 1125 1296 1179 p.
1321 1101 1395 1181 rao)
1414 1106 1505 1161 valere
1523 1104 1674 1180 juberent,
1693 1117 1773 1180 patet
1791 1127 1841 1183 op-

1056 1194 1181 1264 positum
1194 1193 1278 1247 fuisse
1295 1192 1396 1261 illum,
1415 1210 1474 1265 quo
1492 1192 1573 1248 deam
1588 1210 1656 1248 vere
1668 1193 1841 1251 redeuntem

977 1309 995 1324 u
1056 1279 1225 1350 salutarent,
1237 1276 1459 1356 προχαριστήρια.
1471 1282 1565 1352 Quare
1576 1281 1680 1335 horum
1693 1299 1840 1337 sacrorum

1057 1369 1230 1424 mentionem
1244 1368 1427 1440 conjunctam
1445 1368 1529 1425 luisse
1539 1380 1568 1424 et
1579 1371 1738 1425 orationem
1749 1370 1838 1440 illam,

1058 1475 1142 1529 quam
1152 1455 1252 1512 Suidas
1265 1453 1326 1533 πιρί
1340 1457 1386 1525 τῆς
1404 1453 1546 1534 ἱερωσύνης
1570 1458 1736 1532 inscriptam
1751 1457 1836 1515 fuisse

1059 1545 1145 1613 dicit,
1159 1563 1217 1599 uon
1232 1544 1370 1601 diversam
1394 1563 1453 1601 esse
1465 1544 1589 1616 conjicio
1603 1545 1639 1600 ab
1654 1546 1708 1600 hac
1722 1546 1768 1600 vel
1782 1547 1839 1620 Ly-

1057 1634 1136 1706 curgi
1152 1632 1198 1687 vel
1221 1632 1325 1687 Philini
1347 1634 1477 1688 oratione
1501 1632 1536 1688 de
1561 1632 1788 1691 Croconidarum
1811 1644 1841 1688 et

1058 1719 1275 1793 Coeronidarum
1287 1723 1479 1778 contentione.
1491 1720 1710 1779 Coerouidarum
1724 1737 1793 1774 vero
1809 1731 1839 1774 et

1058 1810 1138 1881 origo
1151 1819 1180 1863 et
1193 1826 1297 1862 nomen
1311 1807 1446 1862 videntur
1460 1807 1549 1863 dubia
1570 1806 1667 1864 luisse.
1681 1808 1751 1863 Cum
1764 1808 1839 1861 enim

1058 1896 1104 1950 alii
1123 1899 1291 1963 Centonem,
1314 1895 1452 1951 Croconis
1472 1894 1604 1966 fratrem,
1629 1894 1795 1968 Triptolemi
1811 1892 1841 1948 fi·

1058 1982 1125 2037 lium
1153 1984 1296 2057 spurium,
1324 1985 1414 2057 gentis
1440 1987 1590 2040 auctorem
1619 1984 1704 2038 fuisse
1735 2001 1842 2056 eosque

1059 2070 1225 2125 CoemnIdas
1239 2071 1424 2145 appellandos
1436 2089 1495 2126 esse
1510 2081 1709 2139 autumarent,
1730 2072 1778 2126 alii
1792 2074 1838 2126 ri·

1059 2157 1165 2214 dentur
1177 2176 1226 2214 eos
1241 2160 1395 2213 Coronides
1417 2159 1557 2214 dicendos
1571 2176 1630 2215 esse
1645 2158 1838 2227 contendisse,

1059 2246 1196 2302 oriundos
1206 2246 1249 2303 rel
1263 2266 1278 2300 ιι
1292 2249 1419 2322 Dionyso
1435 2248 1562 2303 Theoeuo
1579 2258 1607 2303 et
1627 2247 1771 2303 Coronide
1784 2244 1838 2325 (cf.

1060 2336 1212 2407 Dionysius
1236 2333 1313 2407 apud
1346 2334 1440 2392 Tzetz.
1471 2335 1507 2391 ad
1535 2335 1719 2409 Lycophron.
1752 2340 1838 2405 ¹²47·

1058 2423 1225 2479 Fritaschius
1247 2424 1267 2478 l.
1286 2422 1344 2499 d),
1366 2424 1410 2478 vel
1429 2423 1465 2479 ab
1486 2424 1544 2479 alia
1568 2423 1712 2480 Coronide
1736 2421 1792 2497 (cf.
1806 2423 1839 2481 C.

1058 2511 1372 2569 omnitenentem.
1399 2529 1428 2584 p.
1455 2506 1541 2585 203).
1563 2512 1605 2565 lta
1625 2510 1745 2583 intelligi
1757 2527 1841 2583 posse

1058 2599 1206 2668 existimo,
1222 2617 1280 2671 quo
1297 2597 1499 2653 Theoeniorum
1512 2599 1750 2653 commemoratio
1769 2596 1840 2670 (θη

1060 2683 1116 2761 56)
1130 2697 1158 2741 et
1172 2697 1351 2759 oenoptarum
1368 2684 1434 2760 (θη.
1451 2685 1505 2757 58)
1519 2685 1699 2759 pertinuerit.
1713 2685 1842 2739 lireviter

1058 2773 1105 2828 hir
1123 2771 1231 2829 addere
1241 2774 1341 2841 liceat,
1362 2773 1441 2845 quod
1461 2773 1516 2827 alio
1531 2773 1598 2828 loco
1618 2774 1778 2827 accuratius
1793 2770 1841 2826 de·

1058 2859 1274 2914 monstrandum
1292 2860 1362 2930 erit,
1381 2857 1555 2914 Croconidas
1576 2857 1629 2913 sibi
1650 2858 1843 2931 principatum

1057 2946 1253 3002 vindicaturos
1275 2945 1492 3002 Coeronidarum
1521 2946 1661 3019 originem
1685 2963 1702 3000 a
1723 2945 1843 3001 Coerone

1058 3032 1277 3110 illo,C1oconis
1295 3034 1395 3102 fratre,
1412 3032 1571 3101 derivasse,
1588 3032 1754 3091 Coeronidas
1773 3050 1844 3087 vero

1059 3122 1102 3176 vel
1132 3121 1290 3180 Coronidas
1314 3120 1370 3176 hoc
1394 3138 1511 3195 negasse
1537 3130 1565 3174 et
1591 3122 1731 3194 originem
1762 3138 1843 3174 suam

1058 3209 1140 3263 aliam
1154 3226 1213 3263 esse
1225 3209 1313 3263 sacris
1327 3207 1515 3280 quibusdam,
1532 3224 1657 3281 quorum
1677 3225 1774 3261 curam
1790 3207 1842 3261 ha·

1059 3295 1169 3364 herent,
1181 3294 1328 3350 ostendere
1339 3294 1486 3349 studuisse.
1499 3295 1574 3350 Huic
1585 3295 1708 3349 orationi
1724 3294 1844 3369 opposi-

1059 3391 1115 3437 tam
1136 3382 1218 3438 t'uisse
1229 3380 1321 3436 videri
1334 3382 1467 3436 Dinarchi
1488 3381 1660 3457 Κροκωνιδῶν
1676 3380 1842 3436 διαδικασίαν

1058 3470 1171 3526 monuit
1183 3470 1217 3524 E.
1229 3468 1327 3528 Meier.
1343 3469 1378 3524 de
1392 3470 1433 3524 lit.
1449 3478 1499 3524 att.
1514 3488 1545 3545 p.
1560 3466 1626 3526 568.
1643 3493 1655 3518 ν
1673 3469 1820 3527 Sauaarus.

1308 3616 1314 3629 =
1426 3586 1472 3644 56.

1099 3711 1290 3783 Harpocratio
1306 3708 1389 3767 :Oto
1398 3705 1496 3765 ίνιον·
1510 3708 1658 3786 Λυκοῦργος
1672 3709 1698 3766 iv
1711 3708 1746 3786 τῇ
1759 3706 1841 3764 διαδι·

1058 3795 1139 3875 κασὶρ
1153 3796 1324 3874 Κροκωνιδῶν
1334 3795 1399 3875 πρὸς
1413 3794 1581 3872 Κοιρωνίδας.
1604 3794 1648 3853 Tl
1662 3795 1731 3853 κατὰ
1745 3792 1843 3868 δήμους

1059 3882 1182 3941 Διονύσια
1198 3880 1305 3942 Θεοίνια
1318 3881 1437 3961 ίλέγιτο,
1452 3885 1477 3941 ἓν
1493 3871 1529 3947 οἷς
1543 3884 1567 3961 οἱ
1580 3883 1704 3959 γεννῆται
1718 3880 1843 3939 ἐπέθυον·

1246 4050 1315 4099 tht.
1332 4049 1456 4099 CONTRA
1474 4048 1654 4101 lscllYltlAhl.

1091 4201 1206 4263 Στρωτήρ.
1225 4202 1346 4262 Lycurgus
1359 4128 1594 4260 mombischyriam.
1613 4202 1749 4263 Στρωτηρας
1763 4211 1842 4248 voca·

1063 4269 1121 4320 hant
1133 4269 1325 4332 tmbiculasquae
1340 4270 1411 4330 agnis
1431 4271 1560 4330 majoribus
1577 4283 1591 4320 a
1608 4273 1746 4319 transverso
1761 4268 1843 4331 impo-

1061 4345 1160 4401 nuntur,
1176 4346 1204 4389 ut
1215 4341 1249 4388 ait
1262 4340 1389 4402 Didymus.
1414 4343 1498 4391 Exuet
1512 4341 1577 4390 idem
1595 4353 1683 4391 nomeu
1698 4341 1723 4391 in
1741 4340 1842 4403 Babylo·

1062 4415 1108 4464 uiis
1122 4414 1295 4478 Aristophanis.

1224 4496 1267 4544 lv.
1285 4495 1408 4544 cottana
1424 4495 1677 4547 ctafflsooowu.

1062 4711 1086 4760 d.
1105 4644 1226 4703 Lycurgus
1249 4644 1275 4692 ia
1296 4656 1332 4692 or.
1361 4579 1655 4704 menisminorum
1685 4641 1843 4704 κιχιλιῶσθαι

1080 4712 1128 4760 icit.

272 4787 470 4853 ειροχαριστήρια.
494 4748 693 4851 einnonem,
717 4790 769 4839 αα
794 4803 841 4851 (ιιι
866 4789 1019 4851 magistratus
1085 4792 1114 4837 x.
1131 4791 1382 4841 cnocouioanuu
1399 4791 1465 4839 cun
1481 4791 1662 4842 cinnomus
1677 4790 1817 4840 conano·

239 4873 335 4919 ornnes,
348 4859 454 4920 frugibus
464 4859 632 4922 incipientibus
650 4859 732 4920 nasci,
752 4859 798 4908 sub
822 4859 909 4908 hiemis
929 4858 1018 4920 linem,

239 4930 352 4979 itinerare
363 4930 372 4989 (
383 4932 541 4991 Proserpina
547 4930 650 4992 potius)
662 4928 835 4977 mediabant.
855 4927 916 4977 ilulc
928 4929 1019 4977 saniss-

240 5000 278 5047 eio
294 5012 381 5048 ιιοιιιοιι
398 5001 450 5048 erat
471 4998 663 5048 Proctratisteria.
679 5001 799 5059 Lycurgus
818 4999 842 5047 iu
861 5000 969 5048 oratione
989 4999 1020 5047 da

1395 4862 1515 4911 VERSIA.

1095 4999 1209 5050 θιοίνιον.
1235 5001 1359 5065 Lycurgus
1382 5002 1407 5051 in
1424 4937 1586 5051 όόόιιοιιτοίο
1609 5000 1798 5051 croconidaruna
1817 5003 1843 5051 et

240 5068 394 5117 sacerdotio:
416 5086 428 5110 ι
442 5069 644 5131 Antiquissimum
668 5068 739 5130 igitur
761 5068 903 5117 muriciam
925 5074 1021 5131 propter
1064 5071 1255 5121 cturouiilarum.
1278 5066 1448 5131 bacchanalia,
1462 5084 1517 5134 quoe
1532 5071 1556 5119 in
1575 5069 1677 5133 siugulis
1695 5071 1761 5135 pagis
1779 5070 1842 5120 telo

241 5136 433 5198 heremitam,
451 5138 637 5188 Prooharisteria
655 5137 763 5198 dictant,
783 5138 815 5187 oh
837 5140 946 5188 noadiae
973 5140 1019 5188 ltu·

238 5221 286 5269 ια·
305 5225 317 5250 ³

1065 5142 1204 5201 brahmtur,
1227 5143 1316 5191 θεοίνια
1340 5142 1490 5203 dicebantur,
1514 5142 1537 5189 in
1559 5142 1647 5203 qulbus
1671 5143 1771 5205 gentiles
1791 5141 1844 5191 sive

1064 5215 1129 5263 cives
1138 5213 1167 5261 ad
1183 5224 1255 5262 uiuam
1267 5214 1416 5277 eandemque
1428 5215 1522 5274 gentem
1538 5213 1631 5274 (γένος)
1644 5219 1693 5275 pet
1706 5218 1790 5262 recatus
1802 5225 1842 5260 sa·
