3967 5967
681 441 764 502 xm.
789 442 879 503 ΠΕΡΙ
900 442 1134 504 mnsam
1668 461 1726 511 57⁵

124 571 218 642 δάσειή
228 575 279 635 τοῖς
291 571 472 643 ἀγωνιστικοῖς,
507 571 605 625 θύσωσὶ
619 571 645 624 δί
657 569 798 635 κάνταῦθα,
813 572 901 642 βουλό·
949 576 1151 644 τεσκευασμίνοι,
1170 575 1235 635 ὅπως
1251 574 1277 628 δὲ
1291 574 1315 626 οί
1332 579 1372 629 νῦν
1390 575 1584 649 μεγαλοπρεπεῖς
1600 578 1641 630 καί
1657 579 1729 649 θπερ-

124 674 197 725 μενος
213 656 330 719 συστῆσαι
343 650 388 717 τήν
403 650 539 720 εἰσήγησιν,
555 651 682 704 διαόάλλει
700 651 743 711 τάς
755 657 803 704 τῶν
817 651 902 707 ἀλλων
949 652 1087 715 θαλλούσας
1098 654 1164 716 τινάς
1175 660 1224 707 τῶν
1238 655 1363 725 δημοσίων
1384 655 1600 727 οἰκοδομημάτων.
1628 659 1674 711 ίίαί
1685 657 1730 724 τήν

123 732 231 803 ῥητόρων
244 731 410 792 πολιτείαςῶς
424 731 536 799 πονηράς.
571 730 617 782 Καὶ
628 730 687 800 δίχα
698 731 789 801 διαιρεῖ
797 730 840 783 τδν
849 731 903 801 περὶ
948 728 1029 782 αἰτίαν
1042 732 1209 800 προστίθησιν,
1225 734 1264 785 ότι
1282 733 1306 785 οί
1328 734 1371 804 μὲν
1386 734 1509 803 ίρείδοντο
1523 741 1571 787 τῶν
1589 742 1688 801 κοινῶν,
1706 738 1730 790 οί

121 810 221 873 ἐκείνων
233 810 319 881 λόγον·
332 808 364 870 εἰς
377 810 402 862 ἓν
415 808 457 880 μάν
470 809 508 862 ὅτι
520 809 575 879 περὶ
587 809 660 880 μικρά
674 810 716 862 καί
729 810 810 880 ραῦλα
823 812 903 864 διατι·
947 809 974 862 δὲ
985 809 1016 862 τίι
1028 814 1070 876 τῆς
1083 810 1178 873 πόλεως
1190 813 1357 882 νοσρίζονται,
1373 813 1413 865 διὰ
1426 814 1518 867 τούτων
1538 815 1637 868 ἔπαινον
1651 815 1731 888 όαυτῷ

122 889 193 942 λοῦσι
207 890 397 951 σπουδάζοντες,
412 884 445 948 εἰς
459 886 541 956 ἕτερον
551 887 578 939 δὲ
591 888 629 939 ότι
638 888 763 942 πεπείκασι
774 888 819 954 τὴν
831 889 902 943 πόλιν
948 891 1146 955 κατασκευάζων,
1157 891 1247 944 καθότι
1261 892 1361 961 ἄμεινον
1374 892 1472 946 ἐκείνων
1490 896 1674 965 πολιτευόμενος
1692 896 1731 949 ἀεί

123 970 230 1040 νομίζειν
243 968 268 1022 ίν
282 970 335 1028 τοῖς
348 965 510 1035 δικαστηρίοις
523 963 568 1030 τήν
582 966 703 1036 σωτηρίαν
718 969 761 1031 τῆς
778 967 903 1037 δημοκρα-
948 966 977 1019 τδ
989 972 1060 1039 κοινῇ
1074 970 1204 1039 συμρίρον,
1220 969 1247 1022 ού
1260 971 1288 1022 τδ
1304 969 1352 1041 ἰδία
1365 973 1497 1042 κερδαίνειν
1511 973 1567 1042 όρᾷ.
1603 972 1668 1027 Εἶτα
1677 976 1732 1028 τού·

122 1049 174 1111 τίας
185 1046 259 1101 εἶναι.
296 1042 371 1100 Οθτοι
382 1044 408 1098 δὲ
419 1040 480 1111 ήσαν
494 1044 518 1097 οί
530 1046 581 1107 τοῖς
591 1043 699 1114 εὐπόροις
710 1045 904 1108 ἐπιόουλεύοντες
948 1066 998 1099 των
1016 1047 1234 1120 ἀπαλλαττόμενος
1254 1049 1476 1119 ἀνακεφαλαιοῦται
1496 1050 1543 1104 ἀπδ
1557 1056 1600 1105 τοῦ
1620 1053 1730 1120 ἐνδόξου,

122 1126 164 1181 καί
175 1127 217 1189 τάς
225 1127 307 1188 ούσίας
315 1125 393 1179 αύτῶν
405 1124 550 1195 δημεύεσθαι
561 1126 790 1194 παρασκευάζοντες,
800 1126 902 1179 Τούτων
948 1127 986 1179 ὅτι
995 1129 1083 1196 πρέπον
1094 1125 1224 1193 Ἀθηναίοις
1235 1128 1328 1197 ἄρχειν·
1344 1127 1391 1181 ἀπδ
1403 1133 1446 1181 τοῦ
1456 1128 1569 1200 αἰσχροῦ,
1581 1132 1619 1182 ότι
1628 1130 1732 1202 αἰσχρδν

122 1206 149 1259 δὲ
164 1206 277 1261 ἀπάντων
291 1204 459 1276 κατηγορήσας
474 1203 536 1274 [ὡς]
548 1209 626 1265 κακῶς
638 1204 833 1275 πολιτευομένων
848 1224 903 1258 ουν-
947 1207 1062 1276 προέσθαι
1072 1208 1128 1269 τοδς
1142 1208 1226 1278 φίλους
1236 1207 1278 1259 καὶ
1289 1206 1344 1268 τούς
1358 1207 1514 1277 συμμάχους·
1536 1207 1584 1261 άπδ
1597 1213 1641 1261 τοῦ
1654 1209 1733 1281 ἀναγ-

124 1287 204 1353 ίστησι
219 1282 263 1351 τήν
287 1283 372 1338 ίαυτοῦ
386 1281 521 1346 πολιτείαν,
534 1282 576 1335 καί
587 1283 642 1353 περὶ
655 1280 747 1336 οἷσκαὶ
756 1284 810 1336 τίνα
821 1284 905 1338 ἐσπού-
951 1285 1031 1349 καίου,
1052 1286 1090 1338 ότι
1104 1284 1152 1355 οθχ
1165 1282 1219 1338 οἷόν
1235 1305 1260 1338 τε
1277 1288 1455 1357 προεστηκότας
1471 1291 1518 1337 τῶν
1532 1283 1661 1353 Ἐλλήνων
1677 1287 1733 1341 ἀνα·

123 1365 195 1417 δακεν
220 1363 304 1428 αύτδς,
328 1364 366 1416 δτι
390 1361 444 1431 περί
461 1360 577 1433 μεγάλων
604 1360 698 1414 ἀκούειν
721 1363 839 1424 συνεθίζει
860 1362 903 1416 τδν
948 1367 1039 1435 χωρεῖν
1054 1369 1097 1431 τῆς
1112 1365 1211 1428 τάξεως·
1231 1365 1279 1420 ἀπδ
1292 1370 1335 1420 τοῦ
1350 1366 1474 1430 ἐναντίου,
1490 1368 1528 1419 ότι
1541 1365 1613 1437 ήμεῖς
1631 1373 1674 1422 τοῦ
1687 1389 1731 1422 κα-

122 1444 214 1514 δῆμον,
227 1440 339 1504 συνιστὰς
351 1440 392 1493 διά
405 1440 497 1493 τούτων
512 1440 551 1493 ὅτι
565 1440 638 1511 μόνος
651 1440 692 1493 καί
707 1440 813 1511 μάλιστα
831 1440 903 1495 πολι·
948 1441 1007 1504 λούς
1020 1442 1061 1494 καί
1072 1444 1191 1513 πονηρούς
1204 1443 1269 1497 εἶναι
1278 1445 1332 1506 τοδς
1345 1443 1544 1515 πολιτευομένους
1554 1443 1638 1510 αίτιοι,
1649 1446 1731 1517 λέγειν

122 1522 252 1592 τευόμενος
271 1519 342 1582 αύτδς
354 1520 485 1590 τυγχάνει,
505 1520 570 1589 τάχα
583 1520 642 1589 πρδς
660 1520 704 1571 τδν
719 1519 844 1573 Εύόουλον
863 1520 903 1573 διδ
949 1517 1035 1581 αύτούς
1055 1518 1083 1573 εδ
1101 1522 1161 1590 πρδς
1178 1519 1269 1587 ἡδονὴν
1288 1522 1461 1582 συνεθίζοντες.
1503 1520 1546 1584 Ὣς
1560 1522 1587 1575 δὲ
1606 1526 1732 1595 συντόμως

123 1600 216 1655 τούτων
231 1600 418 1670 ἀποτεινόμενος
430 1598 471 1650 καί
484 1594 529 1663 τήν
545 1597 630 1650 ἑαυτοῦ
651 1598 776 1652 πολιτείαν
790 1599 848 1669 πρδς
859 1598 903 1666 τὴν
948 1596 1036 1663 εἰπεῖν,
1051 1596 1164 1669 τριμερὴς
1180 1598 1262 1670 όπερί
1278 1599 1411 1662 συντάξεως
1429 1600 1513 1671 λόγος,
1529 1601 1592 1654 κατά
1606 1600 1651 1668 τήν
1666 1607 1732 1674 πρού-

123 1682 215 1736 ἰκείνου
230 1680 364 1752 συγκρίνων
376 1678 417 1731 καί
426 1677 518 1738 δεικνύς
528 1676 659 1746 πολλῷτῶ
671 1678 737 1747 μέσῳ
747 1678 903 1747 διαφέρουσαν
948 1694 992 1744 την
1007 1683 1055 1730 τῶν
1071 1684 1148 1748 μερῶν
1161 1679 1250 1748 τομήν.
1289 1679 1336 1731 Καὶ
1350 1681 1377 1732 ἓν
1392 1679 1435 1749 μὲν
1450 1679 1524 1733 αύτοῦ
1543 1684 1614 1752 μέρος
1625 1682 1677 1736 ἔστί
1688 1703 1732 1736 πε-

124 1759 170 1827 τὴν
187 1759 285 1813 ίαυτοῦ·
303 1758 345 1812 καὶ
364 1757 392 1810 ού
406 1757 465 1828 πρὸς
478 1756 520 1811 τὸν
542 1754 667 1807 Εόόουλσυ
683 1756 769 1826 μόνον,
785 1755 904 1810 ἀλλὰκαὶ
948 1754 1067 1824 ριεκτυίον
1081 1759 1125 1807 τοῦ
1139 1758 1313 1827 συμφέροντος·
1331 1756 1356 1809 ἔν
1374 1754 1396 1828 ᾧ
1411 1761 1517 1812 ποιεῖται
1531 1758 1659 1829 εἰσήγησιν
1675 1762 1732 1832 περὶ

122 1841 182 1911 πρὸς
193 1841 300 1901 ἅπαντας
311 1840 366 1891 δσοι
376 1836 421 1903 τήν
433 1834 508 1901 αύτὴν
518 1835 603 1905 ἐκείνῳ
620 1834 745 1888 πολιτείαν
760 1834 903 1907 ἀνήρηνται.
949 1836 992 1886 τοῦ
1006 1834 1108 1905 δύναμιν
1131 1838 1356 1908 κατασκευάσαιτῇ
1378 1837 1459 1891 πόλει.
1500 1835 1543 1890 Ἐν
1563 1839 1590 1892 δὲ
1610 1840 1733 1912 τούτῳτί)

124 1917 189 1972 Εἴτε
199 1918 241 1971 καί
252 1915 296 1982 τὴν
308 1916 387 1969 αἰτίαν
399 1915 543 1985 προστίθησι
561 1914 592 1966 δι’
608 1915 637 1981 ἣν
653 1912 742 1967 ίκεῖνοι
760 1914 802 1984 μὲν
817 1919 904 1968 τοῦτον
950 1911 994 1983 μὲν
1009 1914 1129 1984 συμρὲρον
1140 1914 1217 1985 ραμίν
1232 1913 1297 1967 εἶναι
1309 1915 1337 1968 τδ
1348 1916 1546 1987 προηγούμενον,
1556 1922 1732 1989 περιεχόμενον

123 1996 167 2050 τδν
185 1997 286 2066 τρόπον,
301 1995 373 2056 αθτδς
390 1992 416 2046 δί
429 1991 457 2044 ού
471 1993 514 2046 τθν
534 1991 607 2045 αύτδν
623 1993 784 2047 πολιτεύεται.
823 1994 905 2048 Ταῦτα
948 1989 975 2044 δὲ
988 1990 1017 2043 τδ
1030 1992 1143 2044 δυνατόν.
1180 1992 1296 2063 Δεύτερον
1311 1994 1382 2063 μίρος
1396 1992 1448 2047 ἐστὶ
1461 1994 1594 2062 τοῦλόγου
1612 1999 1732 2067 παρίκόα-

123 2074 151 2128 δά
164 2076 193 2127 ἀν
206 2072 243 2140 είη
253 2074 365 2134 σύστασις
374 2072 515 2137 ποιότητος,
528 2071 544 2137 ἢ
557 2072 682 2142 θεωρεῖται
696 2072 750 2142 περί
760 2071 789 2125 τό
800 2073 902 2128 δίκαιον,
948 2088 984 2131 σις
998 2070 1027 2123 τδ
1038 2071 1131 2123 δίκαιον
1144 2072 1299 2142 περιέχουσα,
1312 2071 1338 2125 ίν
1352 2069 1373 2144 ᾧ
1386 2074 1472 2144 μέμψις
1482 2074 1524 2126 καί
1537 2076 1672 2146 κατηγορία
1683 2083 1732 2129 τῶν

123 2153 167 2205 Διδ
178 2154 345 2223 προσποιεῖται
357 2153 433 2203 ταῦτα
445 2149 526 2220 λέγειν
543 2149 700 2219 χαλεπαίνων
714 2150 755 2203 καί
768 2149 905 2222 ἀχθόμενος
948 2153 1027 2210 κακῶς
1039 2149 1234 2221 πολιτευομένων
1249 2149 1370 2221 ῥητόρων,
1389 2153 1427 2204 δτι
1439 2152 1587 2213 συνεθίζουσι
1599 2151 1644 2218 τὴν
1660 2153 1732 2207 πόλιν

123 2232 162 2284 δτι
184 2231 308 2297 νενίκηκεν
329 2225 473 2295 ἀλυσιτελής
493 2227 616 2280 ίίθύούλου
636 2232 739 2299 γνώμη,
756 2230 855 2282 διδοῦσα
873 2231 904 2283 τά
949 2224 1034 2296 ἀργεῖν
1052 2228 1093 2280 καί
1109 2228 1140 2281 τὰ
1151 2228 1180 2281 ού
1193 2230 1280 2282 δέοντα
1290 2230 1414 2300 πράττειν,
1430 2228 1496 2282 ἀλλά
1509 2229 1583 2293 ξένοις
1600 2231 1733 2303 ἐπιτρέπειν

123 2311 194 2366 κοινά
207 2310 325 2383 τῷδήμῳ
336 2308 486 2378 σχολάζοντι
500 2309 541 2360 καί
562 2306 594 2368 εἰς
606 2307 724 2379 ῥᾳθυμίαν
739 2306 903 2379 ίκκειλουμίνη
948 2307 989 2359 καί
1000 2311 1147 2378 στρατηγοῖς
1156 2307 1250 2379 ὀλίγοις
1263 2314 1312 2361 τῶν
1325 2310 1476 2380 πραγμάτων
1491 2309 1522 2362 τίι
1534 2309 1731 2381 ἀναγκαιότατα,

123 2391 231 2463 μα’λλον.
269 2388 343 2441 Ὅθεν
357 2388 399 2439 καί
414 2386 429 2453 ὴ
446 2386 594 2449 ἀντεξέτασις
609 2386 678 2458 ἒτίρα
693 2388 787 2459 γίνεται
800 2391 842 2454 τῆς
855 2394 904 2441 τῶν
947 2385 989 2437 καὶ
1002 2387 1056 2440 δίον
1070 2389 1216 2457 προεστάναι
1227 2392 1275 2440 τῶν
1294 2385 1423 2455 Ἑλλήνων
1437 2387 1482 2454 τήν
1497 2388 1569 2443 πόλιν
1585 2389 1729 2443 κωλύουσιν·

122 2470 250 2540 προγόνων
262 2467 394 2531 πολιτείας,
407 2467 437 2533 ἢν
452 2466 554 2538 διῴκουν
568 2464 748 2536 ἀνδρεςάγαθιί
759 2465 811 2529 οἶος
822 2466 902 2531 αύτδς,
948 2462 973 2518 ἰν
985 2460 1007 2536 ᾧ
1018 2466 1059 2517 καὶ
1069 2464 1231 2528 ἀντεξετάσιις
1242 2470 1285 2534 τῆς
1298 2466 1384 2520 ἑαυτοῦ
1398 2467 1521 2530 πολιτείας
1538 2469 1598 2537 πρὸς
1611 2467 1655 2534 τὴν
1669 2468 1732 2522 ἐκεί-

122 2548 165 2600 καί
177 2552 220 2615 τῆς
233 2548 286 2601 νυνί
298 2545 486 2611 καθεστηκυίας,
502 2544 535 2606 είς
548 2542 590 2597 οία
604 2544 629 2596 οἱ
645 2546 851 2616 δημαγωγοῦντες
864 2546 904 2600 ἐπὶ
949 2564 998 2597 νων
1019 2545 1155 2616 εἰσήγησιν
1173 2547 1243 2599 ἀκαί
1261 2548 1470 2600 κατασκευαστικά
1483 2550 1601 2618 τυγχάνει
1618 2552 1662 2600 τοῦ
1680 2550 1732 2601 δεῖν

122 2628 166 2678 τοῦ
177 2626 296 2695 παρόντος
305 2622 431 2693 προήχασι
447 2620 491 2688 τὴν
506 2621 588 2676 πόλιν.
626 2622 733 2685 Εἰκότως
746 2623 772 2676 δὲ
789 2624 904 2686 πλεῖστος
952 2625 1079 2692 πεισθῆναι
1093 2622 1131 2687 οἷς
1150 2625 1221 2687 αύτδς
1237 2625 1389 2696 εἰσηγεῖται,
1410 2627 1477 2680 ἀλλά
1501 2626 1534 2699 μὴ
1550 2623 1587 2690 οίς
1606 2627 1676 2680 αύτοί
1691 2627 1732 2682 λε’·

123 2701 205 2772 όπερί
218 2701 310 2754 τούτων
324 2699 414 2769 λόγος·
428 2698 510 2767 ἐπειδὴ
520 2701 567 2771 γάρ
577 2700 624 2770 όρᾷ
635 2699 677 2766 τήν
688 2701 812 2754 πολιτείαν
824 2722 905 2754 καινο·
948 2722 1027 2773 γουσι,
1066 2704 1133 2775 [Το]
1148 2705 1229 2774 τρίτον
1245 2706 1370 2775 μίροςτοῦ
1383 2705 1461 2776 λόγου
1479 2708 1577 2776 δευτίρα
1590 2707 1733 2776 παμίκόασις

123 2780 288 2850 τομουμίνην,
305 2775 404 2837 εἰκότως
428 2776 533 2830 πλεῖστα
552 2778 663 2847 περὶτῆς
683 2778 806 2840 πολιτείας
822 2779 903 2832 διαλί-
948 2780 1084 2852 περιεκτικὴ
1098 2786 1142 2835 τοῦ
1156 2785 1331 2854 συμφέροντος·
1348 2781 1462 2857 ίνῷτῆς
1472 2786 1593 2856 παρούσης
1609 2784 1734 2848 πολιτείας

124 2877 210 2929 γεται,
231 2860 262 2928 τῇ
284 2855 327 2927 μὲν
347 2854 461 2920 ίπαινῶν,
484 2860 516 2927 τῇ
535 2856 562 2909 δί
578 2858 747 2929 μεμφόμενος,
770 2859 905 2929 μονονουχὶ
949 2858 1098 2921 ἀντεξίπασιν
1109 2860 1168 2931 πρδς
1181 2859 1226 2927 τήν
1242 2861 1349 2914 παλαιάν
1360 2865 1481 2928 ποιεῖται,
1495 2862 1635 2925 ἀποδεικνύς
1645 2864 1734 2936 πολλῷ

123 2939 167 2991 τδν
191 2935 311 3007 Περικλέα
338 2935 495 3006 μιμούμενος.
533 2936 631 3006 Πρῶτος
654 2935 702 3007 γὰρ
725 2936 816 2999 ἐκεῖνος
836 2936 904 3001 ἔταξε
948 2939 1105 3009 διαφέρουσαν
1119 2938 1163 3006 τήν
1178 2939 1284 3013 ἀρχαίαν
1299 2944 1343 3006 τῆς
1355 2941 1407 2993 νυνί
1427 2942 1607 3008 καθεστηκυίας.
1643 2941 1732 2995 Καίτδ

124 3014 274 3086 μισθοφοράν
285 3014 326 3067 καί
338 3013 414 3067 ίδωκε
427 3019 463 3086 τῷ
478 3014 551 3086 δήμῳ
564 3017 764 3088 στρατευομένῳ·
781 3018 823 3069 καί
834 3016 904 3080 αύτδς
950 3016 992 3088 μὲν
1005 3024 1100 3088 πρῶτον
1115 3021 1185 3090 μέρος
1196 3018 1276 3081 καλῶς
1290 3018 1343 3089 ἔχει
1356 3019 1437 3091 λέγειν
1447 3020 1596 3090 περιεκτικόν
1611 3017 1676 3073 εἶναι
1688 3025 1733 3073 τοῦ

123 3094 150 3148 δί
165 3094 278 3165 βούλεται
290 3094 399 3157 διδόναι,
414 3092 456 3145 καί
468 3093 627 3165 προκαλεῖται
638 3097 750 3166 πράττειν
763 3097 778 3148 ἀ
791 3096 839 3149 δεῖ.
856 3098 904 3150 Δύο
949 3097 1081 3167 κεφαλαίου
1102 3101 1146 3164 τῆς
1165 3098 1329 3169 εἰσηγήσεως,
1349 3099 1378 3151 τί)
1398 3098 1424 3152 δί
1443 3099 1554 3170 δεύτερον
1573 3099 1730 3170 παρέκόαοιν,

123 3175 204 3227 τοίνυν
228 3171 287 3225 εἰσίν
309 3171 334 3224 ίν
349 3175 379 3244 τῇ
398 3173 543 3243 παρεκύάσει
562 3175 674 3244 μέγισται
695 3176 829 3245 συγκρίσεις
849 3175 904 3243 ήτοι
949 3177 990 3229 καὶ
1003 3177 1031 3229 τδ
1044 3179 1125 3247 τρίτον
1139 3178 1165 3231 δί
1177 3179 1218 3231 καί
1231 3177 1290 3231 αύτδ
1301 3178 1446 3248 παρίκόασιν
1460 3178 1503 3249 μὲν
1518 3178 1597 3243 εἰναι,
1612 3181 1733 3250 δισράρου-

123 3251 300 3317 ἀντεξετάσεις,
314 3252 358 3322 μία
372 3250 414 3323 μὲν
425 3255 468 3318 τῆς
485 3250 571 3305 ἑαυτοῦ
582 3252 705 3316 πολιτείας
717 3254 775 3324 πρδς
794 3253 838 3320 τήν
855 3262 903 3310 τῶν
948 3274 994 3308 σαν
1006 3254 1212 3329 δὲτῆςπροτέρας·
1222 3259 1285 3310 ὥστε
1292 3258 1335 3309 δύο
1346 3257 1504 3327 παρικόάσεις
1517 3258 1584 3328 ίχειν
1592 3259 1634 3311 τδν
1642 3259 1730 3325 λόγον,

123 3330 382 3402 ἀντιπολιτευομένων,
398 3329 466 3400 ίτίρα
486 3330 512 3383 δὲ
531 3334 574 3396 τῆς
589 3331 649 3399 δλης
667 3332 790 3394 πολιτείας
803 3337 848 3400 τῆς
862 3339 903 3388 νῦν
950 3336 1008 3406 μίαν
1025 3336 1068 3406 μὲν
1084 3335 1235 3407 πρακτικὴν
1251 3339 1294 3403 τῆς
1311 3336 1484 3399 ἀντεξετάσεως
1497 3344 1546 3391 τῶν
1558 3338 1731 3409 ἀντιδημαγω-

122 3411 181 3481 πρθς
193 3408 238 3476 τὴν
251 3410 336 3463 πάλαι.
374 3409 469 3477 Ταύτην
482 3409 508 3463 δί
521 3411 581 3480 δίχα
598 3412 702 3481 διαιρεῖ,
718 3410 751 3473 εἰς
762 3431 787 3465 τε
804 3413 846 3475 τὰς
861 3418 903 3467 νῦν
947 3412 1069 3483 γούντων,
1080 3414 1154 3467 αύτοῦ
1162 3434 1188 3468 τε
1198 3415 1265 3482 λέγω
1273 3416 1441 3487 Δημοσθένους
1449 3416 1491 3468 καί
1502 3422 1550 3469 τῶν
1556 3418 1615 3487 πρδς
1623 3416 1727 3483 ἐκεῖνον,

123 3490 295 3554 καθεστηκυίας
308 3487 380 3559 τιμάς
390 3494 438 3541 τιῖιν
451 3495 594 3560 στρατηγῶν
609 3490 651 3542 καί
664 3489 696 3552 εἰς
707 3490 750 3553 τάς
759 3497 807 3544 τῶν
819 3495 903 3563 προτί·
948 3493 1059 3563 δευτέραν
1076 3492 1102 3546 δὲ
1115 3497 1158 3559 τῆς
1171 3495 1344 3562 καθεστηκυίας
1354 3494 1480 3558 πολιτείας
1488 3496 1546 3566 πρδς
1561 3494 1605 3561 τήν
1624 3496 1732 3550 παλαιὰν

123 3584 182 3636 ρων.
204 3567 251 3617 Καὶ
264 3566 293 3620 τδ
306 3567 371 3618 ἀλλο
385 3564 451 3628 εἶδος
458 3571 502 3632 τῆς
514 3567 637 3630 πολιτείας
655 3568 719 3622 ἀπαν
737 3569 778 3621 καί
795 3569 854 3623 αθτδ
871 3570 904 3634 εἰς
948 3571 1073 3624 πολιτείαν
1089 3573 1120 3639 ἣν
1136 3573 1247 3646 διήρηιιε.
1283 3572 1320 3625 Τά
1340 3574 1469 3626 τελευταῖα
1482 3574 1508 3626 δὲ
1521 3578 1564 3626 τοῦ
1578 3574 1655 3645 λόγου
1672 3574 1732 3627 ἀνα-

123 3646 178 3715 τρία
188 3646 301 3717 διήρηκε,
317 3644 350 3707 εἰς
363 3644 392 3698 τδ
408 3645 490 3699 ιιοινδν
502 3649 545 3711 τῆς
555 3646 664 3712 πόλεως,
679 3646 732 3718 [εἰς
744 3649 775 3701 τὰ
788 3649 850 3701 κατά
859 3648 903 3716 τὴν
949 3649 1111 3719 κεραλαίωσιν
1126 3650 1179 3720 ἔχει
1190 3651 1387 3723 συντετμημένην
1402 3650 1435 3712 εἰς
1453 3652 1468 3703 ά
1486 3652 1533 3722 πρδ
1552 3652 1655 3722 βραχέος
1669 3653 1732 3704 διαι·

123 3723 195 3777 πόλιν
211 3723 273 3777 add.
284 3724 383 3791 Wolf„
394 3726 403 3795 ή
416 3724 449 3787 είς
460 3724 491 3777 τά
509 3724 559 3778 ίδια
570 3725 649 3778 αύτῶν
663 3733 713 3779 τῶν
727 3728 900 3799 δημαγωγῶν.
948 3732 1045 3797 ροῦντες
1058 3730 1100 3782 τδν
1114 3729 1191 3800 λόγον
1204 3732 1382 3801 κατετέμνομεν
1397 3730 1428 3783 τά
1438 3730 1733 3802 ἔπιχειρήματα,καταρι-

123 3803 207 3857 Πᾶσαν
221 3804 313 3868 τοίνυν,
331 3804 477 3876 ῶςίραμιν,
493 3802 674 3871 τὴνπολιτείαν
693 3805 842 3868 ἀντεξετάζει
859 3806 904 3874 τήν
949 3809 1082 3879 θμούμενοι
1105 3810 1147 3861 καί
1166 3808 1347 3872 ύποδεικνύντες
1367 3811 1423 3864 ὅθεν
1447 3809 1560 3877 εἴληπται
1581 3817 1629 3864 τῶν
1649 3812 1732 3865 τάττων

123 3889 171 3936 τῶν
186 3885 327 3955 προγόνων,
346 3883 388 3936 καί
404 3884 555 3956 πρῶτονμὲν
572 3885 615 3937 τδν
630 3884 703 3938 αύτδν
725 3886 814 3955 τρόπον
831 3887 903 3958 όνπερ
950 3887 1059 3949 ἕκαστος.
1074 3888 1154 3941 TCV.

123 3962 269 4035 ἀντῷκατά
282 3961 483 4034 Ἀριστοκράτους.
521 3962 676 4017 Τοῦτοδίτδ
689 3966 759 4035 μέρος
768 3964 852 4035 ἔχεται
861 3970 904 4018 τοῦ
987 3983 1050 4035 170,
1065 3972 1090 4021 δ,
1110 3967 1159 4019 ’ίδν
1175 3965 1557 4038 όπισθόδομον]οἰκοςόπισθεν
1575 3972 1618 4023 τοῦ
1631 3970 1678 4022 νεὼ
1689 3973 1733 4036 τῆς

122 4042 176 4113 περί
187 4048 235 4095 τῶν
247 4042 356 4113 ῥητόρων
369 4041 456 4112 λόγου.
493 4043 604 4095 Δείκνυσι
615 4043 661 4114 γάρ
680 4045 745 4105 όπως
758 4043 847 4097 ἐκεῖνοι
860 4045 903 4116 μὲν
952 4043 1064 4113 Ἀθηνᾶς,
1079 4044 1104 4099 ίν
1117 4043 1139 4117 ᾧ
1151 4045 1292 4099 ἀπετίθεντο
1306 4046 1336 4100 τά
1349 4047 1480 4119 χρήματα,
1493 4049 1508 4113 ἢ
1521 4047 1546 4100 ἀν
1560 4051 1592 4119 τῇ
1601 4047 1732 4118 ἀκροπόλει

122 4122 264 4191 συμμέτρως
277 4120 367 4193 ἀτίμων
378 4122 433 4183 τούς
446 4122 501 4175 τότε
513 4123 676 4193 στρατηγούς,
697 4124 762 4185 ὅπως
775 4123 801 4178 δί
815 4124 840 4177 οί
861 4129 902 4179 νῦν
948 4129 1037 4191 τόπος,
1061 4128 1121 4182 ἔνθα
1140 4128 1169 4182 τδ
1185 4130 1304 4199 δημόσιον
1322 4129 1437 4200 ἀργύριον
1459 4129 1570 4183 ἀπέκειτο
1590 4129 1632 4183 καί
1655 4129 1731 4200 δρό·

123 4199 309 4269 πολιτευόμενοι
321 4199 377 4262 τούς
392 4201 476 4272 [νυνί]
493 4203 658 4273 στρατηγούς,
675 4203 713 4255 δτι
728 4200 761 4275 μή
776 4206 902 4275 στρατεύε·
949 4227 999 4279 ρος.
1016 4211 1072 4262 FY.

123 4277 192 4343 ταιίγ
214 4278 299 4342 πόλις,
315 4279 402 4333 ούδένα
414 4282 471 4351 ὅρον
490 4281 546 4335 οθδδ
566 4284 652 4353 μέτρον
667 4283 804 4352 όρίζοντες,Ι
822 4284 860 4338 ἀεί
876 4285 903 4339 δὲ
987 4287 1050 4354 173,
1065 4291 1091 4338 6.
1110 4286 1253 4355 Πενέσταις]
1267 4286 1384 4339 ίίενῖσται
1397 4284 1462 4355 παρὰ
1476 4286 1609 4347 θετταλοῖς
1630 4286 1732 4340 καλοῦν·

123 4355 261 4425 προσύολίις
278 4360 449 4427 προστιθέντες.
479 4360 548 4414 Είδί
561 4362 575 4414 ό
589 4363 666 4433 δῆμος
679 4362 844 4434 ἐστρατεύετο,
859 4364 903 4418 οθκ
948 4385 1002 4429 ται,
1016 4368 1074 4435 ὅπερ
1087 4365 1152 4435 πκρά
1165 4367 1364 4435 Λακεδαιμονίοις
1377 4364 1402 4417 οί
1419 4363 1539 4426 Εἵλωτες·
1560 4365 1692 4417 καλοῦνται
1705 4364 1731 4418 δί

123 4436 153 4487 ἀν
174 4434 250 4496 οὕτως
270 4434 471 4505 ύπερόσλλόντως
489 4440 544 4501 τούς
561 4445 756 4512 στρατηγοῦντας
771 4440 900 4514 ἐθαύμαζε.
948 4445 990 4498 καὶ
1001 4444 1171 4497 θετταλίκται.
1188 4446 1287 4498 FYRP.

123 4513 193 4567 Μετά
206 4517 283 4566 ταῦτα
296 4512 336 4567 ίπί
345 4516 455 4585 δεύτερον
469 4518 538 4587 μέρος
548 4522 591 4584 τῆς
604 4517 677 4585 αθτῆς
687 4519 795 4590 ίρχεται,
808 4523 903 4593 σογκρί·
986 4525 1051 4594 173,
1074 4528 1115 4577 16.
1135 4524 1246 4593 Φθόρους
1260 4522 1416 4594 ἀνθρώπους]
1432 4522 1520 4592 ρθορσῖς
1531 4520 1618 4583 ἀξίους.
1632 4524 1684 4575 ΒΡ.

123 4612 172 4646 νων
182 4591 227 4659 τὴν
241 4597 365 4663 παροῦσαν
377 4594 504 4664 σύμπασαν
518 4600 549 4667 τῇ
562 4597 655 4668 παλαιᾷ
667 4600 792 4672 συμπάση.
811 4602 906 4673 Διαιρεῖ
987 4606 1054 4673 174,
1081 4619 1122 4671 17.
1146 4600 1221 4654 ’λλλά
1244 4600 1272 4667 νή
1291 4602 1521 4672 Δία]Σημείωσαι·
1540 4605 1617 4654 ταῦτα
1639 4599 1666 4654 ίκ
1686 4606 1730 4653 τοῦ

123 4673 149 4727 δὲ
160 4671 343 4739 τὴνπολιτείαν
356 4671 388 4734 είς
398 4675 462 4743 τρία,
474 4675 580 4746 καθάπερ
590 4674 615 4729 ἒν
625 4682 660 4749 τῷ
671 4678 745 4749 τρίτῳ
754 4685 802 4731 τῶν
818 4678 904 4734 Ὀλυν-
950 4680 1030 4751 τρίτου
1045 4685 1091 4733 τῶν
1108 4679 1286 4734 Ὀλυνθιακῶν.
1299 4682 1330 4736 Β.

123 4752 226 4804 θεατῶν·
252 4749 286 4813 είς
302 4751 332 4803 τδ
352 4750 414 4804 κατά
433 4752 488 4814 τούς
507 4752 647 4821 Ἕλληνας,
671 4757 736 4819 ὅπως
759 4757 801 4829 μὲν
823 4758 901 4813 αύτῶν
986 4764 1052 4825 ιαίγ,
1066 4778 1110 4815 ου.
1134 4758 1308 4832 Ἀκολούθους]
1322 4758 1512 4830 παραπλησίους.
1528 4759 1557 4810 Ρ.

122 4830 320 4901 προειστήκεισαν
338 4830 362 4883 οί
375 4834 506 4901 πρόγονοι,
521 4834 586 4894 όπως
596 4832 624 4885 δὲ
635 4833 659 4886 οἱ
680 4839 737 4886 νῦν·
755 4834 787 4896 είς
801 4835 829 4889 τδ
841 4839 902 4892 κατὰ
986 4846 1051 4908 176,
1066 4841 1111 4893 αδ.
1126 4839 1321 4910 ίίεπολίτευσθε]
1335 4839 1451 4899 ἀνενδεῶς
1463 4838 1604 4907 προίστητε.
1615 4835 1692 4888 ΤΥΡ.

123 4907 168 4975 τὴν
182 4910 265 4976 πόλιν,
280 4912 346 4972 όπιυς
355 4910 446 4965 ἐκεῖνοι
459 4909 502 4982 μὲν
516 4911 697 4983 οἰκοδομήμασι
709 4914 751 4967 καί
769 4915 839 4986 ἱερῶν
858 4937 902 4970 κα·
987 4926 1049 4987 176,
1065 4923 1109 4974 αθ.
1131 4920 1316 4991 Βουλομίνουςή
1331 4919 1386 4972 ἀντὶ
1399 4922 1442 4972 τοῦ
1458 4916 1602 4986 βούλεσθαι,
1617 4915 1633 4981 ἢ
1650 4913 1729 4968 λείπει

122 4992 249 5051 τασκευαῖς
259 4992 338 5043 πᾶσαν
358 4988 508 5061 ίκόσμησαν,
523 4990 585 5044 οἶδὲ
599 4995 641 5042 νῦν
659 4993 748 5062 κρήνας
761 4995 803 5047 καί
815 4996 903 5067 λήρους
948 5000 977 5051 τίν
990 4998 1063 5055 εἶναι.
1079 5000 1156 5055 BFY.
1607 5020 1618 5033 ·

123 5070 357 5131 κατασκευάζουσιν·
373 5068 405 5132 είς
416 5070 507 5140 τρίτον,
522 5071 654 5141 δπεριίχιι
670 5075 714 5125 τοῦ
727 5073 780 5143 βίου
793 5080 841 5127 τῶν
858 5096 901 5129 πο-

124 5145 287 5219 λιτευομένων
303 5148 464 5215 ἀντεξίτασιν,
481 5152 546 5214 ὅπως
564 5150 607 5223 μίν
620 5150 645 5204 ἐν
663 5154 714 5213 τοῖς
726 5151 794 5215 ἰδίοις
812 5153 901 5209 ίκεῖνοι

124 5227 216 5298 μίτριοι
229 5226 271 5279 καί
285 5229 412 5299 δημοτικοί
430 5229 473 5293 τάς
481 5230 558 5293 οἰκίας
574 5230 665 5302 ὁμοίως
682 5234 733 5293 τοῖς
748 5231 846 5302 ἀπόροις
861 5253 903 5286 κα·
