3967 5967
246 409 304 463 62²
781 404 923 467 ΣΧΟΑΙΑ
944 407 1007 468 ΕΙΣ
1027 406 1300 467 ΔΗΜΟΣΘΕΝΗΝ.

245 530 442 599 παραγράφεται,
454 529 479 593 ἐξ
488 527 524 583 ὧν
538 529 588 583 ἔδει
600 529 673 584 αιίτδν
683 536 832 599 ποιῆσαικαὶ
845 536 889 590 οθκ
900 536 1021 605 ἐποίησεν.
1067 541 1162 594 τελείαν
1185 539 1299 610 ἐργασίαν
1320 538 1453 601 ἐπεδείξατο
1475 538 1522 593 ἀπδ
1541 544 1585 593 τοῦ
1599 543 1728 611 χρώματος
1743 540 1850 613 ἀναρύσ-

243 610 324 663 ΛέίΤ.
1068 618 1137 680 σθαι,
1159 616 1216 668 ἀλλ’
1232 617 1259 670 οἰι
1278 619 1373 678 πάντως
1393 616 1452 669 αθτδ
1468 617 1497 669 τδ
1518 623 1608 687 χρῶμα
1626 620 1721 688 γίνεται
1737 622 1850 690 δευτέρου

281 688 346 755 374,
362 690 387 743 3.
409 686 575 758 Εἰσαγγιλίρ]
588 687 739 759 Εἰσαγγιλία
750 690 802 745 ἐστί
812 695 841 746 τδ
858 697 971 767 παρέχειν
988 697 1025 750 εύ-
1068 691 1176 761 “W-
1198 694 1271 756 Ἔθος
1287 694 1313 747 δέ
1325 695 1517 764 τῷΔημοσθένει
1530 694 1571 746 καὶ
1584 695 1630 765 πρὸ
1644 702 1692 748 τῶν
1702 695 1849 750 ἀντιθέσεων

244 765 315 826 θύνας
327 766 360 828 ῶς
372 765 431 835 ίιπέρ
443 766 595 829 καταλύσεως
608 772 652 820 τού
663 768 751 840 δήμου.
767 774 845 825 ΑΡΤ.
1067 771 1156 823 τιθέναι
1168 771 1237 824 λύσιν
1252 773 1293 824 καί
1303 772 1364 842 μετά
1376 772 1419 833 τάς
1432 770 1569 834 ἀντιθέσεις.
1589 773 1654 843 Ὅρα
1665 775 1770 844 γάρπῶς
1784 776 1852 827 ἀντι·

281 844 346 911 374,
372 845 413 897 13.
440 841 512 897 λλλά
531 846 617 907 πάντες
640 844 762 914 Ἀθηναῖοι
780 853 896 921 πρότερον
918 871 1024 925 κατηγο.
1067 868 1122 917 κρνς
1135 848 1202 911 λύσις
1216 849 1267 903 ἐστὶ
1276 855 1317 917 τῆς
1330 857 1379 903 τῶν
1393 851 1503 921 ἐλέγχων
1516 851 1674 914 ἀπαιτοῦντος
1683 852 1846 918 ἀπαιτήσεως.

243 926 312 991 ρούσι
326 923 469 994 Φιλίππου]
485 922 539 977 Ἵνα
546 923 580 995 μή
592 924 648 997 εέπη
661 944 705 989 τις,
718 926 872 999 ἀλλὰκαιρδς
883 930 927 983 ούκ
939 928 968 1001 ήν
980 936 1025 985 τοῦ
1071 924 1113 988 Ὧς
1126 926 1173 997 γάρ
1183 927 1299 998 Αἰσχίνου
1309 930 1365 991 τοὶνς
1377 931 1497 999 μάρτυρας
1508 928 1655 996 ἀπήντηκεν,
1670 930 1691 982 εἰ
1702 931 1744 1001 μέν
1755 933 1850 1001 μηδένα

245 1004 401 1072 κατηγορεῖν.
416 1004 500 1056 ch.
1069 1006 1142 1077 μηδέν
1157 1007 1248 1077 ἔχοντα
1262 1007 1362 1078 εἴχομεν
1374 1010 1450 1068 δεῖξαι
1465 1014 1514 1061 τῶν
1525 1010 1646 1078 πρέσύεων
1664 1009 1795 1081 εἰληράτα,
1810 1030 1850 1063 τι·

280 1082 346 1148 374,
365 1081 505 1152 ι5.Ἰδέερ]
524 1080 792 1155 Ἀσφαλῶςεῖπενίδίᾳ.
825 1085 967 1154 ’έίδίκηνται
976 1088 1024 1160 γάρ
1068 1083 1110 1145 νάς
1121 1089 1169 1136 τῶν
1184 1084 1284 1139 οἰκετῶν
1297 1086 1345 1139 ἔδει
1361 1087 1508 1155 βασανίζειν.
1545 1086 1705 1157 (λθγάρέάῆν
1722 1088 1850 1157 ἐλεύθερον

244 1167 314 1233 κοινῆ
328 1163 414 1225 πάντες
423 1163 447 1214 οί
460 1161 582 1228 Ἀθηναῖοι
595 1168 637 1216 νῦν
649 1164 705 1234 παρ’
720 1163 812 1230 αύτοῖι,
826 1166 856 1218 ού
871 1169 953 1238 μέντοι
965 1168 1023 1235 ἰδία,
1069 1163 1238 1231 βασανίζεσθαι
1251 1166 1319 1228 1⁶12,
1335 1164 1392 1217 ἀλλ’
1406 1165 1421 1230 ἦ
1435 1165 1537 1225 δνίλννς
1551 1169 1594 1231 τῆς
1606 1166 1701 1228 πόλεως
1718 1166 1734 1232 ἢ
1754 1166 1850 1227 θίνὲῐας

244 1238 311 1293 ἀλλὰ
324 1246 434 1310 γενικῶς.
450 1243 528 1295 ART.
1069 1240 1181 1295 ἰδιωτῶν.
1218 1242 1248 1294 Εἰ
1260 1244 1287 1299 δέ
1297 1244 1416 1296 δείκνυται
1427 1243 1582 1313 Φιλοκράτης
1593 1244 1707 1314 εἰληφὼς,
1722 1246 1807 1298 τούτου
1821 1246 1851 1298 δέ

283 1317 353 1390 Ἐγὼ
367 1319 393 1372 δέ
407 1319 526 1391 ἐκείνους]
538 1317 615 1382 Οὗτος
626 1321 667 1374 καί
685 1320 867 1392 ἰδίᾳάδικηθιίς
881 1326 932 1383 ούδ’
949 1327 1026 1390 οίίτως
1067 1320 1137 1389 φίλος
1153 1320 1287 1391 Αἰσχίνης,
1304 1321 1403 1392 εἴληφεν
1417 1323 1464 1394 ἄρα
1483 1324 1524 1375 καί
1539 1322 1599 1393 μετὰ
1619 1324 1785 1393 Φιλοκράτους
1806 1323 1850 1376 A?-

243 1399 384 1469 κατηγόρει.
398 1400 427 1452 Ρ.
1069 1399 1162 1467 σχίνης.
1204 1398 1302 1466 Ἐπειδὴ
1317 1400 1365 1471 γάρ
1376 1401 1417 1451 καί
1428 1401 1485 1455 αδτδ
1499 1408 1570 1455 τοῦτο
1580 1402 1740 1471 οτοχαστικδν
1753 1400 1849 1471 ἐγένετο

280 1477 347 1545 374,
365 1494 407 1546 17.
426 1476 499 1548 Ἐμοί
513 1476 556 1547 μίν
577 1477 720 1548 χρήσασθε]
735 1479 789 1533 Τῶν
803 1479 918 1536 ίσούντων
933 1484 1025 1536 διαλύει
1068 1475 1182 1546 ζήτημα.
1202 1476 1328 1546 εἰληφότος
1349 1477 1516 1548 Φιλοκράτους
1539 1479 1580 1531 καί
1599 1478 1715 1547 Αἰσχίνης
1734 1478 1847 1548 είληρεν,

244 1552 288 1619 τῆν
302 1555 431 1625 ἀρμονέαν.
468 1556 502 1609 Τδ
518 1555 566 1626 γάρ
578 1555 663 1623 ἠθικὸν
676 1556 720 1610 ούκ
740 1558 817 1613 ἐθέλει
828 1559 873 1626 τήν
886 1566 929 1629 τῆς
940 1562 1026 1625 λέξω,
1069 1551 1211 1623 ἰνδιατρίύει
1222 1560 1258 1625 τῷ
1271 1558 1336 1625 μέρει
1349 1557 1443 1628 τούτῳ,
1463 1557 1573 1619 συνιστὰς
1592 1557 1618 1611 ἐκ
1636 1563 1678 1623 τῆς
1691 1560 1754 1611 πάνυ
1767 1560 1851 1629 ριλίας

245 1632 375 1703 ιύρυθμίαν
389 1633 523 1688 ἐνδύεσθαι.
535 1637 617 1689 TCV.
1069 1634 1164 1699 καὶτῆς
1181 1634 1275 1700 πολλῆς
1289 1634 1437 1701 οἰκειότητος
1454 1634 1578 1705 εἰληρέναι
1596 1636 1638 1688 τδν
1656 1635 1790 1705 Αἰσχίνην·
1806 1636 1848 1688 καλ

281 1713 347 1779 374,
362 1729 405 1782 τ7.
419 1712 490 1784 Τρίς]
505 1712 560 1766 ἀντὶ
573 1714 755 1777 mmmm,
795 1717 924 1790 Ἐσῃρὰρ
937 1717 1026 1789 ἀρχαῖ’.
1069 1711 1193 1764 διάτούτο
1204 1711 1362 1766 καίἀπδτῶν
1375 1711 1491 1766 ἐναντέιυν
1505 1712 1617 1774 ἐξετάζει.
1654 1713 1689 1765 Ob
1711 1715 1786 1784 μόνον
1799 1714 1850 1786 γὰρ

244 1790 320 1861 σμδς,
337 1791 369 1852 ὡς
382 1789 446 1860 παρὰ
459 1796 497 1863 τῷ
510 1794 599 1863 ποιητῇ
610 1793 620 1860 (
630 1792 681 1846 Od.
699 1794 729 1858 5,
747 1794 818 1865 306)
834 1817 845 1845 ν
861 1797 910 1867 τρίς
922 1799 1027 1868 μάκαρες
1070 1790 1117 1844 ἀπδ
1132 1795 1174 1856 τῆς
1186 1791 1346 1858 οἰκειότητος,
1360 1791 1426 1843 ἀλλά
1436 1792 1477 1843 καί
1495 1790 1542 1844 άπδ
1555 1796 1599 1843 τοῦ
1613 1790 1665 1852 ἐξδν
1685 1793 1849 1862 διαμαρτυρά·

248 1890 259 1918 ε
273 1869 373 1922 Δαναοί.
387 1892 398 1917 ν
415 1870 494 1923 ΑέίΤ.
1071 1888 1143 1940 μενον
1151 1873 1193 1934 τῆς
1203 1870 1314 1932 τοιαύτης
1320 1870 1421 1940 ύποψέας
1429 1868 1501 1922 αύτδν
1510 1868 1685 1933 ἀπολύσασθαι,
1697 1870 1741 1923 οἰικ
1751 1870 1850 1937 ἐποίησε

282 1949 348 2016 375,
364 1966 389 2017 7.
407 1949 453 2000 έέαί
466 1949 522 2009 τούς
538 1947 581 2017 μέν
601 1947 703 2009 Φωκέας
719 1947 762 2002 ούκ
776 1949 897 2024 ἀπολεῖν]
914 1952 977 2024 Πρδς
991 1959 1027 2024 τῷ
1069 1952 1141 2000 τοῦτο
1159 1948 1298 2019 παρελθὼν,
1321 1950 1401 2001 καίτοι
1419 1948 1553 2008 καλοῦντος
1574 1946 1647 2000 αδτδν
1670 1952 1714 2000 τοῦ
1735 1948 1848 2018 ῥήτορος.

244 2025 279 2098 μῆ
296 2035 372 2082 σῶσαι
389 2029 490 2088 Φωκέας
506 2027 547 2079 καὶ
564 2024 683 2091 Θεσπιάς,
698 2027 731 2087 ὡς
749 2027 884 2099 ύπέσχετο,
900 2031 940 2083 καί
960 2032 1026 2084 ἄλλα
1069 2027 1139 2096 Δίγει
1158 2030 1230 2097 γοῦν,
1257 2026 1285 2079 οά
1305 2028 1387 2079 τοίνυν
1408 2026 1532 2096 παρῆλθεν
1549 2025 1665 2097 Αἰσχίνης
1685 2026 1736 2079 ούδ’
1758 2027 1849 2089 ίδειξεν

245 2104 371 2173 ἠδίκησαν.
408 2105 660 2176 Προσεξηνδρατύδισε
680 2106 728 2178 γάρ
748 2108 791 2163 τίν
809 2108 963 2181 Ὀρχομενὸν
985 2112 1027 2165 καὶ
1070 2105 1153 2169 αύτδν,
1167 2106 1202 2158 ἵν’
1213 2105 1255 2160 ἀπ’
1269 2106 1346 2176 ἀρχῆς
1356 2107 1415 2175 άγρι
1428 2106 1512 2167 τέλους
1522 2107 1622 2176 γίνηται
1637 2106 1667 2159 τά
1682 2106 1730 2159 ἀπὸ
1746 2113 1794 2159 τῶν
1808 2127 1850 2161 πε·

245 2182 290 2250 τῆν
303 2186 457 2254 Κορώνειαν,
470 2185 529 2253 ὅπερ
541 2183 613 2236 πάλιν
628 2187 739 2257 συνέφερε
748 2186 877 2255 θηύαέοις,
893 2188 973 2256 ἐπειδή
987 2186 1027 2241 αύ-
1069 2185 1213 2253 πραγμίνων
1229 2184 1271 2236 καί
1284 2184 1332 2237 ἀπὸ
1348 2190 1396 2236 τῶν
1410 2187 1569 2255 παρειμένων,
1583 2186 1621 2237 ὅτι
1635 2185 1743 2239 σύνεστιν
1758 2186 1797 2239 ἀεί
1813 2194 1851 2260 τῷ

247 2281 287 2315 ται
300 2260 361 2330 ήσαν
376 2263 454 2316 αύτῶν
467 2261 635 2332 ἀφεστηκυῖαν.
651 2268 685 2326 Α,
1070 2262 1226 2333 Φιλοκράτει.
1265 2262 1312 2314 ἰέαί
1325 2266 1398 2315 τοῦτο
1412 2263 1455 2333 μέν
1474 2263 1521 2317 ἀπδ
1532 2268 1580 2316 τῶν
1594 2266 1785 2334 πεπραγμένων·
1800 2265 1850 2319 ἀπὸ

283 2343 349 2412 375,
368 2358 409 2398 12.
425 2340 721 2413 Προσεέηνδραπόδισται]
737 2343 772 2397 Οδ
786 2342 834 2414 γάρ
849 2345 924 2414 μόνον
941 2347 1028 2415 φάσκει
1070 2339 1096 2393 δὲ
1106 2346 1154 2393 τῶν
1168 2340 1328 2410 παρειμένων,
1346 2342 1384 2393 δτι
1401 2340 1551 2411 καλούμενος
1563 2340 1611 2410 ούχ
1624 2341 1752 2406 ίιπήκουεν.
1790 2343 1849 2397 Εἶτ’

245 2417 281 2491 μὴ
293 2421 440 2491 γεγενῆσθαι
455 2418 613 2488 ἀύπέσχιτο,
627 2418 692 2471 ἀλλά
706 2420 747 2472 καί
759 2421 896 2491 προσθήκας
907 2421 1027 2492 ἀντεισάγει
1071 2416 1151 2483 ἐπειδὴ
1166 2419 1207 2470 καί
1221 2422 1293 2472 τοῦτο
1307 2420 1389 2472 κοινδν
1401 2415 1431 2485 ήν
1448 2449 1483 2461 -
1500 2419 1555 2472 ούδέ
1565 2419 1613 2490 γάρ
1628 2420 1704 2482 ἀλλος
1717 2421 1794 2483 οθδείς
1806 2442 1851 2474 κα·

246 2505 337 2562 κακῶν,
358 2497 396 2552 ἐπὶ
415 2497 457 2568 μὲν
473 2496 587 2563 Θηύαέων
600 2495 674 2549 εἰπὼν
686 2497 729 2562 τί),
747 2520 758 2547 ν
778 2499 874 2568 μείζους
888 2500 903 2565 ῆ
921 2504 1027 2570 προσῆκε
1070 2497 1234 2567 τεμαρτύρησε
1245 2497 1413 2567 Φιλοκράτους
1425 2528 1469 2563 -,
1485 2500 1537 2558 τοῖς
1552 2497 1594 2568 μέν
1606 2498 1691 2560 ἀλλοις
1699 2502 1850 2570 συγγνώμην

246 2577 386 2644 πεποίηκεν,
404 2598 414 2625 ν
429 2575 468 2628 ἰπί
479 2575 504 2628 δέ
515 2574 660 2628 θεσπιέων“
675 2574 827 2647 Ὀρχομινδν
837 2576 878 2629 καί
890 2577 1027 2648 Κορώνειαν
1072 2574 1140 2645 ἔχει,
1160 2575 1281 2645 Αἰσχίνην
1302 2575 1328 2629 δέ
1342 2575 1386 2629 οἰικ
1404 2576 1487 2647 ἀρίησι
1503 2580 1547 2629 τοῦ
1565 2575 1731 2646 ἐγκλήματος,
1755 2578 1849 2649 λέγων,

245 2657 285 2709 δτι
296 2655 492 2726 προσαπώλεσεν.
507 2655 588 2706 ch.
1073 2675 1085 2703 ν
1099 2655 1199 2708 καὶτῶν
1213 2655 1255 2725 μέν
1269 2655 1354 2708 ἀλλων
1371 2655 1466 2726 έκάστιμ
1479 2654 1531 2708 ἐστι
1544 2673 1578 2716 τις
1592 2656 1720 2724 πράρασις,
1733 2657 1812 2729 τούτῳ
1823 2658 1851 2712 δέ

283 2736 348 2803 375,
370 2750 413 2787 αι.
433 2731 631 2805 Ἐνδεικνύμενος
643 2735 694 2795 τοῖς
714 2733 844 2805 πρέσύεσι]
859 2734 921 2803 ὅλην
935 2734 1027 2805 ἀπογυ-
1071 2731 1140 2786 ούδέν
1154 2734 1257 2787 τούτων.
1273 2756 1285 2785 ν
1327 2732 1370 2787 Ἐν
1381 2734 1461 2805 τούτῳ
1474 2740 1510 2804 τῷ
1522 2735 1586 2805 μέρει
1603 2734 1644 2787 καί
1656 2741 1761 2804 φανερῶς
1774 2735 1850 2807 ἐμνη.

245 2819 314 2885 μνῶν
329 2811 372 2878 τὴν
386 2812 523 2882 προαίρεσιν
536 2809 563 2863 ἐκ
574 2816 622 2863 τῶν
638 2810 731 2882 λόγων.
745 2813 826 2865 TCV.
1072 2812 1174 2881 μύνευσε
1187 2813 1334 2881 Φρύνωνος,
1352 2811 1476 2883 ἀμφότερα
1487 2812 1527 2864 διὰ
1540 2816 1584 2864 τού
1601 2812 1675 2865 αὐτοῦ
1694 2812 1851 2882 θεωρήματος

284 2893 351 2961 375,
366 2897 410 2955 α4.
424 2890 515 2955 Αύτδς,
529 2889 620 2962 οἶμαι]
635 2889 679 2942 Ἐν
693 2889 746 2956 ήθει
761 2896 833 2946 τοῦτο
846 2891 1026 2963 ἀναγνωστέον.
1071 2888 1251 2959 διοικούμενος,
1267 2890 1309 2943 καί
1325 2888 1354 2941 τδ
1369 2886 1402 2959 μή
1415 2889 1579 2958 προσκρούσαί
1594 2906 1644 2941 τισι
1660 2894 1709 2943 τῶν
1726 2890 1850 2958 πρέσύεων

247 2973 325 3027 ΑΤΡ.
1071 2965 1113 3017 καί
1137 2966 1166 3018 τδ
1192 2965 1366 3036 ἐπαγαγέσθαι.
1417 2963 1478 3018 Ἐἀιν
1507 2965 1550 3035 μέν
1573 2965 1655 3037 [γάρ]
1680 2968 1849 3039 προσκρούσῃ,

284 3049 352 3119 375,
376 3050 420 3102 25.
438 3047 494 3101 Ἔτι
511 3046 610 3119 τοίνυν]
623 3048 782 3118 Μενάνδρου·
804 3048 912 3103 ἐντεῦθεν
926 3050 1029 3120 ἄρχεται
1071 3043 1201 3113 Μρνξννῑῖ
1211 3045 1252 3097 καί
1265 3044 1392 3114 mem!
1407 3043 1441 3103 νίς
1452 3043 1586 3115 λοιδορίαν,
1605 3045 1646 3097 καί
1658 3044 1698 3097 Bt&
1711 3045 1797 3099 τούτου
1807 3066 1851 3100 σν·

245 3130 291 3194 τῆς
304 3133 351 3181 τῶν
363 3127 489 3197 μαρτύρων
503 3127 638 3187 συστάσεως
647 3130 690 3192 τῆς
698 3126 753 3195 περὶ
761 3131 810 3179 τῶν
822 3127 916 3197 δώρων.
932 3126 1029 3195 Ἀσκλη
1072 3121 1155 3187 στήσει
1171 3119 1204 3192 μὴ
1221 3123 1421 3189 κεκοινωνηεέναι
1434 3126 1476 3188 τἧς
1489 3124 1636 3192 δωρῡδννίνς
1655 3123 1749 3185 ννίννῖς·
1765 3123 1808 3177 ίέν
1823 3125 1852 3179 δέ

247 3207 319 3258 πιού·
334 3203 374 3258 ἐπί
382 3202 426 3269 τὴν
442 3211 489 3257 τῶν
505 3204 615 3276 ἐλέγχων
630 3202 759 3271 ἀπαίτησιν
771 3207 852 3274 χωρεῖ
865 3209 908 3257 τοῦ
919 3206 1029 3277 δευτέρου
1072 3199 1240 3271 ἐπαγάγηται,
1266 3202 1312 3263 ἔξει
1332 3206 1573 3271 καταμαρτυροῦντας
1589 3201 1723 3271 Αἰσχίνου,
1736 3204 1795 3273 ὅπερ
1809 3203 1852 3257 καί

247 3283 396 3354 ζητήματος.
420 3284 513 3335 BFSY.
561 3280 694 3335 Είσύάλλει
718 3281 750 3343 εἰς
772 3279 816 3347 τὴν
842 3289 891 3335 τῶν
917 3281 1028 3354 ἐλέγχων
1073 3277 1186 3346 βούλεται
1199 3279 1240 3330 καί
1253 3284 1326 3333 τοῦτο
1335 3278 1375 3330 διὰ
1386 3279 1475 3340 παντδς
1487 3280 1614 3332 διοικεῖται
1623 3284 1666 3332 τοῦ
1675 3281 1852 3349 δεντέρουστο·

248 3358 388 3427 ἀπαίτησιν.
418 3360 535 3413 Βούλεται
555 3359 581 3413 δέ
602 3358 678 3413 εἰπεῖν
698 3361 746 3422 δτι,
769 3357 791 3413 εἰ
814 3358 846 3433 μῆ
866 3357 896 3428 ήν
916 3360 947 3414 τά
966 3365 1028 3433 πρά·
1072 3360 1179 3426 χασμοῦ.
1227 3355 1349 3425 Ἐπιμένει
1375 3355 1401 3408 δέ
1429 3361 1466 3428 τῷ
1485 3355 1548 3409 κατά
1569 3355 1736 3426 Φιλοκράῖννς
1760 3356 1849 3428 λόγῳ.

247 3456 331 3508 γματα
347 3443 575 3509 καταμαρτυροῦντα
588 3437 662 3492 αὐτοῦ
669 3476 677 3503 ,
691 3439 809 3509 βασάνους
822 3439 864 3491 καί
875 3438 906 3491 τά
917 3444 1027 3496 τοιαῦτα.
1073 3436 1221 3506 βουλόμενος
1231 3437 1293 3490 κατὰ
1306 3436 1408 3491 πλείονα
1420 3434 1473 3503 είδη
1485 3442 1533 3489 τῶν
1546 3435 1740 3507 ἐπιχειρημάτων
1752 3437 1793 3490 καί
1804 3435 1851 3502 τήν

248 3516 424 3571 ACDGRTV.
1072 3514 1185 3567 σύστασιν
1202 3514 1349 3586 ἐργάσασθαι
1359 3517 1402 3580 τῆς
1414 3515 1568 3584 δωροδοκίας.
1583 3516 1664 3568 TCV.

284 3591 341 3645 Ἔτι
354 3593 449 3662 τοίνυν]
463 3591 520 3646 Ἐπί
530 3591 574 3658 τῆν
584 3598 632 3646 τῶν
641 3592 752 3663 ἐλέγχων
762 3590 890 3660 ἀπαίτησιν
899 3598 1029 3666 χωρεῖτοῦ
1108 3593 1175 3661 376,
1193 3610 1217 3648 ι.
1230 3592 1401 3664 Πυροιαολῶν]
1414 3592 1457 3644 τὸν
1470 3595 1537 3646 σῖτον
1551 3591 1652 3646 πωλῶν.
1665 3593 1695 3648 P.

247 3672 359 3742 δευτέρου
383 3672 531 3741 ζητήματος.
583 3668 625 3732 Ὦς
646 3670 672 3723 δέ
693 3669 811 3740 Αἰσχίνου
831 3670 886 3732 τούς
910 3673 1029 3743 μάρτυρας
1107 3670 1316 3741 Ξυληγῶν]4ύλα
1328 3671 1419 3741 λέγων.
1429 3672 1463 3723 Ρ·

249 3750 436 3818 ἀπαιτήσαντος,
450 3748 526 3810 ούτως
536 3747 684 3814 ἀπήντησεν,
697 3746 727 3799 Εἰ
736 3747 812 3818 μηδὲν
826 3749 917 3819 μηδένα
927 3748 1029 3823 εέχομεν
1108 3751 1176 3819 376,
1190 3766 1217 3802 α.
1231 3750 1265 3801 Τδ
1278 3750 1398 3821 χρυσίον]
1414 3747 1580 3820 δπερείληρεν
1595 3746 1622 3802 ἐκ
1639 3748 1790 3811 Μακεδονίας
1801 3748 1851 3805 ἀπὶ

248 3828 326 3888 δεῖξαι
340 3834 390 3880 τῶν
404 3826 525 3898 πρίσδεων
539 3824 648 3895 ἔχοντα,
661 3831 708 3878 τῶν
724 3823 824 3877 οἰκετῶν
837 3823 886 3878 έδει
901 3827 1029 3894 βασανίσαι
1073 3832 1116 3881 τοῖι
1127 3828 1252 3881 Φιλίππου
1266 3826 1472 3893 ἀντικατήλλασεν
1484 3826 1517 3889 εἰς
1529 3825 1622 3881 Ἀττικίε
1634 3829 1792 3898 νομισμάτισ,
1805 3829 1851 3881 ἵνα

249 3910 324 3970 τινάς.
362 3909 411 3973 Τῆς
423 3912 471 3959 τῶν
493 3906 620 3977 μαρτύρων
640 3906 775 3967 συστάσεως
788 3904 896 3959 ἐντεῦθεν
911 3907 1028 3977 ἀρχεται,
1073 3907 1121 3978 ἔχη
1134 3911 1211 3960 ταῦτα
1225 3905 1362 3959 ἀναλίσκειν
1374 3906 1407 3969 εἰς
1418 3905 1491 3967 αύτίις
1500 3904 1543 3967 τάς
1556 3903 1662 3971 Αθήνας.
1673 3906 1753 3960 ἹῸίί.

249 3986 359 4056 τῆςπερί
372 3992 420 4039 τῶν
435 3987 519 4055 δώρων
533 3984 609 4055 λέγω.
647 3984 694 4036 έέαὶ
707 3987 827 4055 ζητοῦμεν
846 3984 870 4038 τί
883 3986 973 4051 δήποτε
990 3986 1029 4040 ἐν·
1109 3988 1175 4055 376,
1192 4004 1219 4054 9.
1239 3985 1303 4054 Πρδς
1315 3986 1338 4036 δ’
1352 3984 1446 4039 ἐκεῖνον
1466 3983 1753 4054 ἐλθὼν]προσχωρήσας
1769 3983 1796 4039 δέ
1814 3989 1852 4055 τῷ

249 4068 326 4119 ταύθα
341 4065 439 4136 μέλλων
453 4066 606 4136 μεταβαίνειν
620 4063 668 4119 ἀπδ
680 4068 823 4135 στοχασμοῦ
835 4064 870 4136 ἐρ’
883 4066 962 4135 ἐτερον
974 4085 1029 4119 στο-
1072 4064 1220 4135 Φιλοκράτει
1233 4064 1274 4117 καί
1288 4064 1340 4133 μετ’
1352 4063 1424 4117 αύτού
1437 4065 1554 4134 γεγονώς.
1570 4065 1640 4115 ch
1644 4102 1651 4115 .
1746 4056 1749 4063 ’

249 4144 359 4217 χασμδν,
381 4144 436 4198 οὔτε
462 4143 622 4216 ἐπελογίσατο
644 4143 699 4197 ούτε
721 4146 844 4217 προοιμίῳ
861 4146 1029 4216 κατεχρήσατο
1108 4143 1173 4210 376,
1192 4158 1233 4211 19.
1244 4141 1277 4195 Εἰ
1290 4143 1365 4211 μόνος
1378 4142 1549 4211 Φιλοκράτης]
1560 4142 1599 4193 δτι
1609 4139 1763 4208 Φιλοκράτης
1776 4140 1851 4209 μένος

250 4223 387 4296 ἀρχόμενος
398 4225 507 4296 δευτέρου
517 4224 670 4294 ζητήματος,
685 4223 751 4277 ἀλλὰ
767 4225 868 4296 συνῆψεν
880 4224 955 4286 ούτως
966 4227 1029 4278 ῶστε
1073 4218 1137 4273 ἐστὶν
1150 4219 1226 4283 αἴτιος
1239 4225 1286 4274 τῶν
1297 4220 1414 4273 τοιούτων
1424 4225 1515 4285 κακῶν,
1528 4218 1604 4280 ἀλλος
1616 4219 1642 4271 δέ
1653 4217 1739 4279 ούδείς.
1750 4218 1781 4273 Ρ.

247 4301 286 4363 δὶς
305 4302 427 4372 διάκριτον
449 4302 531 4354 δοκεῖν
551 4300 617 4355 εἶναι
638 4300 682 4368 τήν
706 4301 812 4367 εέσοδον,
838 4302 917 4355 καίτοι
940 4301 1030 4365 εἰωθὼς
1109 4301 1174 4370 376,
1199 4305 1247 4355 αθ.
1275 4298 1345 4366 Μηδέ
1370 4298 1477 4370 ἀρέσκειν
1499 4298 1585 4369 αθτῶ]
1607 4297 1720 4358 Δελεάζει
1740 4295 1798 4366 πρδς
1819 4296 1851 4349 τδ

250 4385 324 4434 τοῦτο
335 4382 424 4433 ποιεῖν.
462 4380 510 4433 Καὶ
520 4380 598 4462 ραμίν
610 4382 648 4434 δτι
661 4380 719 4435 ἔνθα
731 4381 774 4453 μέν
785 4382 896 4453 διήρηται
908 4380 938 4435 τά
948 4382 1028 4452 πράγ-
1074 4381 1223 4449 μαρτυρῆσαι
1242 4376 1297 4438 τοίις
1315 4377 1423 4448 πρέσύεις
1442 4374 1605 4445 άπλούστερον
1627 4373 1642 4426 θ
1662 4374 1743 4445 ῥήτωρ
1763 4372 1850 4427 εἰπών.

251 4477 320 4530 ματα
342 4457 389 4512 ἀπδ
410 4465 458 4513 τῶν
478 4460 638 4530 πραγμάτων,
663 4459 717 4513 ἐκεῖ
737 4460 778 4513 καὶ
801 4459 964 4529 ἐπιλογέζεται
989 4460 1031 4513 καί
1073 4457 1147 4510 θύδέν
1168 4456 1216 4528 γάρ
1230 4458 1293 4527 μέγα
1310 4457 1352 4509 καὶ
1370 4456 1461 4510 ἀτοπον
1479 4453 1560 4524 λέγειν
1580 4454 1613 4515 ιὐς
1626 4451 1670 4507 οἰικ
1685 4452 1778 4523 ἀρέσκει
1796 4471 1848 4523 μοι.

251 4539 448 4609 προοιμιάζεται,
465 4538 526 4591 ἔνθα
544 4538 570 4591 δέ
584 4539 712 4610 συμπλοκή
730 4540 765 4601 τίς
779 4539 829 4592 ἐστι
846 4538 887 4590 καί
899 4538 943 4590 οὒκ
963 4537 1029 4592 ἔστιν
1072 4539 1153 4593 TCV.

250 4617 317 4683 έπλῆ
338 4616 461 4682 ύπόθεσις,
477 4617 531 4670 ἐκεῖ
548 4619 678 4688 συμπλέκει
693 4617 734 4670 καί
754 4617 785 4669 τά
806 4616 923 4686 κεφάλαια
941 4616 982 4668 καὶ
999 4616 1030 4669 τὰ
1109 4618 1177 4687 377,
1196 4632 1220 4669 ι.
1237 4614 1331 4687 Ἀρέημ’
1342 4615 1441 4687 ἐγωγε]
1459 4613 1524 4685 Ὅρα
1537 4616 1580 4666 τού
1592 4611 1763 4682 ἀξυέιματοςτδ
1777 4611 1850 4681 μέγε-

248 4697 392 4767 πράγματα.
432 4696 464 4747 Ὃ
477 4695 507 4762 δή
522 4696 563 4747 καί
576 4697 680 4749 δείκνυσι
695 4695 727 4768 μὴ
749 4695 842 4749 άπλούν
860 4693 924 4747 εἰναι
938 4713 1029 4765 στοχα-
1074 4698 1127 4761 θος,
1144 4696 1169 4753 ιί
1177 4716 1206 4768 γε
1217 4695 1287 4757 αὖτδς
1300 4695 1355 4749 ἀντὶ
1368 4699 1410 4761 τῆς
1427 4694 1521 4757 πόλεως
1532 4692 1698 4761 ἀποφαίνεται.
1714 4690 1794 4742 TCV.

250 4773 315 4845 σμθν
329 4774 371 4827 τδν
385 4773 592 4846 παράνταλύγον,
606 4777 639 4837 ῶς
659 4794 720 4836 τινες
736 4774 862 4845 ᾠήθησαν.
903 4771 1030 4845 Ἐπείγάρ
1108 4778 1177 4846 377,
1191 4776 1217 4829 5.
1236 4774 1265 4828 ‘0
1282 4775 1384 4847 μένοδχ
1397 4775 1541 4847 ύπεύθυνοςγ
1557 4771 1668 4825 ἀντίτού
1681 4767 1852 4840 ἐγὼέΔημο·

250 4851 267 4904 ύ
280 4851 406 4923 ἐμπίπτων
421 4853 480 4924 πρὸς
490 4851 610 4915 ἀπόδειξιν
624 4856 667 4907 τού
681 4853 795 4923 προτέρου
808 4850 974 4923 λαμύάνεται,
990 4851 1031 4902 διά
1073 4855 1171 4922 σθένης,
1187 4855 1244 4907 ἀλλ’
1259 4854 1275 4921 ἢ
1294 4854 1324 4907 σθ
1336 4854 1412 4921 δῆλον
1430 4854 1444 4905 ὁ
1457 4853 1621 4922 Φιλοκράτης.
1633 4853 1665 4904 Ρ.

250 4935 325 4985 τοῦτο
337 4931 384 5002 οίιχ
396 4931 508 5004 ῆγήσατο
521 4933 604 5003 καιρδν
618 4931 682 4986 είναι
692 4932 783 4984 διελεῖν
794 4929 838 4997 τὴν
857 4929 958 4983 ἐκάστου
970 4930 1030 4985 ἀπό·
1113 4929 1142 4985 ‘0
1155 4933 1177 4984 δ’
1191 4931 1248 5002 οθχί
1259 4933 1358 5003 παρῆν]
1374 4926 1408 4993 είς
1420 4937 1468 4985 τῶν
1485 4930 1618 5000 πρέσδεων,
1634 4924 1743 4996 τοῦνομα
1756 4922 1851 4992 Ἰατρο-

250 5008 335 5073 δειξιν,
348 5008 488 5062 τούναντίον
502 5010 528 5062 δέ
539 5010 580 5063 καί
594 5010 695 5081 συνάψαι
708 5016 743 5082 τῷ
758 5011 861 5080 δευτέρῳ
872 5009 902 5061 τίι
915 5010 1028 5081 πρότερα.
1073 5012 1149 5081 κλῆς,
1162 5010 1190 5064 οὔ
1200 5015 1289 5082 παρῆν.
1303 5013 1381 5065 ΑἰΑΤ.

257 5088 291 5141 Ἦ
311 5091 359 5162 γάρ
373 5088 489 5161 ἐπαγωγὴ
510 5094 552 5142 τοῦ
570 5090 729 5161 ἐμπίπτοντος
748 5088 865 5150 ἀπόδειξις
879 5091 967 5161 γέγονε
987 5094 1031 5141 τοῦ
1108 5090 1149 5161 Τῷ
1163 5090 1189 5145 δέ
1204 5088 1320 5157 κηδεστής
1329 5085 1360 5157 ῆν
1374 5088 1439 5159 έκεῖ]
1460 5084 1542 5151 πολλή
1554 5086 1596 5138 καὶ
1614 5085 1728 5156 δριμύτης
1739 5083 1781 5137 ναί
1799 5102 1850 5136 θεν·

254 5166 341 5221 ἐκδντα
354 5168 595 5237 αύτδνέζαπατῆσαι.
632 5167 904 5240 Γίνεταιδέέμπῖπτον,
917 5169 978 5223 διάτι
989 5168 1032 5222 καί
1072 5170 1188 5242 ρροσύνη.
1226 5169 1262 5220 Δι’
1281 5165 1318 5222 ὧν
1339 5167 1383 5239 μέν
1403 5166 1563 5237 ἀπολογεῖται
1584 5165 1748 5231 καθάπτεται,
1769 5166 1806 5234 τῷ
1821 5160 1850 5216 δέ
