3967 5967
782 445 860 509 ΧΠ.
883 446 987 510 ΚΑΤΑ
1009 446 1177 509 mmor.
1720 470 1778 523 θόό

217 573 277 639 520,
290 577 317 637 ό.
333 570 370 627 Ού
382 572 465 645 μέντοι
474 574 555 628 πᾶσάν
570 594 598 645 γε
609 576 618 647 ]
635 574 715 630 Τοῦτο
724 573 808 642 εἶπεν,
818 576 862 632 ἵνα
873 576 960 651 κακίση
1041 579 1096 633 Τῶν
1105 579 1248 652 ἀγωνιστῶν
1260 580 1371 655 ἀνδρῶν]
1386 581 1432 637 Ἐκ
1444 585 1627 655 κάστςήλιιίας
1634 588 1787 661 ἠγωνίζοντο

180 653 225 724 μὲν
236 652 281 719 τήν
296 655 419 725 γνιύμην,
439 651 553 727 ἰπαινίση
576 653 603 708 δέ
615 652 660 721 τήν
676 655 754 727 τύχην
767 654 812 723 τήν
829 655 961 728 έμποδίσα·
1003 658 1078 729 χοροί
1089 665 1125 732 τῷ
1134 660 1258 732 Διονύσῳ,
1268 662 1331 715 διότι
1344 663 1386 715 καί
1397 666 1444 718 πᾶν
1456 670 1543 737 σχῆμα
1554 668 1622 741 αύτῷ
1630 672 1785 741 περιτιθέασι·

178 752 234 787 σαν.
270 734 345 803 Τάχα
364 732 391 786 δί
408 732 451 787 τδν
465 733 631 804 χρυσοχόονό
652 735 766 797 Διόνυσος
786 734 959 803 ἰξανίσιηκεν,
1003 735 1045 788 καί
1056 735 1104 806 γάρ
1114 738 1193 791 παῖδα
1209 739 1251 791 καί
1262 741 1397 810 πρισύύτην
1411 744 1453 796 καί
1465 744 1542 817 ἀνδρα
1555 748 1688 818 γράφουσιν
1701 749 1784 806 αύτόν.

176 814 219 866 ἵνα
232 813 325 884 ληφθῇ.
958 866 961 871 ,
1007 810 1130 885 ’Δλλαχοῦ
1139 812 1182 870 οθν
1197 815 1266 884 εἰπε,
1282 841 1293 869 ε
1307 826 1466 892 χορηγοῦντα
1472 825 1541 879 παισί
1548 827 1671 883 Διονύσια.
1689 851 1700 879 ι
1716 828 1746 882 Ὁ
1759 832 1786 884 δὲ

214 894 275 956 520,
288 897 315 947 6.
330 890 382 946 Ούκ
394 891 517 963 ἀπέχρησε
532 892 558 946 δέ
569 892 635 964 αύτῷ
655 894 745 965 τοῦτο]
762 894 840 948 Πάλιν
855 893 904 949 ἀπδ
915 903 959 949 τοῦ
1003 893 1157 964 Δημοσθένης
1170 896 1264 968 ἀνδρῶν
1277 898 1287 969 [
1299 902 1409 970 χορηγός
1416 905 1468 975 ῶν]
1483 902 1623 974 ἠγωνίσατο
1632 946 1639 971 ,
1648 908 1682 970 ῶς
1693 912 1786 979 προϊών

178 971 334 1043 ἰσχυροτέρου
357 972 478 1044 μετῆλθεν
492 970 532 1026 ἰπί
550 971 579 1025 τύ
592 972 755 1043 σαθρότερον,
770 975 800 1027 τό
812 993 838 1027 τε
850 975 959 1046 διαφθεῖι
1003 977 1013 1039 (
1017 991 1044 1044 p.
1057 974 1124 1042 565)
1136 992 1207 1046 φησιν
1225 998 1235 1025 α
1248 976 1299 1047 ἐγὼ
1308 978 1335 1032 δί
1345 978 1463 1046 αόληταῖς
1473 981 1598 1053 ἀνδράσιν.
1613 1007 1624 1034 ν

177 1068 217 1121 ραι
230 1050 273 1104 τὸν
288 1051 497 1121 χοροδιδάσκαλον
509 1051 551 1105 καί
563 1051 607 1104 τδν
624 1052 750 1123 ἄρχοντα,
764 1053 808 1106 καί
820 1054 848 1106 τό
860 1055 959 1107 στασιό·
1039 1052 1101 1118 520,
1112 1056 1156 1108 28.
1173 1052 1251 1126 Ἐμοῦ
1264 1056 1307 1125 μὲν
1320 1057 1402 1128 ύύρισε
1413 1061 1442 1114 τό
1458 1063 1547 1134 σῶμα]
1559 1062 1610 1115 Ούκ
1623 1063 1678 1118 εἰπε
1689 1064 1786 1137 πληγάς

178 1148 220 1182 σαι
232 1130 292 1201 πρδς
303 1128 377 1183 αύτδν
390 1129 448 1193 τοῦς
466 1130 605 1202 χορηγούς,
621 1130 664 1183 καί
682 1129 725 1193 τίις
745 1131 824 1194 ἀλλοις
838 1132 957 1203 ἰπηρείας.
1004 1128 1080 1184 ἔδωκέ
1091 1151 1133 1202 μοι
1143 1132 1186 1185 καί
1193 1135 1334 1202 κονδύλους,
1344 1138 1387 1190 θνα
1397 1137 1431 1209 μή
1442 1143 1604 1210 ταπεινότητα
1615 1142 1701 1197 ἑαυτοῦ
1711 1164 1784 1213 κατη-

175 1209 261 1263 Ταῦεα
274 1208 323 1281 γάρ
339 1209 381 1261 καί
396 1208 468 1280 μικρά
483 1210 543 1280 πρδς
554 1210 632 1280 κρίσιν
655 1209 698 1263 καί
717 1210 800 1274 άλλως
815 1210 957 1268 ἀνέλπιστα.
1002 1209 1107 1282 γορύση.

175 1288 274 1341 Τούτων
286 1288 358 1359 γάρθ
372 1289 472 1351 Μειδίας
482 1288 634 1360 ὁμολογῆσαι
647 1289 728 1344 ούδίν.
1039 1289 1101 1354 521,
1116 1293 1143 1353 ά.
1153 1290 1236 1344 Ταῦτά
1249 1296 1331 1363 ίστιν]
1349 1293 1448 1363 Ἐπειδὴ
1461 1299 1504 1351 δεῖ
1514 1300 1605 1370 μητέρα
1618 1307 1667 1354 τῶν
1679 1301 1783 1372 ἀγώνων

213 1369 274 1433 520,
288 1369 314 1421 θ.
334 1368 380 1420 Καὶ
393 1367 414 1421 εἰ
428 1367 460 1438 μή
474 1368 636 1440 Τηλεφάνης]
652 1368 708 1422 Ἵνα
722 1366 756 1440 μή
773 1369 911 1444 ύποπτεύση
924 1390 960 1433 τις
1004 1363 1127 1433 εἶναιτὴν
1149 1370 1311 1435 κατάστασιν,
1332 1372 1417 1442 μέλλει
1440 1374 1468 1428 δί
1486 1379 1580 1447 προϊὼν
1600 1378 1643 1431 καί
1664 1379 1720 1449 περὶ
1739 1385 1783 1433 τοῦ

175 1447 214 1499 ύτι
229 1446 316 1518 μισθόν
329 1448 471 1519 προσδοκῶν
489 1447 592 1500 πλείονα
611 1447 723 1510 δέξασθαι
734 1448 894 1519 Τηλεφάνης,
911 1451 958 1521 μά·
1001 1445 1076 1515 φόνου
1097 1446 1178 1517 λέγειν
1200 1453 1245 1500 τοῦ
1257 1449 1321 1504 κατὰ
1344 1450 1499 1525 ’λρίαειφχον
1512 1458 1554 1509 καὶ
1571 1457 1626 1526 περί
1643 1458 1784 1523 λιποταξίου

174 1542 220 1592 την
231 1526 274 1579 τόν
285 1526 434 1578 διδάσκαλον
448 1526 609 1593 διαθέόληκε,
624 1526 711 1579 τούτου
723 1528 796 1597 χάριν
810 1526 957 1581 έπαινιῖτδν
1001 1524 1043 1576 καὶ
1053 1521 1151 1596 περλῶν
1163 1525 1196 1589 εἰς
1207 1527 1299 1592 άλλους
1311 1530 1421 1594 πολλούς
1433 1535 1563 1601 πεποίηκε,
1580 1536 1622 1589 διδ
1634 1544 1708 1591 τοῦτο
1721 1556 1782 1608 προ·

174 1605 280 1675 τρόπον,
295 1605 420 1676 βίλτιστον
430 1604 503 1658 αύτδν
517 1603 649 1659 ἀποκαλῶν
661 1606 703 1658 καί
711 1604 795 1659 εὔνουν
804 1606 858 1677 περ]
872 1605 954 1662 αύτόν.
1001 1601 1069 1670 λέγει
1081 1604 1123 1655 καὶ
1134 1605 1190 1675 περί
1201 1607 1294 1661 τούτων
1309 1608 1334 1662 έν
1346 1613 1378 1681 τῇ
1389 1615 1544 1671 καταστάσει.

175 1683 223 1735 lul
233 1684 277 1736 ἵνα
287 1684 349 1757 λόση
363 1685 392 1737 τό
406 1683 568 1750 ἀντιπῖπτον,
583 1685 622 1738 δτι
635 1682 676 1736 διά
694 1684 843 1755 φιλονεικίαν
854 1685 868 1738 ό
880 1684 956 1754 αθλη·
1037 1682 1099 1747 521,
1121 1687 1163 1737 18.
1185 1681 1270 1755 Ὑμεῖς
1296 1686 1350 1741 έστε
1371 1689 1539 1764 κληρονόμοι]
1553 1695 1641 1763 τρόπον
1660 1695 1715 1749 τινὰ
1728 1696 1782 1749 διά.

175 1760 219 1827 τής
237 1762 333 1825 ἰξίόαλε
348 1763 391 1816 τδν
404 1762 687 1834 χοροδιδάσκαλον,ίνα
702 1764 777 1834 μόνος
792 1762 850 1836 δόξη
864 1764 957 1817 ιθδοκι·
1002 1759 1084 1829 δοχοι.
1737 1792 1739 1795 ψ

175 1844 242 1911 μεῖν.
278 1842 350 1895 Οθτω
363 1845 424 1912 γοῦν
438 1841 480 1893 καί
488 1841 531 1895 τύν
545 1841 622 1912 χορύν
634 1840 705 1903 αύτδς
719 1840 825 1902 ἐδίδαξεν
835 1841 957 1904 ἀπελάσας
1036 1840 1098 1910 521,
1108 1843 1151 1903 24.
1163 1842 1224 1911 Λέγε
1235 1861 1277 1912 μοι
1285 1840 1330 1909 τήν
1340 1848 1384 1899 τοῦ
1390 1849 1548 1919 χρυσοχόον]
1558 1848 1631 1913 Ἔθος
1640 1850 1689 1922 γάρ
1701 1847 1731 1918 ῆν
1740 1852 1783 1907 αεὶ

173 1921 367 1992 τδνάνθρωπον.
406 1920 487 1987 Φησίν
500 1915 544 1973 ούν
558 1921 713 1992 όρἠτωρότι
726 1921 768 1974 καί
789 1921 912 1991 βέλτιστος
925 1919 955 1988 ῆν
1000 1925 1049 1973 τῶν
1064 1921 1205 1991 λεγομένων
1215 1920 1442 1993 ἰντῇκαταστάσει
1455 1928 1569 1997 παρέχειν
1581 1930 1782 1999 μαρτυρίαν,ίνα

173 1999 317 2070 Τηλεφάνης
327 1998 368 2051 καί
377 1997 459 2059 εύνους
467 1998 521 2069 περί
533 1998 585 2071 έμί.
623 1994 770 2052 Ούκάνοθν
783 1999 823 2052 διίι
836 1998 880 2065 τήν
894 1998 956 2052 ἰδίαν
1002 1996 1035 2068 μή
1055 2000 1151 2052 δοκοῖεν
1164 1998 1235 2070 ψελάς
1256 2000 1340 2064 άαλῶς
1357 2001 1490 2075 άφηγησεις
1507 2006 1638 2064 ποιεῖσθαι,
1675 2008 1779 2064 zum.

174 2077 324 2147 φιλονεικίαν
337 2076 500 2132 ἰπιύουλσύειν
514 2076 645 2145 ἠθέλησεν,
656 2076 723 2150 εἰπερ
737 2080 790 2151 Ιῆδει
800 2077 834 2151 μή
848 2081 956 2151 διιφθάρ-
1001 2096 1057 2147 ρανε
1071 2076 1097 2130 δὲ
1107 2074 1152 2143 τήν
1164 2079 1321 2134 κατάστασιν.
1625 2138 1627 2141 ,

174 2158 215 2209 θαι
227 2156 270 2209 τθν
285 2157 422 2227 ἄνθρωπον.
902 2214 906 2223 .
1037 2158 1098 2218 522,
1113 2172 1154 2209 1⁰·
1169 2155 1257 2209 Πολλά
1275 2158 1318 2228 μέν
1333 2160 1432 2225 τοίνυν,
1451 2158 1473 2215 ὦ
1492 2162 1593 2233 ἀνδρες]
1612 2160 1779 2235 Ἔθρασύνατσ

210 2237 271 2300 520,
287 2253 329 2291 12.
344 2235 403 2289 Οθδ’
423 2237 451 2288 ἀν
477 2234 671 2308 ἠγωνισάμεθα]
686 2236 772 2298 Ιίαλῶς
788 2236 833 2290 οθκ
854 2236 893 2291 ἰπὶ
912 2242 955 2292 τοῦ
1000 2234 1121 2304 θᾰρῦύῦας
1141 2231 1224 2306 ἀπίτῇ
1243 2239 1360 2309 μαρτυρίᾳ
1384 2242 1429 2291 τοῦ
1443 2241 1594 2311 χρυσοχόου.
1631 2241 1780 2311 Συναρπάζει

172 2319 250 2385 χοροῦ
273 2317 349 2386 μόνον
371 2312 439 2369 εἶπεν
464 2314 618 2386 ἠγωνίσατο,
640 2315 705 2368 ἀλλά
727 2315 894 2384 πληθυντικῶς
913 2319 955 2372 καί
999 2311 1078 2365 δέδιά
1092 2313 1416 2383 ταύτηετοθςδικαστάς,ῶς
1429 2316 1534 2388 καίπερ]
1545 2322 1593 2371 τῶν
1603 2318 1686 2371 ἀλλων
1699 2318 1780 2387 ἀληθῆ

172 2394 255 2448 ίαντδν
264 2395 396 2448 καίπᾶσαν
407 2394 688 2466 περιέλαόετήνφυλῆν.
999 2397 1153 2461 κατηγορεῖν.

210 2475 270 2537 520,
290 2474 417 2528 mmm
426 2476 469 2528 εδν
484 2475 692 2546 ἐστεφανωμένον]
709 2472 795 2546 Ὁγάρ
808 2474 954 2530 τὰπλεῖστα
1037 2472 1098 2535 522,
1121 2474 1163 2534 τό.
1185 2470 1259 2525 λύτο]
1272 2470 1320 2543 γάρ
1337 2472 1361 2525 οί
1386 2473 1549 2545 πεπονθότες]
1571 2472 1721 2539 ’Δντέπιπεε,
1740 2478 1780 2530 διδ

172 2553 270 2607 διοικῶν
287 2558 331 2620 τῆς
344 2553 457 2624 έορτῆςό
477 2556 562 2624 ἅρχων
583 2548 629 2620 ῆν,
651 2556 714 2607 ὥστε
733 2553 775 2606 καὶ
791 2554 874 2607 πολλὰ
892 2555 953 2625 pm.
997 2549 1168 2620 ύποτέμνεται.
1210 2572 1221 2599 ι
1242 2549 1323 2617 Ὅλην
1335 2553 1438 2623 περιῄεις
1446 2551 1491 2618 τήν
1503 2552 1593 2619 πόλιν,
1609 2555 1777 2625 Δημόσθενες,

171 2650 239 2685 πτειν
251 2631 373 2698 ἠδύνατο,
388 2629 455 2701 εἴπερ
467 2631 604 2701 διαφθαρεὶς
616 2633 802 2693 κατασκευάζειν
815 2631 950 2700 ἠύουλῆθη.
1001 2649 1012 2677 ι
1033 2628 1244 2697 πολυπραγμονῶν
1257 2628 1381 2692 διετέλεις,
1395 2630 1430 2691 τίς
1440 2631 1489 2700 ἀρα
1502 2631 1568 2702 παρὰ
1579 2632 1681 2687 Μειδίου
1697 2653 1720 2685 τι
1736 2636 1777 2687 πέ·

210 2711 271 2775 520,
294 2727 336 2779 17.
354 2710 415 2771 Τοίνς
436 2708 559 2779 χορηγούς
572 2712 677 2779 συνῆγεν
701 2707 739 2761 ἀπ’
759 2707 820 2780 ἰμί]
837 2709 892 2763 ἀντί
909 2715 953 2763 τοῦ
1000 2708 1163 2771 επονθιν;ι
1180 2705 1256 2759 ιθύκ
1270 2706 1321 2759 ἔστι
1334 2712 1419 2760 ταῦτα.
1457 2708 1552 2775 Πόθεν;
1565 2708 1628 2763 οἰκοι
1641 2713 1777 2782 καθήμενος

173 2789 277 2851 ἀκοντας
291 2787 376 2850 αύτούς
387 2787 510 2858 ἠρέθιζεν,
526 2787 555 2841 ού
570 2787 733 2857 βονλομίνους
750 2789 899 2858 παρώξυνεν,
910 2790 953 2842 ίνα
1000 2808 1011 2833 ι
1033 2784 1106 2854 εἶχον
1128 2782 1173 2850 τὴν
1193 2791 1298 2856 γνῶσιν·
1320 2786 1353 2848 ὡς
1371 2786 1429 2857 πρδς
1450 2786 1533 2840 κοινδν
1550 2786 1663 2854 ἀπήντων
1687 2794 1778 2862 πατέρα

175 2865 209 2937 μή
222 2868 318 2921 δοκοῖεν
334 2866 374 2919 διά
387 2868 415 2921 τδ
428 2867 558 2937 βούλεσθαι
571 2869 639 2920 νικᾶν
653 2865 862 2937 προσφιλονεικεῖν
876 2867 951 2940 αύτῷ,
1000 2886 1011 2914 ι
1033 2865 1185 2934 σύμπαντες,
1197 2864 1336 2936 κατάλογον
1349 2861 1384 2918 ών
1406 2865 1496 2920 ἰπαθον
1514 2866 1561 2920 ύπδ
1576 2867 1678 2921 Μειδίου
1692 2867 1776 2935 ἀδικη-

171 2947 208 2999 'rh
220 2947 247 3001 δί
262 2947 286 3009 ἐξ
299 2947 407 3018 ἀνάγκης
426 2948 562 3017 συμδαῖνον
576 2950 648 3000 τοῦτο
660 2944 693 3007 εἰς
708 2945 752 2999 τδν
773 2946 876 3000 Μειδίαν
893 2947 951 3015 άνη-
999 2964 1010 2991 ι
1033 2943 1116 3013 μάτων
1128 2943 1282 3013 ποιούμενοι.
1297 2965 1308 2992 ι

171 3042 266 3095 νεγκεν.
305 3025 335 3077 Οἱ
352 3024 400 3095 γάρ
417 3024 492 3077 άλλοι
503 3023 610 3095 χορηγοὶ
627 3023 820 3094 φιλονεικοῦντες
837 3027 891 3097 περὶ
908 3031 951 3093 τῆς
1032 3022 1093 3086 522,
1111 3023 1153 3075 15.
1175 3022 1300 3092 Βούλομαι
1318 3021 1344 3074 δί
1359 3022 1406 3092 πφδ
1424 3021 1536 3090 τούτων]
1552 3022 1656 3075 Μέλλων
1676 3022 1709 3085 είς
1724 3025 1779 3086 τούς

144 3103 239 3169 ’νίκης
252 3104 408 3164 στασιάζουσι
428 3103 487 3173 πρὸς
510 3101 643 3169 ἀλλήλους,
680 3101 762 3169 Φησίν
781 3096 824 3153 οὖν
842 3104 881 3156 ότι
894 3104 953 3157 Μει-
996 3098 1092 3170 ἀγῶνας
1105 3099 1243 3154 εἰσόάλλειν
1263 3101 1383 3173 προοιμίῳ
1399 3102 1529 3172 κέχρηται,
1551 3102 1699 3173 βουλόμενος
1718 3124 1777 3174 προ-

171 3181 223 3243 δίας
235 3181 321 3244 αύτούς
335 3180 458 3235 ἀνέπεισεν
472 3183 536 3235 ώστι
549 3199 592 3252 μοι
602 3178 731 3250 πολεμεῖν.
769 3178 835 3234 Εἰτα
851 3181 950 3248 ἠκατα·
995 3181 1150 3249 σεχεστέρους
1163 3182 1261 3245 ποιῆσαι
1276 3179 1331 3242 τούς
1342 3178 1482 3241 ἀκούοντας.
1496 3182 1684 3235 BFRSYTCV.

171 3260 254 3325 σκευή.
1031 3260 1092 3320 522,
1106 3260 1150 3312 23.
1167 3258 1239 3312 Ἔστι
1252 3259 1277 3311 δὲ
1286 3265 1380 3330 πρῶτον
1396 3258 1458 3331 μὶν]
1473 3260 1600 3330 Πρότασις.
1610 3261 1641 3312 Β.

207 3338 290 3402 θοῶν,
299 3336 425 3408 ἀπειλῶν]
438 3335 472 3390 Εἰ
481 3336 529 3409 γάρ
539 3336 637 3391 ἰκείνων
648 3338 706 3409 πρός
720 3357 750 3408 με
761 3338 950 3411 διαμαχομένων
1031 3340 1092 3401 522,
1108 3342 1152 3402 24,
1166 3336 1209 3399 Ἐξ
1218 3334 1255 3390 ὧν
1265 3336 1411 3409 ίδίφι]λύτδς
1425 3338 1479 3399 τούς
1491 3339 1606 3400 συνόντας
1615 3337 1776 3409 αύτῷκαίρί-

170 3411 241 3476 οὗτος
257 3414 317 3468 έύόα
338 3416 380 3468 καί
400 3414 495 3483 ἠπείλει
509 3437 566 3488 μοι,
585 3419 706 3489 πρόδηλος
724 3413 754 3485 ῆν
769 3417 840 3481 αύεδς
855 3418 949 3491 ἐυάγωυ
994 3413 1051 3476 λους
1069 3419 1199 3486 μισοῦντας
1216 3413 1288 3467 αύτδν
1310 3416 1455 3481 πεποίηκεν,
1476 3415 1541 3487 εἴπερ
1561 3418 1619 3488 πρδς
1631 3416 1775 3489 τὸνέχθρδν

170 3494 227 3555 τούς
238 3494 369 3565 χορηγούς.
465 3508 467 3512 ”
994 3492 1153 3564 ἀπήγγελλον
1168 3494 1227 3564 άπερ
1238 3493 1320 3555 αότοῖς
1332 3493 1357 3547 ἐν
1368 3492 1498 3566 ἀπορρήτῳ
1508 3496 1607 3558 Μειδίας
1620 3495 1754 3567 διελέγετο.
1812 3505 1818 3517 ·

210 3570 363 3644 ’ομνύουσι]
386 3574 514 3628 Τουτέστιν
534 3573 658 3629 ἐδίδασκεν
675 3576 752 3639 οὕτως
768 3575 867 3647 όμνύειν
886 3578 949 3630 ώστε
1030 3577 1098 3639 522,
1111 3576 1155 3627 25.
1173 3573 1215 3636 Ὧς
1229 3572 1295 3644 εἰπερ
1305 3573 1420 3646 ἀληθῶς]
1441 3572 1574 3646 ’Υπορορά
1611 3574 1688 3645 Ὅρος
1698 3594 1776 3645 παρα-

170 3651 314 3720 σοφίσασθαι
330 3651 373 3705 τδν
394 3653 481 3722 όρκον,
493 3654 536 3706 ίνα
550 3675 596 3725 μου
610 3657 842 3723 κατασπουδάσαιεν.
992 3655 1118 3724 γραφικός.
1127 3652 1182 3706 BY.
1201 3650 1354 3724 ’Δρνούμενον
1369 3652 1394 3706 έν
1406 3656 1458 3716 τοῖς
1466 3657 1578 3724 φανεροῖς
1588 3654 1704 3708 ποιεῖτδν
1714 3654 1775 3707 Μει·

207 3732 270 3800 520,
293 3734 334 3787 ιθ.
359 3731 395 3783 Τὰ
420 3734 573 3802 παρασκήνια
587 3735 716 3805 φράττων]
739 3736 870 3788 Τουτίστιν
892 3733 950 3788 ἀπο·
993 3734 1057 3798 δίαν,
1071 3731 1211 3785 διαύάλλων
1225 3731 1298 3785 αύτδν
1314 3731 1345 3794 εἰς
1359 3730 1491 3785 ἀναίδειαν.
1519 3733 1573 3794 Πῶς
1585 3732 1612 3785 δὲ
1626 3730 1775 3804 ἀρνούμενον

168 3809 279 3878 φράττων
290 3807 333 3871 τίτς
345 3807 383 3863 ἰπὶ
395 3812 438 3875 τῆς
446 3814 535 3877 σκηνῆς
549 3810 670 3880 εἰσόδους,
679 3812 723 3865 ἵνα
735 3812 831 3883 δχορδς
841 3811 948 3883 ἀναγκά·
992 3810 1084 3883 εἰσάγει
1098 3811 1188 3877 αύτόνς
1201 3810 1260 3874 ίσως
1271 3810 1297 3865 δέ
1318 3811 1359 3863 καί
1376 3811 1405 3863 τίν
1424 3808 1487 3865 ῖδιον
1501 3814 1544 3863 τοῦ
1558 3811 1615 3881 ύρου
1628 3810 1773 3881 φυλάττων,

169 3890 240 3955 ζηται
251 3889 367 3959 περιιέναι
382 3887 423 3940 διά
436 3893 479 3955 τῆς
491 3889 579 3951 ἰξωθιν
591 3891 704 3959 εἰσόδου,
721 3892 762 3945 καί
780 3891 844 3945 ούτω
862 3891 948 3962 βραδύ·
993 3887 1073 3956 ἰπειδή
1083 3890 1108 3944 ἰν
1121 3891 1172 3963 5ριρ
1185 3890 1216 3943 τά
1230 3889 1273 3961 μάν
1288 3889 1441 3962 ἀρνούμεθα,
1453 3889 1484 3942 τά
1498 3888 1524 3943 δί
1535 3889 1716 3961 ὁμολογοῦμεν.
1730 3889 1774 3943 Ἐν

168 3984 252 4030 νοντος
272 3965 364 4021 ἐκείνου
378 3968 500 4042 συμύαίνη
524 3971 707 4041 καταγελᾶσθαι
720 3971 763 4025 τδν
779 3972 946 4043 Δημοσθένην.
992 3969 1071 4041 τούτῳ
1084 3968 1132 4040 γὰρ
1152 3967 1183 4023 τά
1201 3970 1307 4039 μάλιστα
1325 3971 1380 4040 δρος
1395 3971 1437 4022 τοῦ
1456 3972 1599 4039 στοχασμοῦ
1617 3969 1721 4039 διαφέρει
1735 3970 1775 4021 καί

123 4040 128 4048 ’
168 4044 204 4098 Tb
218 4045 245 4098 δέ
256 4046 403 4116 προσηλῶν,
416 4047 432 4113 ῆ
444 4049 499 4110 τούς
519 4048 593 4114 ἥλους
612 4049 725 4114 ἐντιθείς,
739 4050 783 4102 ’ίνα
796 4049 910 4121 ἀσφαλῶς
922 4049 948 4102 αί
992 4050 1122 4113 κοινωνεῖ,
1134 4051 1166 4119 τῆ
1178 4048 1221 4120 μὲν
1238 4048 1336 4121 άρνῆσει
1346 4054 1486 4113 κοινωνῶν,
1504 4054 1540 4120 τῷ
1550 4046 1576 4100 δί
1593 4046 1626 4118 μή
1638 4049 1717 4102 πάντα
1733 4047 1775 4117 ἀρ·

168 4124 237 4195 θύραι
248 4124 407 4196 ἰγκλείωνται
422 4127 464 4180 καί
476 4126 509 4198 μή
531 4128 571 4201 ἰξῇ
584 4129 647 4183 κατά
659 4130 742 4201 καιρδν
756 4128 891 4195 εἰσελθεῖν,
907 4129 948 4200 ἀφ’
992 4128 1086 4180 νεῖσθαι
1098 4127 1226 4199 διαφέρων.

167 4199 198 4253 οθ
219 4202 248 4255 τύ
262 4204 382 4273 γελᾶσθαι
394 4204 437 4257 καί
453 4205 591 4273 αἰτιαθῆναι
614 4208 780 4279 συμόάδηκιν,
803 4208 819 4275 ῆ
836 4209 874 4261 ότι
893 4209 948 4271 τούς
1028 4209 1089 4259 522.
1103 4212 1147 4259 26.
1162 4208 1234 4269 Δίκας
1244 4206 1304 4268 ἰδίας
1318 4209 1375 4273 μοι]
1389 4204 1447 4257 Ὀτι
1463 4204 1552 4275 ἔῖλα]ε
1563 4204 1605 4256 καί
1620 4203 1700 4273 όύρισε
1710 4243 1717 4269 ,
1729 4203 1774 4270 δη·

168 4279 243 4344 ἥλως
264 4283 420 4351 κατακρούων
439 4284 481 4336 καὶ
508 4285 602 4339 τύπτων
626 4285 779 4348 ἐξακούεσθαι
800 4288 843 4341 τόν
870 4288 947 4359 χορόν
992 4286 1065 4356 μοσίᾳ
1076 4283 1102 4337 δὲ
1115 4284 1159 4337 ούκ
1175 4283 1300 4351 ἠδίκησεν.
1322 4284 1377 4336 ΒΥ.
1397 4282 1466 4349 Δθτη
1481 4279 1668 4351 ἰστίνήγενική
1683 4279 1775 4333 ἀντίθε-

167 4357 259 4427 ᾄδοντα
272 4358 301 4411 ού
313 4363 454 4430 συνεχώρει.
991 4384 1043 4428 σις,
1059 4367 1242 4436 παραγραφικοῦ
1259 4363 1361 4432 δύναμιν
1383 4361 1491 4431 ἔχουσα,
1511 4362 1550 4413 ότι
1561 4360 1589 4412 ού
1606 4358 1654 4429 χρή
1669 4358 1708 4413 έπί
1721 4362 1774 4422 τοῖς

205 4437 265 4499 520,
281 4454 324 4506 19.
343 4436 452 4503 Ἰδιώτης
472 4442 507 4491 ὢν
521 4439 551 4493 τὰ
573 4441 694 4510 δημόσια]
717 4443 800 4496 ἰίαίτοι
815 4445 946 4497 Διονυσίων
992 4442 1041 4512 ἰδία
1054 4445 1190 4513 γινομένοις
1200 4442 1308 4512 δημοσίᾳ
1318 4440 1449 4509 κρίνεσθαι.
1488 4438 1655 4509 Καθόλουγάρ
1667 4441 1773 4493 ποιεῖται

167 4510 198 4582 ἠν
212 4514 367 4585 ἰπιμελητύε.
409 4514 474 4567 Ἀλλ’
494 4515 574 4583 έπειδή
589 4519 661 4572 αύτδν
678 4519 890 4589 προύύάλλετοείς
903 4520 946 4589 τήν
991 4519 1035 4587 τήν
1048 4522 1185 4585 ἀντίθεσιν,
1199 4518 1232 4591 μή
1247 4518 1327 4590 λέγων
1340 4518 1369 4571 τθ
1380 4518 1460 4589 όνομει
1472 4522 1516 4571 τοῦ
1530 4520 1657 4579 παθόντος.
1700 4515 1773 4575 Ἡδὲ

166 4594 337 4664 χειροτονίαν,
352 4592 392 4644 διά
403 4598 475 4646 τοῦτο
485 4593 582 4661 ἰδιώτην
593 4597 666 4666 φησίν
678 4596 751 4652 αύτδν
765 4597 839 4654 εἶναι.
990 4598 1058 4662 λύσις
1068 4600 1109 4652 καὶ
1120 4599 1179 4666 αότη
1192 4594 1359 4670 μεταληπτική
1368 4595 1415 4651 ἀπὸ
1426 4601 1470 4650 τοῦ
1481 4600 1578 4667 τρόπον.

203 4673 264 4736 5²02
278 4689 322 4726 21.
338 4671 384 4723 1ίαί
398 4672 491 4725 τούτων
507 4675 553 4725 όσα
566 4676 615 4745 γε]
631 4675 733 4729 Ἄτοπον
743 4676 830 4747 ἠγεῖτο
844 4684 892 4732 τῶν
907 4699 946 4749 μι-
1028 4677 1088 4741 523,
1104 4693 1128 4731 1.
1143 4675 1196 4729 Καὶ
1209 4677 1304 4746 τίμημα
1314 4673 1429 4747 ἐπάγειν]
1449 4674 1505 4729 Ἐπί
1521 4676 1569 4745 γὰρ
1580 4678 1632 4736 τοῖς
1645 4674 1774 4736 ἰδιωτικοῖς

166 4757 231 4821 κρῶν
254 4750 348 4804 τούτων
369 4751 489 4821 μάρτυρας
501 4752 657 4822 παρίχεσθαι.
694 4754 739 4806 Διά
758 4742 895 4809 τοῦτοόύν
915 4758 948 4818 ὡς
991 4754 1018 4809 ἰκ
1032 4760 1080 4809 τῶν
1093 4757 1175 4826 νόμων
1188 4756 1278 4825 ὥριστο
1296 4755 1325 4807 rb
1338 4754 1448 4826 τίμημα,
1466 4753 1505 4808 ἰπὶ
1515 4754 1543 4807 δέ
1555 4755 1606 4815 τοῖς
1621 4753 1774 4824 δημοσίοιςύ

167 4828 243 4883 αύτοῦ
255 4832 299 4882 τοῦ
315 4829 395 4900 δήμου
409 4831 557 4900 θεασαμένου
571 4831 612 4884 καί
635 4835 812 4903 μαρτυροῦντος
823 4833 946 4905 ἰπῆγαγεν
991 4836 1128 4905 κατῆγορος
1139 4832 1249 4904 ίτιμᾶτο.

170 4928 181 4955 ⁸
201 4906 272 4979 θμὲῗς
282 4906 335 4962 θῦϊὲ
350 4927 392 4979 1¹⁰⁸
406 4909 530 4979 μάρΐῠρῑςι
547 4931 558 4958 ¹
1027 4914 1088 4977 523,
1104 4930 1130 4967 2.
1148 4907 1217 4984 Ἐγὼ
1231 4912 1257 4965 δί
1268 4913 1294 4965 ἓν
1309 4911 1352 4981 μὲν
1367 4910 1475 4983 ἐκείνου]
1493 4909 1678 4981 ’Δυτιπρότασις
1692 4909 1772 4973 Λύσις,

203 4988 265 5053 520,
278 4992 322 5041 26.
339 4988 555 5059 Προσδιαφθείρας]
582 4986 639 5043 ‘Aah
653 4993 697 5042 τοῦ
709 4991 800 5061 σαθροῦ
818 4990 891 5045 πάλιν
910 4989 946 5045 ἀπ’
991 4991 1062 5061 ἠκαλ
1079 4991 1243 5062 άνθυπσφορά.
1255 4992 1311 5046 ΒΥ.
1327 4990 1515 5057 Μεταληπτικῆς
1531 4989 1602 5057 ούσης
1622 4992 1664 5055 τῆς
1680 4987 1771 5042 ἀντιθέ·

76 5073 78 5077 ’
168 5062 227 5116 αύτδ
252 5066 280 5119 τδ
300 5067 381 5136 κύριον
405 5067 447 5120 καί
464 5067 605 5122 τελευταῖον
631 5069 756 5140 ἐχώρησε,
776 5072 884 5124 τουτέστι
906 5069 949 5133 τάς
991 5091 1066 5137 σεως,
1080 5073 1117 5123 ότι
1129 5070 1177 5141 ἰδίᾳ
1189 5069 1237 5142 χρή
1249 5071 1290 5122 καί
1302 5070 1331 5122 ού
1346 5070 1453 5141 δημοσίᾳ
1466 5072 1572 5139 κρίνειν,
1590 5067 1773 5139 μεταληπτικῶς

167 5142 278 5213 πληγάς,
294 5146 356 5199 διότι
367 5146 408 5198 καί
421 5148 522 5217 μείζονά
534 5146 580 5201 εἰσι
592 5155 640 5202 τῶν
652 5147 739 5219 ἑτάρων
751 5149 792 5202 καί
799 5149 881 5212 άλλως
890 5151 949 5221 όμο-
992 5149 1063 5203 ἔλυσε
1078 5148 1166 5215 ταύτην
1175 5147 1265 5211 εἰπὼν,
1278 5147 1298 5200 εἰ
1311 5144 1344 5219 μή
1355 5151 1440 5201 τοῦτον
1451 5150 1608 5218 κατηγόρησα
1618 5147 1661 5200 τὸν
1671 5148 1771 5216 τρόπον,

167 5220 280 5292 λογεῖται
292 5224 356 5294 παρὰ
365 5228 408 5278 τοῦ
420 5227 559 5297 φεύγοντος,
992 5229 1065 5282 πάλιν
1078 5226 1193 5281 τάναντία
1206 5226 1300 5297 ἔλεγεν,
1315 5227 1354 5280 ότι
1365 5227 1471 5297 δημοσία
1480 5228 1568 5297 κρίνειν
1580 5225 1654 5297 ίχρῆν
1667 5226 1696 5279 τά
1710 5223 1770 5277 ἴδια.
