3967 5967
249 435 285 485 tt
751 428 935 489 ΑΙΣΧΙΝΟΥ
955 433 980 491 0
1002 431 1100 492 tissa
1121 433 1326 496 Tlsrspxor.

201 565 226 607 αι
240 555 370 612 κολουθεῑν
384 551 428 611 καὶ
445 553 539 634 ἐρορῖίν
559 552 671 635 φρουράν
685 550 729 611 καλ
746 551 863 630 φυλακὴν
877 554 1013 636 σωφροσύ·
1060 568 1240 618 assectationem
1251 581 1323 632 porro
1332 569 1547 632 etiuspeotionem,
1563 567 1689 621 modoetlae
1699 573 1834 621 custodiam

240 663 284 716 νης
292 640 411 719 ἡγήσατο
423 630 488 697 εἶναι
502 642 636 718 μεγίστην.
678 640 737 716 (tro)
749 639 888 719 Τοιγάρτοι
897 640 955 707 τοὺς
968 646 1015 711 τῆς

240 728 340 793 πολεως
353 726 400 804 μὲν
411 728 556 805 εθεργέτας,
566 730 621 794 ταῖς
636 729 658 785 δ’
669 726 771 805 ἀρεταῖς
780 728 1016 806 ὑπερενηνοχότας,

240 813 376 892 Ἁρμόδιον
385 813 430 870 καὶ
442 813 661 903 Ἄριστργείτονα,
676 818 690 870 δ
711 811 819 893 σῶρρων
836 814 880 872 καλ
897 814 1014 891 ἔννομος,
1060 806 1121 856 ΜΘ
1131 807 1228 857 merim
1237 811 1262 857 ⁰²
1270 799 1358 858 ''³¹¹¹oe
1367 810 1587 872 Pffitfflfifflfflfflr
1598 808 1755 859 “mallum
1763 814 1837 873 atque

241 899 292 959 εἴτε
303 899 386 978 ἐρωτα
401 897 450 957 εἴτε
458 900 551 978 τρόπον
564 900 641 958 αὐτὸν
650 898 701 978 χρὴ
713 907 875 979 προσειπεῖν,
888 900 1016 967 τοιούτους
1062 920 1251 983 Aristogitonem,
1257 922 1380 973 modestus
1385 923 1425 972 ipe
1431 934 1460 972 θη
1466 916 1650 985 ιηςηῑωηςγςῑςρ
1656 923 1778 973 amoram
1785 937 1838 974 mos

241 986 389 1046 ἐπαίδευσεν
404 984 470 1044 ὥστε
483 985 541 1052 τοὺς
551 989 716 1051 ἐπαινοῦντας
726 985 759 1043 τά
773 985 876 1044 ἐκείνων
891 985 952 1066 ἔργα
967 1010 1016 1045 κα-

241 1072 421 1152 ταδεεστέρους
433 1075 517 1132 δοκεῖν
526 1065 593 1132 εἶναι
602 1076 628 1131 ἐν
640 1081 692 1140 τοῖς
701 1073 838 1150 ἐγκωμίοις
850 1077 901 1132 τῶν
911 1072 1016 1140 ἐκείνοις

242 1160 441 1240 πεπραγμένων.

203 1267 229 1304 νυ
282 1265 330 1308 ιιι.
347 1246 457 1318 Ἐπειδὴ
469 1245 496 1305 δὲ
511 1247 649 1326 Ἀχιλλέως
660 1246 705 1305 καί
719 1247 871 1327 Πατρόκλου
883 1246 1016 1326 μέμνησθε
1095 1265 1147 1310 ltl.
1162 1263 1265 1319 Quando
1278 1265 1360 1311 autern
1372 1263 1468 1313 sallitis
1483 1265 1507 1313 et
1523 1262 1625 1313 Patrocli
1637 1264 1792 1325 meministis,
1804 1265 1839 1314 at·

243 1333 288 1392 καί
299 1333 418 1414 Ὁμήρου
430 1333 475 1392 καί
485 1334 577 1414 ἑτέρων
588 1334 715 1407 ποιητῶν,
726 1339 760 1401 ῶς
770 1340 820 1394 τῶν
830 1334 876 1412 μέν
888 1336 1015 1393 δικαστῶν
1062 1365 1110 1414 qne
1128 1353 1224 1402 amnesi
1243 1353 1395 1416 aliorumque
1412 1358 1554 1418 poenarum,
1573 1358 1641 1419 quasi
1657 1357 1750 1417 Judim
1766 1357 1839 1407 nullis

243 1419 360 1492 ἀνηκόων
380 1421 498 1487 παιδεῖαι
519 1419 613 1492 ὄντων,
634 1424 707 1495 speie
725 1421 751 1480 δὲ
772 1420 930 1500 εὐσχήμονές
952 1443 1017 1487 τινα
1063 1447 1193 1511 disciplinis
1210 1450 1258 1499 snt
1275 1450 1376 1511 euasi,
1394 1463 1438 1500 vos
1455 1455 1536 1501 rursm
1555 1454 1697 1514 drentem
1716 1453 1839 1516 quanam

1695 434 1835 515 ιιι-ω

1060 700 1111 737 esse
1119 689 1248 739 maximam
1256 691 1410 740 existimarit.
1419 691 1484 753 (tto)
1497 689 1599 740 Proinde
1604 690 1668 740 viros
1676 690 1706 740 cle
1716 692 1838 755 republica

1061 1037 1097 1083 est
1105 1034 1275 1097 appellandus,
1284 1036 1318 1085 sic
1327 1035 1427 1097 erudit,
1442 1038 1470 1086 ut
1480 1036 1522 1099 qui
1533 1049 1616 1086 eorum
1627 1036 1689 1086 tacta
1702 1038 1837 1100 celebrant,

1062 1146 1144 1196 laudes
1153 1161 1232 1196 rerum
1243 1148 1275 1197 ab
1287 1148 1333 1197 illis
1343 1153 1462 1210 gestarum
1474 1162 1521 1198 non
1531 1150 1623 1212 assequi
1634 1149 1771 1200 rideantur.

243 1514 424 1587 προσποιεῖσθε
439 1500 504 1566 εἶναι
515 1510 559 1566 καί
573 1514 781 1587 περιρρονοθντες
796 1508 898 1589 ἱστορία
911 1508 954 1566 τόν
969 1511 1016 1575 is·

243 1619 306 1672 μον,
320 1594 354 1654 ἵν’
377 1598 460 1665 εἰδῆτε
480 1594 519 1653 ότι
539 1596 583 1654 καλ
597 1601 673 1673 ἡμεῖς
691 1619 716 1653 τι
738 1598 789 1669 ἤδη
803 1596 952 1672 ἠκούσαμεν
971 1618 1017 1653 και

243 1683 390 1761 ἐμάθομεν,
404 1683 511 1760 λέξομέν
527 1708 551 1742 τι
564 1684 608 1741 καὶ
619 1689 695 1761 ἡμεῖς
711 1684 771 1764 περὶ
786 1683 892 1743 τούτων.
906 1682 1016 1754 Ἐπειδὴ

243 1768 293 1847 γδιρ
308 1772 466 1848 ίπιχειροῧσι
479 1769 624 1851 ριλοσόρων
637 1773 735 1849 ἀνδρῶν
748 1775 895 1847 μεμνῆσθαι
908 1771 954 1828 καί
967 1793 1018 1829 κα·

244 1857 379 1937 ταρεύγειν
400 1858 443 1914 ἀπὶ
462 1857 520 1923 τοὺς
539 1858 688 1936 εἰρημένους
710 1860 736 1916 ἐν
758 1863 795 1938 τῷ
810 1857 897 1937 μάτρῳ
910 1857 1016 1935 λόγους,

1006 1594 1013 1615 γ
1062 1549 1177 1598 attestatis
1191 1551 1216 1599 et
1228 1552 1316 1612 populo
1329 1553 1443 1613 majorem
1452 1553 1610 1603 straditionem
1625 1573 1631 1603 :
1649 1557 1676 1604 ut
1684 1551 1785 1604 rideatis
1793 1569 1836 1605 nos

1062 1660 1160 1709 qnoque
1172 1647 1222 1708 jam
1234 1649 1322 1711 aliquid
1333 1650 1451 1700 audivisse
1463 1664 1491 1700 ac
1502 1650 1625 1711 didicisse,
1641 1651 1706 1702 hisce
1723 1652 1836 1701 derebus

1062 1744 1087 1791 et
1105 1742 1147 1803 ipsi
1155 1742 1245 1804 aliquid
1254 1743 1404 1794 disseremus.
1418 1748 1549 1808 Postquam
1565 1747 1628 1796 enim
1638 1744 1788 1797 eruditorum
1798 1749 1839 1797 bo

1063 1834 1154 1883 minum
1167 1835 1244 1885 tacere
1259 1835 1404 1887 mentionem
1416 1841 1440 1888 ct
1451 1839 1482 1888 ad
1493 1841 1611 1900 expositas
1626 1852 1695 1888 uersu
1709 1839 1840 1889 sententias

201 1957 234 2006 ,0
245 1943 392 2023 θεωρήσατε
407 1944 608 2025 ἀποςχέγανπς,
620 1935 642 2003 ὦ
656 1945 793 2018 Ἀθηναγοχ
808 1948 842 2011 εγ,
856 1944 913 2011 rob<
923 1947 1018 2022 ὁμογο,
1063 1929 1191 1990 coningere
1204 1928 1346 1992 institunnt,
1357 1931 1451 1994 ridete,
1464 1933 1630 1993 stirenienses,
1642 1934 1719 1996 poetis
1732 1936 1840 1984 omnium

242 2028 373 2109 ,ουμρνως
382 2030 491 2109 ἀγαθοὺς
503 2030 548 2088 χαι,
560 2028 688 2110 χρηστοὺς
700 2031 825 2105 mdc,
836 2030 894 2089 300,
909 2031 1018 2110 κεχωργ.
1063 2034 1178 2071 eonsensu
1188 2024 1356 2084 prestantibus
1371 2027 1395 2073 et
1406 2025 1474 2074 bonis
1484 2026 1648 2087 consideratis,
1663 2031 1781 2089 quantum
1799 2028 1839 2077 ln·

244 2123 303 2176 σθαι
320 2117 441 2193 ἐνόμισαν
455 2117 512 2183 τοὺς
525 2117 658 2198 σώρρονας
672 2119 777 2177 καὶτῶν
798 2119 892 2196 ὁμοίων
907 2121 1018 2197 ἐρῶντας
1063 2119 1150 2167 teresse
1164 2117 1322 2167 existimarint
1339 2120 1401 2168 inter
1414 2120 1534 2169 modestos
1542 2133 1571 2169 ac
1585 2121 1622 2169 sui
1633 2121 1746 2169 similium
1758 2134 1840 2171 aman·

243 2204 288 2263 καὶ
297 2203 355 2270 τοὺς
364 2206 483 2285 ἀκρατεῖς
493 2196 527 2262 ῶν
535 2206 563 2263 ού
573 2204 624 2283 χρὴ
635 2207 744 2271 καὶτοὺς
755 2205 886 2286 ύθριστάς.
900 2207 956 2281 (tie)
969 2205 1017 2264 lls'·

244 2289 278 2358 ξω
291 2291 318 2348 δὲ
330 2294 431 2370 πρῶτον
447 2290 493 2366 μὲν
507 2291 566 2370 περὶ
579 2291 711 2371 Ὀμήρου,
725 2291 752 2350 δν
768 2294 795 2350 ἐν
806 2296 858 2358 τοῖς
869 2291 1017 2372 πρεσύυτά-

241 2400 294 2443 τοις
302 2377 347 2436 καλ
358 2377 515 2458 σοφωτάτοις
523 2381 574 2436 τῶν
582 2383 695 2450 ποιητῶν
707 2370 772 2437 εἶναι
784 2379 919 2454 τάττομεν.
932 2379 1019 2439 Ἐκεῖ·

210 2488 223 2526 a
243 2488 284 2531 νος
303 2463 355 2542 γάρ
372 2467 509 2543 πολλαχοῦ
530 2465 693 2542 μεμνημένος
715 2466 776 2546 περὶ
800 2466 953 2546 Πατρόκλου
973 2464 1018 2524 καὶ

244 2550 397 2630 Ἀχιλλέως,
415 2551 460 2611 τὸν
482 2549 529 2627 μὲν
540 2551 624 2631 ἐρωτα
639 2552 684 2610 καλ
699 2552 748 2624 τὴν
765 2553 913 2629 ἐπωνυμίαν
934 2555 1019 2610 αὐτῶν

245 2643 291 2710 τῆς
311 2638 397 2719 φιλίας
417 2639 623 2720 ἀποκρύπτεται,
646 2639 784 2717 ἡγούμενος
798 2640 843 2707 τδς
861 2645 906 2710 τῆς
921 2641 1019 2706 εὐνοίας

244 2724 389 2805 ὑπερόολδς
411 2727 566 2801 καταφανεῖς
585 2718 718 2793 εἶναιτοῖς
738 2727 949 2803 πεπαιδευμένοις
967 2731 1019 2785 τῶν

244 2814 390 2893 ἀκροατῶν.
434 2815 491 2889 (ris)
508 2812 586 2890 Λέγει
599 2813 650 2894 γάρ
662 2835 712 2872 που
723 2813 854 2893 Ἀχιλλεὺς
868 2813 1020 2893 ὀδυρόμενος

245 2899 288 2959 τὸν
305 2905 350 2958 τοῦ
365 2899 526 2977 ΠατρόκλουΙ
533 2900 654 2973 θάνατον,
668 2904 702 2966 ῶς
716 2900 741 2958 έν
749 2924 774 2958 τι
788 2906 863 2958 τοῦτο
872 2904 922 2957 τῶν
936 2901 1019 2971 λυπη-

174 3059 178 3066 ,
246 2986 359 3066 ροτάτων
374 2986 641 3064 ἀναμιμνησκόμενος,
651 2985 690 3045 ὅτι
698 2987 743 3057 τὴν
753 2985 893 3065 ὑπόσχεσιν
905 2986 1020 3064 πλνπρδς

208 3075 288 3133 1υτδν
301 3072 402 3155 πατέρα
414 3073 457 3131 τδν
477 3073 631 3154 Πατρόκλου
645 3073 781 3134 Μενοίτιον
796 3073 866 3131 άκων
884 3073 1019 3153 ἐψεύσατο·

244 3162 448 3240 ἐπαγγείλασθαι
463 3160 513 3241 γδιρ
527 3164 562 3228 εἷς
575 3161 706 3221 Ὀποῦντα
721 3166 772 3219 σῶν
785 3159 905 3232 ἀπάξειν,
920 3164 943 3218 st
955 3184 1021 3235 συμ·

244 3248 368 3329 πέμψειεν
379 3247 457 3305 αὐτόν
465 3250 500 3314 είς
507 3246 555 3319 τὴν
562 3252 587 3309 Τ
589 3247 659 3326 ροίαν
670 3247 715 3306 καὶ
725 3248 935 3326 παρακαταθεῖτο
942 3250 1021 3323 αύτῷ·

246 3326 267 3415 ᾧ
283 3335 434 3415 καταφανής
448 3337 561 3400 ἐστινὼς
575 3334 607 3393 δι’
620 3335 704 3413 ίρωτα
719 3334 765 3406 τὴν
779 3335 928 3412 ἐπιμέλειαν
943 3337 1021 3392 αὐτοῦ

247 3421 407 3502 παρέλαθεν.
452 3425 512 3500 (ιιι)
531 3419 609 3482 Ἐστι
625 3421 699 3480 δὲτὰ
719 3421 769 3493 ἔπη
793 3421 878 3501 ἀέγὼ
896 3427 940 3481 νῶν
960 3423 1022 3498 ύμῖν

246 3507 335 3585 μέλλοι
349 3508 441 3587 λέγειν·

308 3646 341 3696 Ὦ
348 3648 435 3709 πόποι,
444 3647 459 3707 ἦ
471 3649 491 3711 ῤ’
501 3649 564 3698 ἅλιον
574 3650 628 3705 ἔπος
639 3650 736 3698 ἐκθαλον
746 3649 816 3710 ἡματι
826 3647 895 3708 κείνῳ

208 3747 232 3785 lt
306 3735 423 3797 θαρσύνων
434 3737 500 3798 ἥρωα
513 3736 632 3785 Μενοίτιον
643 3738 666 3784 ἐν
679 3734 822 3798 μεγάροισιν.

307 3823 358 3880 Φῆν
366 3822 390 3870 δέ
399 3824 421 3870 οῖ
431 3823 463 3878 εἷς
470 3823 584 3872 Ὀπόεντα
589 3823 723 3886 περικλυτὸν
733 3822 783 3870 υῖδν
793 3820 899 3880 ἀπάξειν,

308 3906 377 3957 'litor
388 3909 532 3971 ἐκπέρσαντα
542 3910 644 3973 λαχόντα
653 3926 679 3958 τε
690 3909 766 3966 ληίδος
779 3907 855 3956 ainau.

307 3995 361 4044 Ἀλλ’
372 3995 400 4043 ού
411 3997 467 4051 Ζεὺς
477 3995 584 4057 ἄνδρεσσι
595 3996 701 4056 νοήματα
711 3993 787 4042 πάντα
795 3994 900 4054 τελευτᾷ·

309 4083 378 4146 ἀμρω
388 4083 432 4145 γὰρ
441 4085 561 4145 πέπρωται
571 4082 654 4144 ὁμοίην
663 4086 732 4144 γαῖαν
741 4081 845 4144 ἐρεύθειν,

211 4230 236 4270 αν
250 4205 306 4279 (rso)
324 4206 364 4265 Ού
381 4205 464 4263 τοίνυν
486 4207 595 4262 ἐνταῦθα
610 4203 688 4280 μόνον
711 4200 869 4281 σχετλιάζων
890 4202 1023 4281 φαίνεται,

248 4291 306 4348 ἀλλ’
320 4290 400 4357 οὓτως
414 4290 491 4350 αὐτὸν
506 4294 616 4371 ἰσχυρῶς
634 4291 781 4362 ἐπένθησεν,
796 4287 862 4347 ὥστε
881 4287 954 4366 παρά
969 4287 1022 4348 θέ·

247 4379 315 4443 τιδος
329 4382 376 4449 τῆς
393 4381 473 4436 αὑτοῦ
487 4378 584 4455 μητρὸς
597 4375 761 4456 προακούσας
781 4374 820 4435 ότι
842 4373 878 4452 μὴ
894 4373 1023 4452 μετελθὼν

249 4464 296 4540 μὲν
307 4462 365 4530 τοὺς
374 4465 495 4544 ἐχθρούς,
507 4466 566 4523 ἀλλ’
581 4467 660 4532 ἐάσας
672 4463 835 4543 ἀτιμώρητον
848 4463 892 4522 τὸν
904 4468 948 4522 τοῦ
964 4465 1023 4522 Πα·

248 4550 357 4630 τρόκλου
371 4553 490 4623 θάνατον,
509 4550 655 4612 ἐπανελθὼν
670 4551 757 4610 οἴκαδε
769 4551 875 4631 γηραιὸς
889 4553 915 4609 ἐν
930 4553 961 4629 τῇ
977 4554 1025 4608 αὖ·

249 4644 293 4696 τοῦ
308 4639 414 4719 πατρίδι
432 4641 613 4715 ἀποθανεῖται,
627 4638 841 4715 τιμωρησάμενος
861 4639 888 4695 δὲ
910 4637 952 4695 ist
974 4662 1024 4695 τα-

248 4725 316 4803 χέων
328 4725 417 4800 μέλλοι
428 4725 471 4782 τὸν
485 4725 540 4803 βίον
550 4727 680 4803 τελευτᾶν,
689 4724 771 4785 εἵλετο
780 4724 827 4796 riu
834 4731 878 4785 τοῦ
888 4728 1025 4790 τεθνεῶτος

211 4838 237 4878 os
251 4812 338 4870 πίστιν
350 4811 478 4888 pallori,
492 4811 538 4884 τὴν
551 4813 690 4893 σωτηρίαν.
705 4812 784 4874 Ούτω
798 4812 825 4872 δέ
837 4813 1025 4893 μεγαλοψύχοις

251 4899 372 4978 ἠπείγετο
396 4900 439 4958 τόν
461 4901 537 4980 φονέα
560 4900 603 4959 τδν
618 4900 715 4960 ἐκείνου
726 4901 941 4980 τιμωρήσασθαι,
957 4901 1023 4958 ὥστε

251 4987 354 5044 πάντων
370 4987 447 5046 αὐτὸν
461 4988 712 5067 παραμυθουμένων,
731 4989 776 5047 καλ
789 4990 943 5047 κελευόντων
964 4989 1025 5047 λούὁ

252 5078 348 5131 σασθαι
357 5074 401 5132 καλ
411 5079 481 5133 σῖτον
493 5075 725 5154 προσενέγκασθαι,
739 5075 869 5150 ἀπόμνυσι
879 5073 960 5151 μηδέν
971 5074 1026 5133 τού-

252 5183 304 5219 τοιν
317 5161 422 5242 πράξειν
433 5163 492 5242 πρὶν
505 5164 536 5222 ἂν
549 5164 595 5235 τὴν
609 5170 655 5223 τοῦ
663 5163 791 5244 Ἕκτορος
802 5162 916 5242 κεφαλὴν
928 5162 970 5221 ἐπὶ
983 5162 1026 5219 τὸν

1063 2213 1112 2272 tes,
1124 2212 1149 2260 et
1160 2209 1221 2260 inter
1233 2212 1398 2274 immodestos,
1409 2214 1451 2276 qui
1461 2213 1693 2276 eadasiderantquoe
1704 2228 1753 2263 non
1761 2215 1839 2277 deoet,

1063 2304 1291 2354 accontumeliosos
1320 2307 1386 2367 ilia)
1397 2307 1504 2355 Primum
1513 2306 1632 2357 autemde
1641 2308 1840 2370 Homerodicam,

1063 2414 1135 2464 quem
1147 2403 1171 2451 in
1186 2403 1356 2465 antiquissimis
1365 2406 1389 2453 et
1400 2405 1578 2466 sapientissimis
1590 2406 1665 2466 poetis
1676 2419 1840 2457 numeramus.

1063 2499 1109 2554 Qui
1117 2510 1192 2559 quum
1202 2498 1284 2548 multis
1293 2499 1352 2550 iocis
1360 2501 1461 2550 Patrocli
1471 2503 1495 2550 et
1505 2502 1602 2552 Aciriilis
1613 2504 1759 2566 meminerit,
1771 2520 1841 2555 amo·

1065 2600 1143 2646 remei
1151 2599 1335 2658 cognomentum
1345 2599 1454 2649 amicitie
1463 2600 1559 2648 illorum
1566 2599 1707 2663 dissimulat,
1719 2616 1796 2664 quum
1803 2605 1841 2652 in·

1064 2697 1155 2758 signem
1167 2698 1231 2746 iiiam
1241 2698 1430 2748 benevolentiam
1444 2698 1544 2748 auditis
1555 2698 1703 2749 auditoribus
1714 2715 1765 2751 esse
1781 2717 1841 2752 con·

1064 2790 1170 2853 spicuam
1186 2791 1314 2840 existimet.
1347 2793 1411 2852 (lis)
1422 2793 1532 2850 Quodam
1542 2794 1605 2842 enim
1621 2794 1674 2842 loco
1686 2795 1790 2846 Acbilles
1801 2802 1843 2847 Pa·

1065 2887 1133 2935 trocti
1152 2900 1235 2936 necem
1254 2886 1394 2951 deplorans,
1409 2893 1437 2939 ut
1454 2903 1605 2940 remensum
1622 2905 1702 2942 rerum
1720 2907 1776 2956 quas
1797 2897 1842 2946 sibi

1065 2978 1193 3028 acciderint
1202 2982 1309 3030 onmium
1322 2982 1498 3031 acerbissimam
1515 2999 1522 3032 ι
1540 2983 1599 3033 dum
1610 2986 1757 3047 recordatur,
1767 3001 1794 3036 se
1803 2989 1841 3036 in·

1066 3072 1142 3119 ritum
1161 3071 1269 3120 fefellisse
1290 3070 1362 3121 fidem
1380 3074 1492 3126 lienoetio
1509 3075 1610 3123 Patrocli
1628 3077 1688 3137 patri
1702 3076 1783 3127 datam
1803 3081 1842 3130 cui

1066 3164 1222 3225 promisisset,
1240 3177 1265 3213 se
1280 3164 1415 3213 Patroclum
1434 3166 1658 3226 Opuntenrsairnm
1670 3168 1842 3233 reducturum,

1066 3265 1085 3314 si
1103 3277 1159 3314 erim
1168 3277 1248 3313 secum
1258 3264 1289 3314 ad
1300 3265 1396 3326 Troiam
1407 3265 1539 3328 ablegassct
1552 3270 1577 3315 et
1590 3266 1644 3315 lidei
1654 3280 1704 3316 suar
1713 3271 1845 3321 commisis-

1066 3360 1102 3407 set
1113 3377 1119 3406 ι
1130 3357 1296 3420 undeapparet
1305 3373 1361 3408 cunr
1370 3361 1458 3410 amoris
1467 3374 1539 3410 cause
1546 3362 1607 3412 illius
1614 3376 1695 3412 curam
1704 3367 1843 3427 suscepisse.

1068 3451 1132 3512 (iti)
1144 3454 1191 3499 Eos
1201 3454 1282 3500 autem
1296 3464 1378 3501 rersus
1389 3451 1461 3513 dicit,
1480 3466 1542 3515 qnos
1550 3467 1594 3516 ego
1611 3467 1676 3504 nunc
1687 3456 1793 3506 recitabo
1805 3477 1811 3505 z

1121 3577 1170 3618 ileu
1180 3586 1246 3630 quarn
1255 3575 1323 3619 stulta
1332 3586 1387 3619 mea
1396 3577 1457 3619 renit
1465 3577 1573 3620 sententia
1583 3578 1664 3624 meriti.

1121 3664 1164 3708 quo
1174 3653 1282 3710 spondere
1291 3653 1327 3698 dle
1336 3655 1398 3709 potui
1409 3654 1461 3707 tibi,
1471 3655 1530 3698 ctare
1540 3656 1640 3704 ltenrrti,

1121 3732 1255 3776 incolumem
1265 3729 1415 3787 illustremque
1426 3733 1453 3777 ad
1465 3735 1561 3789 opuntia
1570 3735 1652 3778 moenia
1662 3738 1739 3779 natum

1121 3821 1197 3854 eversa
1204 3811 1281 3864 Troia,
1292 3811 1365 3867 spoliis
1372 3811 1494 3865 insignibus
1502 3816 1605 3860 anctum.

1122 3888 1229 3932 rictorem
1236 3891 1242 3931 t
1250 3888 1291 3932 sed
1302 3901 1347 3932 non
1357 3889 1410 3933 deus
1420 3890 1525 3934 omnibus
1535 3891 1609 3934 omnin
1619 3896 1672 3935 rota

1124 3967 1225 4022 indulget
1235 3983 1241 4010 ε
1250 3967 1358 4023 siquidem
1367 3969 1399 4011 sic
1408 3968 1475 4023 impia
1484 3967 1528 4011 iata
1535 3969 1647 4017 tulerunt.

1122 4057 1163 4090 uos
1173 4046 1248 4089 eadem
1259 4051 1285 4090 ut
1296 4050 1379 4100 tegeret
1390 4046 1466 4098 tellus,
1477 4045 1592 4103 utriusque
1602 4058 1682 4092 cruore

1120 4135 1194 4179 sparsa
1203 4125 1293 4169 ruberet
1304 4124 1391 4169 burnus.

1070 4222 1134 4280 (its)
1149 4222 1231 4282 Neque
1242 4234 1299 4270 nero
1309 4221 1348 4270 trie
1358 4221 1486 4270 dumtaxat
1500 4223 1652 4283 lamentatur,
1663 4224 1704 4272 sed
1716 4237 1772 4273 eram
1786 4226 1847 4276 adeo

1070 4326 1223 4376 vehementer
1232 4327 1310 4389 luget,
1320 4329 1348 4376 ut
1358 4341 1434 4390 quum
1444 4328 1567 4379 albetide
1578 4330 1654 4378 matre
1660 4329 1817 4393 audisset,se,
1826 4332 1847 4381 si

1069 4435 1149 4485 hostes
1159 4448 1207 4484 non
1221 4437 1413 4496 persequeretur,
1425 4432 1466 4484 sed
1478 4433 1578 4482 inultam
1591 4435 1691 4483 Patrocli
1707 4448 1791 4484 αεοειιι
1803 4450 1847 4499 pa-

1068 4543 1169 4601 teretur,
1183 4539 1283 4588 domum
1292 4551 1429 4599 reversum,
1441 4549 1521 4587 senem
1531 4537 1556 4585 in
1571 4549 1614 4587 sua
1623 4536 1699 4599 patria
1709 4537 1846 4598 obitnrnm3

1069 4647 1105 4696 sin
1115 4647 1180 4695 nitus
1188 4647 1263 4705 esset,
1272 4642 1380 4692 celeriter
1390 4642 1466 4690 vitam
1475 4654 1531 4689 cunr
1538 4641 1616 4689 morte
1625 4640 1830 4688 commutaturum
1840 4657 1846 4685 :

1070 4752 1141 4802 tidem
1148 4764 1202 4813 erga
1211 4750 1334 4799 mortuum
1343 4760 1393 4796 sum
1402 4746 1534 4808 praetulerit
1543 4744 1715 4804 incolumitati,
1732 4744 1849 4804 taatsqoo

1069 4856 1142 4906 animi
1155 4852 1315 4918 magnitudine
1323 4850 1353 4900 ad
1362 4848 1524 4899 ulciscendum
1535 4846 1783 4898 iltiusinteriectorem
1793 4858 1847 4907 pro·

1071 4959 1171 5024 pararit,
1183 4960 1210 5008 ut
1221 4957 1331 5007 omnibus
1340 4968 1395 5005 eum
1405 4953 1594 5014 consolantibus,
1607 4952 1717 5001 etlarare
1726 4963 1756 4998 ao
1767 4949 1848 4998 cibum

1071 5064 1298 5129 eaperejnbentibus
1304 5099 1311 5125 ,
1322 5063 1437 5124 abjnrarit
1444 5061 1605 5124 sequicqnam
1614 5058 1709 5108 illorum
1718 5056 1847 5113 iacturum,

1072 5169 1210 5232 priusquam
1221 5170 1293 5229 capul
1305 5165 1451 5216 ilectorisad
1464 5163 1564 5214 Patrocli
1573 5161 1710 5224 sepulcrum
1721 5157 1847 5208 attulisset.
