3967 5967
669 446 782 519 xij
800 453 903 518 xm
924 452 1213 517 ΤΙΜΟΚΡΑΤΟΥΣ.
1683 456 1741 516 m

131 587 260 665 δροτίωνα.
303 587 376 661 Ὗπίρ
390 582 514 662 ώνλίγει.
553 584 621 642 Ὅδί
634 587 912 660 Διόδωροςθνὴττηθῇ,
958 587 1137 659 δροτίωνοςκιιί
1145 584 1190 653 τὴν
1199 585 1317 641 κατάτῶν
1329 582 1452 656 πρίσόεων
1461 584 1619 657 κατηγορίαν,
1633 584 1744 658 Ἔμελλε

132 671 177 725 οὖν
191 671 245 743 ίχει
257 669 302 737 τὴν
322 671 395 725 πόλιν
410 672 563 741 παρέχουσαν
581 669 638 740 θπίρ
651 668 740 734 ιώτοθ,
761 668 820 739 ίιπίρ
831 662 860 734 ἧς
873 668 914 721 καί
959 666 1007 738 γὰρ
1022 667 1037 720 δ
1052 663 1173 737 ἀκροατὴς
1192 667 1335 736 θαυμάζειν,
1357 665 1381 717 τί
1391 666 1481 731 δήποτε
1502 667 1578 736 νόμου
1595 667 1745 736 κατηγορίαν

131 750 204 814 αδτδς
217 753 322 804 ποιεῖται
335 750 378 803 οδν
391 748 478 820 λόγον.
492 750 619 803 Anwv.
959 745 1187 817 άπαγγειλάμενος,
1208 746 1331 815 πρίσόεων
1351 745 1436 798 ίνθάδε
1450 746 1570 816 μέμνηται
1590 745 1631 797 καί
1650 745 1744 817 Ἀνδρο-

169 845 232 900 701,
246 848 273 884 υ.
295 828 403 884 Εἰώθασι
415 828 459 900 μίν
469 822 513 880 οθν
525 828 549 882 οί
562 827 670 898 πολλοὶ]
692 826 728 879 Τδ
741 825 784 898 μίν
797 828 914 896 πρότερον
959 824 1037 877 τίωνα
1050 825 1202 895 βλασφημεῖ·
1218 825 1263 876 ἵνα
1279 823 1348 894 δὲτῇ
1362 828 1406 876 τοῦ
1420 825 1496 894 νόμου
1507 811 1744 898 θποθίσειίιίκειώση

133 912 262 982 προοίμιον
274 907 393 976 διαόολὴν
413 906 467 980 ίχει
479 912 524 961 τοῦ
538 908 669 978 προσώπου
683 905 859 977 εώξανομίνην,
874 905 915 958 διὰ
959 901 1005 969 τὴν
1019 910 1069 957 τῶν
1089 904 1223 975 πρέσόεων,
1241 902 1283 955 διὰ
1300 906 1344 969 τὴς
1362 904 1470 973 δευτέρας
1486 909 1683 974 προκατασκευῆς
1700 906 1743 959 τὀν
1836 968 1838 973 ,

131 993 176 1055 της
191 988 292 1052 άτοπίας
311 994 357 1043 τοί
372 991 449 1060 νόμου
463 988 505 1041 καλ
525 991 570 1054 τῆς
587 986 751 1057 ίιποσχίσεως·
772 986 801 1039 τί)
821 986 848 1039 δὲ
872 989 915 1038 νῦν
960 980 1082 1053 άκροατὴν
1095 983 1217 1050 διατίθησι
1231 981 1265 1054 μὴ
1282 984 1390 1053 νομίζειν
1407 982 1539 1052 ἀλλοτρίαν
1555 981 1621 1035 εἶναι
1641 989 1685 1037 τοῦ
1699 1005 1745 1038 πα·

133 1070 262 1140 προοίμιον
274 1069 349 1122 αιἰτοθ
365 1073 409 1121 τοῦ
419 1069 562 1141 πράγματος
576 1064 675 1134 αὔξησιν
689 1066 791 1137 παράχει
806 1065 850 1119 καὶ
863 1066 916 1117 δια·
961 1064 1045 1132 ρόντος
1058 1060 1153 1132 άγῶνος
1163 1060 1207 1127 τὴν
1222 1061 1285 1114 κατά
1296 1062 1352 1123 τους
1360 1062 1468 1132 πρίσθεις
1479 1061 1603 1118 ίιπόθεσιν.
1635 1062 1707 1116 Ἔστι
1719 1064 1746 1117 δὲ

133 1146 211 1214 δολίην
226 1147 301 1200 αθτοθ
312 1150 356 1200 τοῦ
369 1147 462 1217 νόμου,
475 1147 518 1198 καί
528 1144 651 1217 ἐγκώμιον
663 1147 706 1211 τῆς
721 1144 806 1214 χρείας
814 1149 863 1197 τῶν
878 1147 917 1198 νό-
962 1140 1023 1211 μετὰ
1034 1140 1078 1202 τάς
1089 1141 1283 1210 προκατασκευάς
1297 1142 1339 1193 καί
1356 1143 1590 1211 προκαταστατικδν,
1612 1141 1637 1195 ἔν
1650 1140 1672 1215 ᾧ
1685 1163 1745 1214 προ-

135 1247 188 1299 μων
203 1233 252 1280 τῶν
267 1227 385 1299 κειμίνων
402 1225 442 1279 ίπί
455 1226 508 1286 τοῖς
527 1225 635 1294 δεσμοῖς,
652 1223 699 1275 Καί
712 1220 839 1293 εἴργασται
853 1221 917 1276 κατά
961 1218 1155 1289 σεπαγγίλλεται
1169 1219 1211 1271 καί
1223 1217 1268 1284 τὴν
1282 1221 1429 1273 κατάποσιν
1442 1220 1514 1291 ίρεῖν.
1540 1220 1644 1291 Ἔχεται
1660 1220 1745 1287 δέὴδη

134 1305 233 1374 οόξησιν
245 1311 410 1377 συγκριτικῶς.
447 1301 917 1375 Λίρεσινγίιρπεριάχει,πότερονβοό·
961 1303 1004 1365 τῆς
1016 1301 1195 1361 καταστάσεως.
1233 1300 1310 1353 Ποῖον
1326 1294 1370 1352 οῖιν
1391 1298 1443 1352 ίοτι
1461 1301 1490 1354 τδ
1503 1303 1745 1371 προκαταστατικόνς

134 1382 222 1439 λονται
241 1387 284 1439 τόν
307 1386 473 1457 Τιμοκράτους
485 1386 562 1455 νόμον
580 1384 596 1450 ὴ
611 1383 667 1444 τους
685 1382 762 1436 πάλαι
782 1383 914 1452 κειρίνους.
962 1377 986 1439 ἐξ
1001 1372 1132 1448 άρχῆςοόν
1146 1377 1177 1431 τά
1190 1379 1329 1449 πραχθέντα
1348 1378 1423 1450 δίειμι
1436 1379 1495 1448 πρὴς
1517 1379 1588 1451 ίιμῖις.
1627 1381 1747 1451 Ῑίρολέγει

134 1464 191 1518 nY.
204 1465 239 1518 Το
253 1465 362 1537 δεότερον
375 1465 502 1536 προοίμιον
511 1461 638 1533 προσοχὴν
648 1461 783 1532 ίργάζεται·
792 1459 856 1523 αὔξει
869 1460 917 1531 γὰρ
962 1457 1011 1528 γάρ
1024 1457 1067 1509 καί
1082 1459 1256 1528 προαναρωνεῖ
1273 1455 1317 1522 τὴν
1338 1457 1456 1528 περιοχὴν
1471 1458 1550 1526 θλην,
1569 1461 1621 1527 ἥτις
1640 1460 1691 1514 ἐστί
1704 1466 1747 1529 τῆς

134 1544 179 1610 τὴν
199 1544 323 1610 θπόθεσιν,
338 1544 503 1599 καταλύεσθαι
516 1545 616 1614 ράσκων
630 1542 677 1596 ίιπδ
694 1547 739 1595 ποθ
752 1542 918 1613 Τιμοκράτους
962 1539 1131 1599 καταστάσεως
1144 1536 1220 1608 άρχνί.
1262 1536 1333 1608 Ἆρχὴ
1348 1537 1375 1591 δί
1394 1542 1437 1605 τῆς
1450 1540 1619 1602 καταπόσεως
1633 1542 1745 1596 ἐνθένδε·

134 1622 179 1689 τὴν
192 1623 327 1677 πολιτείαν·
343 1623 365 1677 εἰ
378 1622 426 1695 γάρ
437 1623 462 1677 οἱ
471 1622 502 1677 τά
515 1624 595 1677 πάντα
606 1623 726 1684 σώζοντες
735 1623 807 1692 νόμοι
822 1622 853 1673 δι’
866 1621 920 1683 ίνδς
966 1638 976 1666 ι
991 1617 1105 1688 ψήφισμα
1122 1614 1191 1670 εἶπεν
1206 1615 1232 1669 ίν
1247 1616 1307 1688 θμῖν
1325 1616 1466 1688 Ἀριστοφῶν
1488 1616 1584 1671 ἓλίῦθαῑ
1601 1622 1715 1687 ζητητάς·
1733 1646 1744 1671 ν

134 1698 222 1758 τοῦτου
242 1704 319 1773 μόνου
343 1702 505 1769 λυθήσονται,
526 1708 577 1764 ιιῶς
597 1701 626 1754 οίι
644 1701 760 1772 προσήκει
772 1704 859 1754 τοῦτον
875 1699 917 1771 μὲν
964 1695 1010 1748 A&
1022 1695 1048 1748 δί
1063 1700 1107 1763 τῆς
1119 1697 1288 1758 καταστάσεως
1300 1695 1443 1763 οίκειοῖτὴν
1458 1696 1644 1767 ἐπεισαχθεῖσαν
1664 1698 1748 1752 θπὸθε·

136 1781 346 1852 άμανίζειν,ςοὴς
354 1784 381 1837 δὴ
393 1787 438 1852 τῆς
450 1783 571 1853 σωτηρίας
589 1780 680 1844 αἰτίους
692 1782 838 1853 ρυλάττςςνγ
858 1779 919 1842 τινὲς
963 1780 1100 1847 σίντῇτοῦ
1112 1775 1188 1847 νόμον
1200 1778 1345 1847 κατηγορίᾳ.
1382 1776 1428 1828 Καί
1445 1777 1566 1843 διατίθησι
1586 1777 1627 1829 διὰ
1640 1782 1683 1845 τῆς
1703 1799 1747 1830 κα·
1799 1798 1801 1800 ·

137 1862 180 1932 μίν
201 1863 370 1930 ίὸουλὴθηοαν
391 1865 420 1917 τδ
441 1864 553 1933 δεότερον
575 1861 704 1933 προοίμιον
725 1860 792 1931 ἔχειν
812 1861 853 1914 διθι
874 1864 918 1914 τοθ
964 1854 1153 1916 ταστάῦῖωςτδθ
1167 1852 1289 1924 &ww
1301 1855 1343 1907 Ὰαί
1355 1857 1574 1925 προκαῖααέυάίῑῑ
1588 1857 1620 1908 δί’
1634 1856 1748 1920 ὓποθῡίαε

136 1939 188 2005 ίξὴς
199 1941 329 2011 προοιμίου
343 1942 511 2011 συμπέρασμα·
532 1939 556 1992 οί
569 1940 591 1990 δ’
607 1938 698 2010 ίρασαν
712 1938 772 1992 αὗτδ
786 1938 854 2008 ἔχειν
865 1957 918 2009 χω·
965 1930 1032 2002 ἔχειν
1044 1933 1087 1985 τόν
1098 1934 1239 2005 γεγραρότοι
1252 1933 1295 1986 τδν
1310 1934 1387 2004 νόμον
1401 1934 1434 1996 ὣς
1449 1933 1507 2005 &dp
1523 1933 1689 2006 Ἀνδροτίωνος
1707 1938 1748 1989 καί

135 2020 171 2090 ρὶς
184 2024 228 2073 τοῦ
244 2020 296 2087 ἑξῆς
310 2020 337 2075 ἔν
355 2020 433 2096 ἐαυτῷ
452 2020 674 2092 συμπεπληγμίνον
696 2019 726 2072 τδ
748 2020 916 2091 ουμπίρασμα.
965 2010 1100 2065 Γλαυκίτου
1113 2012 1154 2063 καλ
1168 2011 1323 2065 Μελανώπου
1340 2014 1499 2083 γεγραφότος.
1539 2013 1650 2085 Ἐχειδί
1665 2034 1689 2068 τι
1706 2016 1748 2069 καί

134 2100 214 2151 TCV,
965 2091 1169 2161 ἐγκατάσκευονῆ
1185 2093 1329 2154 κατάστασις
1347 2090 1373 2144 ἐν
1392 2095 1445 2154 τοῖς
1462 2092 1572 2146 τέλεσιν·
1591 2093 1634 2145 ἵνα
1650 2093 1698 2164 γάρ
1714 2094 1747 2165 μὴ

149 2176 280 2230 ·Είώθασι
295 2175 339 2248 μίν
353 2170 414 2248 σόν]
438 2177 572 2248 Προοίμιον
587 2174 711 2247 δεότερον.
759 2174 834 2229 Τδδί
853 2172 920 2245 είπερ
965 2170 1079 2234 άπίθανος
1091 2174 1191 2244 γίνηται
1207 2172 1368 2243 διηγούμενος
1379 2174 1474 2225 ότιτιῗιν
1488 2173 1610 2242 πρέσόεων
1623 2174 1747 2227 ἕνεκατὸν

136 2261 209 2309 τοῦτο
222 2257 285 2320 τινί,
306 2261 380 2310 τοῦτο
397 2257 485 2319 είςτθν
509 2255 652 2327 Ἰσοκράτην
672 2255 817 2321 αἰνίττεται,
837 2253 919 2321 ἐπειδὴ
964 2252 1041 2321 νόμον
1056 2250 1152 2318 ἔθηκεν,
1172 2249 1466 2323 ίπὴγαγεκαὶάπόδειξιν
1479 2251 1547 2314 είθίις
1565 2252 1639 2305 είιυὼν
1664 2273 1748 2325 «μορ.

135 2334 249 2398 κάκεῖνος
262 2335 339 2397 οθτως
351 2336 482 2406 ἐλογίσατο
493 2335 562 2407 ίντῷ
574 2336 696 2406 προοιμίῳ
708 2340 744 2407 τῷ
761 2335 817 2407 περὶ
832 2339 875 2402 τῆς
887 2333 919 2388 εἰ·
964 2332 1035 2400 κυρεῖ
1044 2329 1070 2383 δὲ
1083 2331 1121 2383 ότι
1134 2330 1202 2383 ταῦθ’
1220 2352 1231 2379 ε
1247 2329 1324 2391 οθτως
1338 2328 1391 2398 ἔχει
1405 2329 1508 2399 τοίργον
1520 2329 1589 2384 αθτό.
1603 2352 1614 2379 ε
1630 2332 1666 2385 Υ.

136 2414 219 2484 ρὴνης.
258 2414 338 2480 Εἶτα,
352 2413 434 2481 ίπειδὴ
453 2415 599 2476 διδάσκαλος
620 2410 651 2482 ὴν
665 2415 750 2481 αὐτοῦ,
771 2415 919 2486 προσίθηκεν
1003 2407 1443 2479 Ἰσυνιρατικὴῆἔννοιακαὶᾶπδτοθ
1460 2407 1606 2480 Ἀρχιδάμου
1620 2416 1747 2482 μττὴκται,

135 2495 174 2546 δτι
187 2495 358 2564 προσηκόντως
369 2493 463 2566 είρηται
475 2494 568 2566 ἐκείνῳ.
585 2495 690 2549 ATCV.
797 2526 800 2533 ·
965 2490 1007 2543 καί
1028 2488 1188 2559 άρελίστερον
1208 2486 1302 2557 εἴρηται
1322 2490 1365 2553 τῆς
1389 2490 1445 2559 παρ’
1473 2488 1605 2560 Ἰσοκράτει
1627 2494 1746 2562 κειμένης.

150 2610 154 2613 -
173 2590 241 2641 701,
257 2592 284 2643 9.
308 2574 345 2626 Τδ
358 2573 397 2638 δὲ,
418 2581 468 2631 τῶν
492 2574 540 2645 γὰρ
560 2574 639 2627 όντων
660 2574 770 2645 ἀγαθῶν,
785 2572 919 2639 κατασκευὴ
968 2567 1039 2621 Ἐκεῖ
1050 2567 1093 2639 μὲν
1105 2567 1180 2638 γάρὸ
1196 2567 1277 2636 λέγων
1294 2566 1336 2618 καί
1351 2565 1424 2638 ἔγγίις
1437 2566 1624 2629 άλαζονεόεται·
1645 2569 1749 2623 ίνταθθα

135 2657 181 2705 τοῦ
193 2653 336 2723 προοιμίου·
353 2654 526 2713 κατασκευάζει
544 2651 592 2722 γάρ
610 2659 660 2714 πῶς
680 2652 785 2716 σπουδῆς
802 2650 856 2712 άξιά
870 2650 920 2704 ἐστι
965 2647 1017 2702 δίό
1036 2648 1117 2719 λέγων
1137 2647 1237 2707 κολάζει
1257 2646 1286 2698 τὸ
1307 2648 1408 2717 πρᾶνμα
1426 2651 1459 2717 τῇ
1472 2650 1597 2721 προσθήκῃ
1617 2654 1648 2720 τῇ
1666 2653 1699 2711 ώς
1719 2668 1749 2721 γε

136 2730 168 2784 τὰ
181 2731 236 2801 παρ’
249 2731 324 2783 αἰετοῦ
338 2733 381 2782 νῦν
392 2730 533 2801 λεγόμενα,
548 2731 590 2783 καί
603 2731 780 2802 δεῖπροσάχειν
790 2729 857 2800 αδτῷ
866 2728 921 2789 τους
965 2726 1069 2799 ἐμαυτὸν
1090 2728 1176 2781 πείθω,
1217 2723 1247 2777 ‘0
1257 2724 1306 2795 γὰρ
1322 2724 1366 2778 οὔκ
1380 2725 1416 2795 ἐρ’
1429 2725 1514 2779 ἑαυτὸν
1528 2729 1603 2798 μόνον
1624 2730 1692 2800 άγων
1703 2729 1748 2797 τὴν

136 2812 260 2872 δικαστάς.
273 2811 377 2865 ATCV.
965 2808 1042 2877 κρίσιν
1052 2808 1094 2859 καί
1112 2806 1243 2866 ἐνδοιάζων
1255 2804 1291 2857 ίτι
1303 2805 1345 2857 καί
1361 2805 1422 2875 μετὰ
1436 2807 1554 2873 τοσαύτης
1572 2808 1696 2872 ἐπιεικείας
1707 2814 1749 2864 καί

152 2912 155 2921 ·
173 2902 296 2956 701,11.
313 2885 478 2957 Αἰτιώτερον]
493 2885 579 2947 Καλῶς
592 2886 621 2938 τδ
634 2888 796 2958 συγκριτικόν·
813 2884 859 2938 είσί
872 2884 921 2957 γάρ
966 2887 1135 2956 μετριότητος,
1157 2884 1312 2949 ἀπήλλακται
1329 2888 1373 2937 τοῦ
1388 2885 1470 2938 δοκεῖν
1487 2886 1599 2956 ρορτικθς
1615 2885 1680 2939 εἶναι
1697 2892 1750 2951 τοῖς

138 2968 180 3020 καλ
191 2967 266 3019 άλλαι
279 2966 323 3017 δόο
337 2964 413 3018 αἰτίαι
423 2969 467 3018 τοῦ
480 2962 525 3030 τὴν
539 2966 705 3035 δημοκρατίαν
716 2964 759 3018 καί
770 2962 815 3030 τὴν
829 2964 923 3017 ίλευθε-
964 2962 1102 3015 άκοόουσιν·
1117 2961 1170 3016 όδὲ
1186 2962 1274 3029 άνέδην
1290 2964 1409 3033 μαρτυρία
1419 2968 1468 3016 τῶν
1482 2965 1580 3017 πάντων
1598 2966 1652 3035 περὶ
1663 2965 1750 3019 ἑαυτοῦ

138 3047 192 3117 ρίαν
207 3046 386 3117 φυλάττεσθαι,
401 3039 465 3109 οίον,
484 3045 513 3097 τό
527 3044 608 3106 καλῶς
626 3044 797 3114 βουλεύεσθαι,
813 3043 843 3097 τ“ο
860 3063 921 3115 προ·
965 3044 1154 3112 καταχρώμενος
1165 3042 1222 3095 ἄνευ
1237 3046 1281 3107 τῆς
1291 3042 1318 3096 ἐκ
1327 3048 1371 3097 τοῦ
1381 3044 1460 3112 λόγου
1469 3042 1602 3105 κολάσεως,
1614 3043 1658 3096 οὐκ
1670 3044 1751 3116 ἐκρεό·

138 3124 339 3191 κινδυνειίειντῆς
353 3123 714 3194 πατρίδος,πλίονδίτοότων
725 3124 750 3177 οί
761 3125 834 3195 νόμοι
846 3125 922 3186 σωζό-
965 3141 1004 3192 γει
1019 3123 1048 3174 τό
1063 3120 1096 3192 μὴ
1110 3123 1192 3175 δοκεῖν
1206 3121 1271 3175 εἶναι
1291 3125 1343 3185 τοῖς
1364 3121 1477 3175 άκοόουσι
1492 3124 1614 3193 φορτικός.
1651 3124 1686 3176 θί
1701 3125 1749 3196 μὴν

139 3224 219 3275 μενοι.
232 3205 360 3258 ARTCV.
966 3200 1024 3253 ἄλλ’
1043 3200 1098 3272 ἔχοι
1116 3220 1150 3263 τις
1169 3203 1198 3252 ἂν
1217 3200 1294 3253 εἰπεῖν
1313 3201 1355 3253 καί
1371 3201 1429 3271 ὓπέρ
1448 3199 1599 3270 Ἰσοκράτους
1614 3200 1691 3265 αἰτίας
1711 3204 1749 3255 εὖ·

152 3306 158 3315 ·
174 3299 241 3353 701,
259 3298 301 3350 17.
315 3282 353 3335 Τδ
373 3281 416 3353 μὲν
434 3276 478 3333 οὖν
491 3282 613 3352 πρᾶγμα]
629 3281 678 3335 Tou
697 3284 779 3354 τρίτου
792 3285 921 3355 προοιμίου
966 3278 1069 3349 λόγους,
1092 3279 1130 3333 ότι
1153 3278 1271 3348 βασιλέως
1284 3280 1342 3340 παῖς
1364 3278 1483 3347 ὀλίγων,
1498 3279 1539 3330 καὶ
1559 3278 1670 3347 βασιλεὺς
1689 3280 1756 3350 μετα

139 3360 219 3431 άρχὴ·
239 3362 255 3427 ὴ
270 3359 334 3432 άρχὴ
352 3364 396 3427 τῆς
413 3363 575 3431 προοιμιακῆς
589 3358 691 3424 ίννοίας.
728 3362 772 3416 Διδ
784 3363 826 3415 καί
846 3362 923 3425 αίτίας
968 3361 1053 3430 μικρὸν
1074 3357 1224 3429 [ἐσόμενος]
1242 3357 1274 3421 εἰς
1292 3358 1401 3428 πόλεμον
1419 3357 1570 3428 παροξόνων,
1588 3358 1631 3410 καί
1653 3357 1752 3421 είκότως

140 3441 205 3495 ἐστίν
225 3440 349 3503 άπόδοσις.
386 3440 495 3511 Διαρίρει
516 3440 543 3493 δί
556 3444 601 3493 τοθ
614 3441 761 3512 προοιμίου,
776 3448 812 3514 τῷ
828 3444 858 3495 τδ
878 3442 921 3512 μὲν
966 3440 1119 3509 ρροάττεται,
1149 3439 1218 3508 Τρισὶ
1229 3438 1256 3491 δὲ
1269 3438 1405 3509 προοιμίοις
1415 3436 1440 3490 ίν
1451 3437 1652 3509 τοότιρτῷλόγῳ
1661 3441 1751 3510 κέχρη·

140 3519 167 3573 ἔκ
183 3524 331 3586 κατασκευῆς
343 3519 384 3572 καί
397 3519 589 3590 προτάσεωςκαί
604 3520 817 3591 συμπεράσματος,
835 3519 879 3585 τὴν
896 3519 923 3573 δὲ
967 3537 1020 3569 ται·
1034 3524 1070 3590 τῷ
1087 3517 1130 3587 μίν
1142 3517 1244 3571 άπδτοθ
1263 3516 1409 3587 ρείγοντος,
1424 3515 1498 3587 τῷδί
1510 3515 1557 3569 άπὸ
1577 3519 1620 3569 τοῦ
1636 3519 1750 3590 πράγμα·

139 3595 301 3668 προοιμιακὴν
324 3596 421 3650 ἔννοιαν
441 3598 515 3668 μόνον
535 3599 675 3669 διηγεῖσθαι
694 3596 739 3665 τὴν
753 3598 832 3652 αἰτίαν
846 3600 878 3651 δι’
892 3601 922 3667 ἣν
967 3615 1021 3659 τος,
1035 3603 1070 3671 τιῖι
1080 3596 1106 3650 δὴ
1118 3596 1166 3651 άπδ
1178 3600 1221 3650 τοῦ
1235 3596 1383 3667 κατηγόρου.
1395 3594 1473 3647 TCV.
1754 3602 1756 3607 ’

139 3673 214 3743 ἦλθεν
232 3676 272 3730 ἐπί
284 3677 313 3729 τδ
325 3679 440 3747 πρᾶγμα·
457 3676 500 3730 καλ
518 3677 547 3730 τό
561 3677 604 3749 μὲν
629 3678 757 3750 προοίμιον
774 3697 922 3751 συνεστραμ-
1005 3679 1122 3746 701,18.
1139 3674 1370 3746 Ὦςίνκεραλαίῳ]
1386 3671 1713 3745 Ὧςίνσιντόμῳ.ΑΊῸί’.

141 3756 214 3826 μόνον
228 3756 269 3808 καλ
287 3756 385 3826 ὀλίγον,
400 3754 416 3822 ὴ
430 3755 456 3809 δὲ
477 3754 629 3827 θπλουστίρα
642 3758 685 3809 καί
697 3756 737 3809 διά
748 3757 880 3822 πλειόνων,
895 3758 924 3811 οδ
1005 3771 1066 3823 701,
1082 3771 1126 3809 κο.
1148 3753 1195 3815 Ὠς
1214 3754 1239 3825 γ’
1263 3752 1368 3822 ἐμαυτὸν
1386 3752 1478 3822 πείθω]
1505 3749 1604 3813 Ἰίθικδς
1619 3751 1682 3823 όμοῖι
1710 3754 1753 3806 καλ

144 3836 245 3889 πάντοτε
256 3834 282 3888 δὲ
296 3834 351 3888 οθδὲ
363 3835 392 3889 τδ
405 3836 534 3906 προοίμιον
550 3835 604 3906 ἔχει
614 3834 765 3903 κατασκευὴν
779 3838 821 3890 καί
834 3838 925 3910 συμπέν
969 3833 1073 3899 ἐπιεικὴς
1089 3834 1103 3886 ό
1123 3833 1206 3904 λόγος.
1245 3832 1280 3885 ίὴδ
1292 3831 1340 3903 γὰρ
1359 3835 1434 3902 μόνον
1448 3828 1518 3893 οὗτος
1537 3829 1574 3902 ἐρ’
1588 3831 1674 3885 ἑαυτὸν
1696 3834 1752 3906 ἄγει

141 3934 239 3986 ρασμα,
254 3913 491 3982 ἀλλ’ώςάπαιτεῖὴ
504 3916 576 3986 χρεία
592 3916 657 3970 οθτω
669 3919 792 3984 ποιητέον.
834 3917 924 3972 Ἰστίον
969 3912 1013 3979 τὴν
1028 3913 1121 3985 κρίσιν,
1146 3912 1212 3964 ἀλλὰ
1226 3913 1270 3965 καί
1281 3912 1412 3975 ἐνδοιάζων
1433 3912 1590 3980 άπὴλλακται
1602 3917 1646 3966 τοῦ
1665 3915 1751 3968 δοκεῖν

141 3996 168 4049 δὲ
179 3997 217 4049 ότι
233 3995 259 4049 ίν
280 3995 359 4067 τοίεῳ
370 4000 406 4067 τῷ
424 3994 494 4067 λόγῳ
507 3995 571 4065 τρισί
585 3996 720 4065 προοιμίοις
742 3996 873 4066 κίχρηται·
890 4003 926 4068 τῷ
970 3991 1035 4047 εἶναι
1047 3993 1167 4064 φορτικός.
1183 3994 1310 4047 RYTCV.
1751 4002 1754 4011 '

143 4074 186 4146 μίν
198 4073 247 4128 άπδ
259 4078 303 4129 τοῖι
315 4075 463 4146 ρεόγοντος,
476 4081 512 4146 τῷ
524 4073 551 4127 δί
564 4072 611 4128 άπδ
623 4078 668 4127 τοῦ
681 4075 824 4145 πράγματος
831 4115 839 4140 ,
852 4081 888 4147 τῷ
899 4075 926 4129 δί
1006 4090 1068 4143 701,
1083 4074 1127 4126 κθ.
1146 4071 1215 4143 Ἐγὼ
1226 4072 1284 4144 γὰρ,
1298 4067 1321 4125 ὦ
1332 4072 1416 4141 ἄνδρες
1433 4069 1571 4138 Ἀθηναῖοι,
1588 4072 1754 4141 προσίκρουσα

143 4150 244 4206 άπδτοῖι
257 4156 405 4224 κατηγόρου.
445 4153 515 4206 Μετὰ
530 4153 557 4206 δί
576 4157 652 4206 ταῦτα
672 4158 878 4223 προκατασκευαῖς
890 4156 926 4209 κέ·
973 4152 1109 4224 άνθρώπῳ]
1124 4153 1320 4223 Παραδιηγησις·
1344 4153 1532 4222 παραδιηγεῖται
1549 4150 1597 4221 γάρ
1614 4148 1655 4200 διά
1680 4151 1752 4202 ποίαν

142 4251 233 4302 γρηται
243 4233 312 4284 δυσί·
328 4231 396 4299 καίὴ
412 4233 457 4304 μίν
466 4234 550 4304 πρώτη
565 4232 630 4286 ἐστίν
642 4233 717 4299 αθτη·
737 4256 748 4281 ι
769 4232 926 4305 ἐγώγάρ,ὦ
972 4231 1051 4285 αἰτίαν
1065 4229 1141 4300 ὴλθεν
1156 4232 1196 4286 ἐπί
1215 4236 1302 4285 τοῦτον
1317 4230 1359 4283 τόν
1376 4230 1469 4299 άγῶνα.
1495 4230 1600 4283 Ach.
1625 4228 1672 4279 Καί
1687 4228 1752 4301 ἀρχὴ

143 4310 227 4381 ἄνδρες
243 4310 382 4378 Ἀθηναῖοι,
397 4313 560 4382 προσίκρουσα
581 4310 701 4382 άνθρώπῳ
715 4318 813 4383 πονηρῷ
830 4314 871 4365 καί
887 4334 926 4384 ρι·
971 4316 1015 4378 τῆς
1028 4316 1223 4383 προκατασκευῆς
1237 4312 1371 4363 διατεθεῖσα
1384 4310 1439 4371 τους
1453 4308 1584 4370 άκοόοντας
1597 4310 1753 4379 συμπάσχειν

143 4389 333 4460 λαπεχθὴμονι·
351 4411 362 4439 ι
383 4388 438 4456 ὴδί
457 4390 556 4460 δευτίρσ
573 4389 675 4459 ἄρχεται
695 4389 786 4452 οίίτως·
812 4412 822 4439 ι
843 4395 887 4443 τοῦ
901 4390 927 4443 δί
972 4392 1040 4462 αιίτῷ
1054 4393 1184 4446 πεπονθότι
1198 4390 1281 4453 δεινά,
1297 4390 1339 4442 καί
1354 4392 1521 4460 συγγνώμην,
1539 4388 1562 4441 εί
1573 4390 1644 4459 λέγοι
1660 4409 1683 4443 τι
1697 4391 1752 4443 κατ’

144 4469 286 4539 πράγματος
305 4468 349 4520 οὒκ
369 4467 405 4520 ἔτ’
428 4467 498 4529 ὄντος
516 4466 770 4538 άμρισόητησίμου.ν
808 4470 888 4541 Διπλῇ
901 4468 927 4521 δὲ
976 4471 1144 4541 Ἀνδροτίωνος
1169 4469 1337 4540 ἀμυνόμενος,
1362 4470 1477 4538 νέμουσα.
1516 4467 1685 4539 Προσέκρουσα
1707 4469 1750 4536 δὲ,

144 4550 328 4617 προκατασκευῇ
342 4547 475 4616 κέχρηται,
491 4543 572 4611 ίπιιδὴ
586 4545 655 4612 καλὴ
669 4546 807 4610 ἐπείσακτος
817 4548 927 4610 ὑπόθεσις
971 4552 1111 4621 περιέπεσον
1128 4549 1170 4600 καί
1181 4547 1306 4618 ὴχθρευσα
1319 4546 1360 4600 καὶ
1375 4546 1514 4617 συνέρραξε.
1555 4545 1654 4612 Ἐπειδὴ
1670 4547 1695 4600 δὲ
1710 4548 1752 4599 άν·

145 4628 205 4697 δίχα
217 4627 342 4698 διῄρηται·
358 4625 425 4694 καλὴ
438 4628 480 4697 μίν
493 4625 544 4680 ἔστι
553 4625 624 4693 κοινὴ
633 4627 696 4681 κατὰ
705 4634 753 4681 τῶν
763 4630 897 4698 πρόσθεσιν,
909 4628 926 4694 ὴ
972 4631 1084 4691 τίπιπτε,
1096 4628 1121 4680 τί
1132 4622 1176 4678 οὖν
1187 4625 1208 4679 εί
1217 4624 1324 4696 πολεμεῖ
1334 4643 1373 4676 σοι
1385 4629 1462 4685 κακῶς
1473 4625 1613 4689 πεπονθώςς
1622 4624 1636 4676 ό
1644 4625 1670 4678 δέ
1682 4645 1752 4695 φησι,

145 4705 172 4759 δί
186 4705 235 4757 ίδία
247 4706 310 4759 κατθι
325 4704 502 4775 Ἀνδροτίωνος.
524 4705 569 4757 Διθι
580 4710 652 4759 τοῦτο
663 4707 705 4758 καί
717 4705 733 4772 ὴ
744 4705 928 4777 προκατασκευὴ
972 4709 1042 4776 καλὴ
1060 4708 1129 4770 πόλις
1149 4707 1200 4778 μετ’
1216 4706 1276 4775 ἐμοῦ
1289 4707 1477 4776 προσέκρουσεν,
1488 4703 1543 4756 άντί
1551 4709 1608 4768 τοῦ,
1622 4704 1655 4765 είς
1669 4706 1753 4775 μάχην

146 4784 206 4854 δίχα
219 4785 344 4857 διῄρηται,
360 4786 401 4838 καί
416 4786 444 4839 τό
457 4786 500 4857 μίν
514 4804 538 4839 τι
551 4785 624 4852 αθτῖης
642 4785 692 4840 ίστι
709 4787 771 4840 κατὰ
788 4786 928 4859 Ἀνδροτίω·
973 4790 1014 4841 καί
1035 4791 1106 4859 μῖσος
1126 4781 1186 4853 ὴλθε
1199 4784 1239 4836 διά
1251 4783 1296 4850 τὴν
1311 4784 1441 4853 πονηρίαν,
1452 4781 1523 4853 κάγὼ
1534 4782 1562 4834 οὗ
1582 4783 1614 4834 δι’
1630 4782 1752 4853 ίμαυτδν,

147 4884 188 4925 νος
206 4864 247 4917 διά
267 4862 312 4930 τὴν
327 4864 464 4935 μίλλουσαν
485 4864 641 4936 βλασρημίαν
660 4866 693 4927 ὡς
713 4865 780 4919 δεινά
798 4869 928 4921 πεπονθότι
973 4866 1031 4918 ἀλλ’
1052 4865 1068 4932 ὴ
1093 4866 1160 4937 ρόσις
1182 4863 1256 4917 αθτοθ
1277 4864 1344 4915 κινεῖ
1364 4860 1408 4927 τὴν
1434 4860 1526 4932 ἔχθραν
1549 4861 1608 4931 πρδς
1633 4861 1761 4923 άπαντας.’

147 4945 298 5015 συγγνώμην
319 4946 410 5015 νέμειν,
426 4943 448 4997 εί
466 4945 602 5015 προαχθείη
623 4944 686 4998 κατίι
701 4943 871 5016 Ἀνδροτίωνος
887 4945 928 5000 λέ·
972 4948 1053 5000 TCV.

147 5040 201 5093 γειν
215 5029 297 5078 τιτῶν
310 5023 469 5094 άτοπωτίρων
483 5022 523 5075 διά
537 5022 569 5075 τὰ
588 5023 641 5076 κατ’
653 5022 728 5076 αὖτοί
748 5026 928 5095 σκευωρηθίντα
1010 5042 1071 5094 7⁰²·
1085 5041 1127 5079 10.
1146 5022 1195 5075 Ίδν
1208 5019 1239 5088 δὴ
1258 5019 1291 5082 εἰς
1314 5020 1345 5073 τά
1363 5022 1464 5073 τοιαῦτα
1487 5017 1675 5084 καταστήσαντά
1698 5022 1752 5091 με]

148 5100 309 5173 ίγκλὴματα,
322 5105 352 5158 τδ
362 5106 388 5159 δέ
403 5104 453 5159 ἔστι
466 5102 529 5157 κατὰ
541 5109 590 5156 τῶν
610 5105 742 5176 πρίσόεων.
785 5103 930 5176 Ῥητορικόν-
974 5105 1121 5175 Πρόσκειται
1135 5103 1164 5155 τδ
1178 5100 1280 5165 άδίκως,
1293 5099 1337 5151 ῖνοι
1352 5097 1386 5170 μὴ
1403 5098 1465 5171 λίγη
1478 5117 1529 5163 τις,
1542 5097 1600 5149 άλλ’
1612 5096 1633 5151 εί
1646 5097 1756 5168 εὐλόγως

149 5199 210 5235 ma
223 5184 339 5253 κίχρηται
351 5187 404 5245 ταῖς
418 5186 631 5254 προκατασκευαῖς,
646 5184 690 5236 ἵνα
700 5185 814 5255 φαίνηται
826 5184 866 5237 διθι
876 5186 931 5238 τοό·
975 5184 1072 5239 ίπίθετό
1084 5202 1139 5247 σοις
1153 5182 1192 5235 διδ
1203 5179 1245 5234 καί
1289 5179 1327 5231 σίν
1339 5181 1377 5231 ότι
1387 5219 1393 5240 ,
1404 5179 1462 5230 θσον
1475 5176 1518 5249 μὲν
1532 5171 1591 5242 ὴκεν
1604 5175 1637 5240 είς
1647 5176 1753 5240 ἐκεῖνον,

150 5279 198 5315 τιον
213 5265 340 5317 συνάπτων
352 5267 383 5337 τῇ
397 5265 525 5337 κρινομένη
538 5262 649 5319 ίιποθίσει
659 5266 701 5327 τάς
712 5282 738 5319 τε
750 5263 866 5326 διαθολθς
879 5263 930 5318 Ἰν·
977 5264 1130 5335 ἀπωλόμην,
1146 5260 1241 5329 ἐσώθην
1259 5261 1274 5312 δ
1297 5259 1331 5311 δι’
1342 5258 1417 5330 θμιῑς·
1434 5258 1472 5312 διδ
1485 5254 1668 5335 καίάμίνομαι
1680 5255 1754 5310 αυτὸν
