3967 5967
104 498 257 575 (ιιι-ειη
597 494 784 556 ascerus
804 494 865 555 oe.
887 493 928 553 ru
949 492 1256 554 mesrmoureu.
1657 500 1713 551 ιω

107 634 197 701 νισθι,
209 620 289 695 οὗτος
303 625 334 687 di
346 623 554 706 κηρυγθήσεταις
565 624 625 705 (τοι)
641 624 726 685 Καλεί
738 624 833 701 μένεις
844 625 896 682 τῶν
940 631 1001 692 sitis,
1020 632 1154 682 isteautern
1173 629 1343 694 praedicatione
1358 628 1390 678 sit
1408 628 1547 679 ornandus?
1568 631 1633 692 (tet)
1644 633 1717 693 Atqui

109 719 242 794 τραγικῶν
256 716 377 785 ποιητῶν
391 716 442 771 τῶν
452 711 519 788 μετὰ
529 716 612 769 ταῦτα
621 711 810 787 ἐπεισαγόντων
819 710 896 781 ποιή-
941 717 1026 780 siquis
1038 730 1069 768 es
1079 718 1155 781 poetis
1168 716 1275 778 tragicis,
1285 716 1326 778 qul
1338 715 1473 777 paulopost
1485 716 1576 765 labulss
1585 717 1609 766 in
1621 730 1716 766 scenam

114 825 181 861 σιιεν
193 805 219 861 δν
230 800 368 882 τραγῳδία
375 800 418 859 τὸν
428 797 559 879 Θερσίτην
569 798 619 857 ὑπὸ
629 801 681 856 τῶν
692 798 826 869 Ἑλλήνων
835 820 896 856 στι-
943 805 1083 868 producturi
1100 806 1170 865 sunt,
1186 805 1275 854 laceret
1288 804 1313 851 in
1325 802 1439 863 ingredia
1450 803 1608 853 Thersitema
1625 806 1717 854 Graeeis

117 887 289 971 φανούμενον,
310 888 395 954 οὐδείς
415 885 445 945 ἀν
470 888 542 962 ὑμῶν
562 885 733 961 ὑπομείνειεν,
757 885 797 944 ότι
820 886 897 966 φησίν
941 892 1064 954 coronari,
1086 904 1158 942 nuno
1174 894 1280 940 vestrum
1295 890 1380 950 ferret,
1398 889 1512 951 quoniam
1529 890 1587 939 dicit
1598 905 1655 940 eum
1673 894 1718 941 llo

78 987 106 1027 Θ
117 974 238 1056 Ὄμηρος
252 976 383 1055 ἄνανδρον
398 973 473 1031 αὗτδν
493 963 559 1030 εἶναι
573 972 618 1030 καὶ
633 973 810 1054 συκρράντην·
824 973 897 1031 αύτοὶ
942 989 1023 1028 merus
1035 980 1148 1041 ignarum
1166 981 1190 1029 el
1201 978 1372 1041 sycophantam
1384 976 1455 1025 irrisae
1467 992 1473 1024 z
1486 990 1529 1026 uos
1542 981 1625 1028 autem
1642 993 1719 1041 quum

117 1064 140 1121 δ’
152 1063 213 1123 ὅταν
228 1065 273 1124 τδν
287 1068 404 1121 τοιοῦτον
420 1059 554 1139 ἄνθρωπον
571 1063 734 1139 στερανῶτε,
747 1061 794 1118 οὐκ
812 1060 895 1119 οίεσθε
943 1064 1077 1115 istiusmodi
1094 1065 1186 1114 bomini
1208 1076 1322 1114 eoronam
1339 1063 1478 1125 imponetis,
1504 1078 1553 1113 nou
1570 1067 1660 1127 potatis
1676 1081 1719 1116 vos

118 1151 144 1208 is
162 1160 219 1218 ταῖς
234 1155 285 1210 τῶν
301 1147 440 1217 Ἑλλήνων
452 1147 536 1215 δόξαις
552 1146 731 1225 συρίττεσθαες
746 1147 829 1223 οἱμὲν
847 1146 898 1227 γὰρ
943 1151 1304 1214 Graecorumomninmjudiclis
1315 1150 1466 1200 exsibilatum
1480 1152 1526 1200 iri?
1543 1152 1643 1213 Maiores
1654 1154 1719 1203 euim

118 1237 230 1316 πατίρες
242 1241 315 1314 ὑμῶν
329 1235 364 1294 τδ
382 1233 470 1301 ἔνδοξα
484 1233 530 1292 καὶ
542 1233 654 1313 λαμπρδι
671 1237 722 1291 τῶν
736 1233 897 1313 πραγμάτων
943 1241 1031 1301 rostri,
1041 1241 1127 1303 dquid
1136 1242 1209 1291 rebus
1217 1237 1424 1301 suissplendldum
1433 1251 1462 1287 ao
1471 1241 1614 1302 praclarum
1624 1245 1720 1303 inesset

117 1326 268 1385 ἀνετίθεσαν
282 1330 320 1407 τῷ
334 1323 425 1402 δήμῳ,
438 1321 472 1380 rt
485 1320 513 1380 δὲ
526 1321 637 1380 ταπεινὰ
650 1322 695 1379 καί
706 1322 898 1403 καταδεέστερα
943 1328 969 1378 ld
980 1329 1069 1392 populo
1083 1328 1263 1390 adrumetinum
1278 1330 1364 1394 siquid
1380 1331 1501 1392 abjectum
1511 1331 1583 1390 atque
1602 1328 1720 1389 intimum,

117 1415 153 1479 είς
178 1413 237 1480 τοίας
258 1413 369 1492 ῥήτορας
389 1409 449 1476 τοὺς
471 1407 583 1489 φαύλους
606 1406 728 1486 ἔτρεπον·
757 1412 899 1491 Κτησιρῶν
944 1418 969 1466 in
987 1418 1064 1466 malos
1084 1421 1192 1467 oratores
1210 1419 1364 1468 conierebnnt
1382 1416 1566 1478 :uicieslpbon
1582 1416 1721 1475 arbitratur,

117 1500 223 1575 δ’θμας
233 1500 315 1559 υίεται
327 1500 379 1557 δεῖν
392 1495 533 1578 ἀφελόντας
546 1494 594 1566 τὴν
609 1494 711 1562 ἀδοξίαν
728 1496 779 1554 ἀπὸ
793 1502 900 1572 Δημοσ-
943 1517 1018 1566 quam
1040 1504 1193 1554 Demostheni
1216 1505 1366 1555 detraxeritis
1384 1504 1554 1566 ignominiam,
1573 1504 1662 1565 populo
1678 1518 1722 1552 vos

118 1585 205 1654 θίνοος
218 1591 362 1665 περιθεῖναι
377 1588 415 1664 τῷ
430 1583 515 1662 δήμῳ.
558 1583 617 1658 (ειν)
635 1582 687 1641 Καὶ
709 1581 772 1661 φατὲ
788 1584 835 1660 μὲν
857 1586 900 1641 εύ-
944 1591 1240 1655 circumjioereoporlere.
1271 1593 1335 1652 (232)
1349 1591 1722 1640 Enimverodioitisvoslortuua·

71 1683 104 1733 ur
120 1678 206 1752 τυχεῖς
218 1665 298 1747 εἶναι,
308 1676 343 1739 ῶς
355 1671 401 1730 καί
413 1671 486 1740 ἐστι’,
498 1671 585 1735 καλῶς
598 1676 744 1741 ποιοῦντες,
763 1674 898 1752 ψηριεῖσθε
944 1682 983 1729 tos
996 1692 1062 1741 esse,
1074 1680 1275 1742 quemadmodum
1287 1680 1356 1738 estis,
1369 1682 1392 1728 et
1405 1679 1489 1727 merito
1498 1679 1609 1741 quidem,
1623 1678 1720 1728 deerelo

119 1762 142 1820 δ’
158 1759 208 1818 lui
220 1759 267 1832 μὲν
282 1765 328 1830 τῆς
339 1759 422 1837 τύχης
439 1758 683 1833 ἐγκαταλελεῖφθαι,
698 1757 748 1814 ὑπὸ
765 1759 898 1834 Δημοσθέ·
945 1771 1027 1816 aulem
1034 1766 1255 1816 oonlirmabilisvos
1268 1765 1724 1826 atorlunadereliolos,aDemosthene

120 1871 176 1912 νους
187 1847 215 1905 δὲ
229 1839 259 1905 εύ
270 1847 441 1916 πεπονθέναις
456 1844 502 1903 καί
516 1843 545 1901 rb
558 1843 663 1902 πόντων
679 1846 857 1917 ἀτοπώτατον,
874 1849 899 1903 ἐν
946 1854 1123 1904 beneficiiserse
1133 1855 1240 1914 aiieetos,
1251 1854 1345 1916 etquod
1356 1858 1391 1904 est
1400 1853 1509 1902 omnium
1517 1853 1723 1913 absurdissimum,

121 1939 174 1998 τοῖς
186 1938 275 2000 αὐτοῖς
288 1931 463 2012 δικαστηρίοις
476 1931 535 1998 τοὺς
550 1930 596 2007 μὲν
610 1930 656 1998 τάς
665 1936 716 1988 τῶν
732 1931 820 2013 δώρων
835 1955 900 2012 γρα-
949 1944 973 1992 in
987 1943 1070 1991 iisdem
1080 1943 1175 2007 judiciis
1186 1955 1227 1991 eos
1238 1942 1279 2004 qui
1290 1941 1477 2003 repelumlarum
1489 1941 1657 1990 suntdamnati
1667 1977 1674 2001 ,
1685 1942 1722 1989 in·

119 2020 169 2101 pi<
182 2018 370 2097 ἀλισκομίνους
390 2022 531 2096 ἀτιμοῦτε,
546 2017 574 2077 δν
589 2021 612 2077 δ’
628 2019 701 2075 sirei
721 2024 813 2095 μισθοῦ
826 2023 902 2079 πολι·
947 2031 1020 2079 lamia
1034 2034 1132 2090 uelatis,
1145 2031 1213 2090 linio,
1224 2042 1295 2093 quem
1306 2030 1348 2091 ipsi
1362 2029 1427 2078 scitis
1436 2028 1544 2078 mercede
1557 2041 1631 2090 remp.
1644 2028 1721 2076 admi-

118 2110 258 2184 σινόμενοι
279 2107 399 2177 σύνιστε,
413 2105 606 2186 στερανόισετις
620 2106 665 2163 καὶ
679 2104 738 2172 τοὺς
753 2105 799 2180 μὲν
811 2107 900 2188 κριτδς
947 2119 1198 2179 nistrasse,rorouam
1212 2116 1561 2180 lnrponetiszludorumeliam
1572 2114 1722 2177 Dionysiaco-

93 2194 182 2260 ετοθς
195 2198 226 2253 ἐκ
246 2199 297 2253 τῶν
313 2193 467 2267 Διονυσίων,
483 2194 526 2250 ἐὰν
542 2193 578 2268 μὴ
594 2193 698 2259 δικαίως
712 2192 770 2259 τοὺς
781 2196 900 2262 κυκλίους
947 2205 1262 2267 rumjndicrs‚siinlquam
1273 2203 1394 2253 decisoria
1405 2202 1499 2265 cyclicis
1510 2203 1650 2251 sententiam
1662 2203 1724 2251 lule-

119 2281 216 2363 χορούς
227 2283 348 2362 κρίνωσι,
362 2286 501 2355 ζημιοῦτε·
514 2280 586 2339 αὐτοί
603 2280 629 2338 δὲ
647 2284 676 2339 οὒ
690 2282 801 2340 κυκλίων
815 2288 899 2364 χορῶν
947 2293 1009 2354 rint,
1018 2292 1381 2354 mulctatis,iidemautemros,
1390 2289 1571 2340 uouobororum
1581 2290 1725 2350 cyclioorum

121 2371 311 2443 καθεστηκότες
329 2368 399 2428 ἀλλά
416 2369 503 2446 νόμων
518 2370 562 2427 καί
580 2372 714 2438 πολιτικῆς
729 2372 835 2448 ἀρετῆς,
856 2371 901 2437 τάς
945 2380 1037 2444 judices
1047 2380 1179 2441 constituti,
1190 2379 1467 2441 sedlegumulrlutisque
1478 2377 1561 2438 civilis,
1572 2377 1726 2438 praemiuuon

121 2457 221 2537 δωρεὰς
234 2461 266 2515 ού
280 2458 348 2516 κατδι
359 2457 418 2523 τοὺς
429 2457 522 2533 νόμους
531 2458 583 2515 οὐδ’
595 2456 689 2532 ὀλίγοις
700 2457 745 2513 καί
757 2459 809 2524 τοῖς
823 2457 902 2526 ἀξίοις
948 2469 1079 2518 seeundum
1087 2469 1236 2530 legssneque
1245 2467 1327 2530 paneis
1336 2479 1364 2515 ao
1374 2465 1464 2528 dignis,
1474 2464 1515 2514 sed
1529 2464 1550 2513 ei
1561 2465 1602 2525 qui
1612 2464 1663 2513 luceo
1673 2477 1725 2513 atu·

120 2547 190 2604 ἀλλὰ
199 2550 238 2626 τῷ
249 2542 453 2624 διαπραξαμίνῳ
463 2543 574 2616 θύσειας
588 2546 646 2618 (τοι)
659 2539 763 2603 'Erras’
773 2544 863 2612 ἔξεισιν
873 2549 903 2604 ἐκ
948 2556 1035 2605 hirudo
1049 2558 1173 2605 maeonius
1190 2557 1231 2618 ait,
1250 2553 1390 2618 largiemini.
1425 2554 1490 2614 (lit)
1511 2554 1572 2613 Ergo
1591 2565 1622 2600 ex
1635 2552 1725 2614 judicio

120 2639 166 2692 τοῦ
182 2632 352 2711 δικαστηρίου
367 2636 381 2690 θ
395 2637 510 2698 τοιοῦτος
525 2630 614 2709 κριτὴς
633 2630 723 2689 ἑαυτὸν
741 2631 788 2705 μὲν
803 2636 898 2705 ἀσθενῆ
948 2643 1049 2692 discedit
1058 2643 1208 2704 talisjudex,
1220 2642 1268 2691 suls
1277 2641 1376 2704 quidem
1388 2640 1474 2701 opibus
1483 2639 1615 2699 diminutis,
1625 2640 1726 2688 oratoris

119 2719 286 2793 πεποιηκώς,
302 2720 408 2800 ίσγορδν
421 2718 448 2777 δὲ
463 2718 507 2776 τὸν
522 2719 627 2799 ῥήτορα.
646 2718 722 2797 ’λνλρ
736 2719 787 2798 γὰρ
802 2721 905 2792 ἰδιώτης
949 2733 1030 2779 eutem
1041 2730 1119 2779 auctis
1126 2731 1151 2778 et
1159 2729 1314 2778 confirmatis.
1346 2728 1390 2777 Vir
1401 2729 1464 2777 enim
1479 2727 1585 2788 priuatus
1596 2726 1620 2775 in
1633 2727 1729 2775 civilate

84 2822 107 2858 ¹⁰
120 2810 147 2866 is
159 2808 235 2866 πόλει
255 2806 487 2886 δημοκρατουμένη
501 2806 573 2885 νόμῳ
592 2805 637 2863 καί
656 2806 736 2887 ψήρῳ
755 2808 904 2884 βασιλεύει·
950 2817 1025 2866 libera
1033 2818 1083 2879 lege
1093 2818 1216 2866 clericulo
1223 2829 1266 2865 suo
1275 2829 1316 2865 rex
1324 2817 1360 2864 est
1371 2828 1460 2877 :quum
1469 2829 1526 2864 uero
1535 2815 1587 2863 brec
1595 2815 1663 2863 alleri
1673 2827 1728 2863 cou-

120 2895 220 2954 ὅτανδ’
234 2896 316 2976 {cipp
326 2901 411 2954 ταῦτα
430 2893 555 2974 παραδῷ,
570 2893 747 2953 καταλίλυκεν
763 2896 839 2961 αὐτὸς
858 2895 904 2965 τὴν
951 2904 1061 2967 cesserit,
1076 2918 1147 2953 suum
1158 2904 1208 2967 lpse
1223 2903 1382 2966 principatum
1401 2901 1532 2964 dissipauit.
1554 2901 1644 2952 Deinde
1654 2901 1727 2960 juris·

121 2987 202 3040 αὑτοῦ
216 2984 381 3042 δυναστείαν.
424 2981 529 3041 Ἔπειθ’
541 2984 554 3038 θ
568 2980 616 3057 μὲν
631 2982 716 3062 ὅρκος,
726 2980 754 3039 δν
762 2981 906 3059 ὀμωμοκὼς
948 2991 1147 3056 jurandiquidem
1156 2992 1247 3054 religio,
1256 2989 1727 3054 qrraobstrielnsjudieal,assidueipsum

122 3070 238 3140 δικάζει,
255 3069 512 3147 συμπαρακολουθῶν
526 3067 601 3126 αύτδν
613 3069 702 3126 λυπεῖ·
716 3069 751 3126 δι’
766 3070 844 3128 αύτὸν
855 3070 905 3149 γάρ
950 3079 1068 3129 comitans
1084 3079 1199 3138 amictae
1210 3093 1242 3128 ex
1257 3079 1321 3129 illius
1340 3078 1429 3127 scilieet
1445 3077 1574 3126 uiolatione
1585 3078 1675 3126 crimen
1685 3090 1728 3125 ua·

122 3148 196 3231 οἶμαι
209 3157 300 3235 γέγονε
314 3158 345 3216 τὸ
359 3156 521 3235 ἁμάρτημα·
533 3161 550 3228 ἡ
566 3155 594 3214 δὲ
608 3155 684 3236 χάρις
695 3157 758 3236 πρὸς
771 3157 799 3216 ὃν
815 3159 906 3239 ἔχαρί-
950 3172 1004 3218 ium
1016 3172 1070 3218 est:
1085 3169 1162 3231 gratia
1178 3182 1235 3218 sero
1252 3169 1283 3230 ei,
1296 3170 1335 3217 cni
1350 3168 1493 3217 beneficium
1510 3167 1587 3216 faeere
1603 3167 1728 3226 studebat,

124 3247 182 3312 ζετο
197 3245 293 3313 ἄδηλος
305 3244 460 3321 γεγένηται·
479 3248 496 3313 ἡ
512 3242 563 3321 γὰρ
578 3247 663 3323 ψῆρος
677 3243 777 3323 ἀφανὴς
789 3245 904 3325 φέρεται.
951 3266 1000 3302 non
1008 3255 1148 3307 innotescit:
1159 3266 1214 3302 nam
1224 3253 1332 3303 calculus
1341 3256 1433 3302 secreto
1445 3252 1559 3302 redditur.

162 3351 212 3393 aar.
231 3336 365 3409 Δοκῶμεν
379 3332 401 3389 δ’
413 3330 501 3408 ίμοιγε
510 3375 520 3408 ,
529 3322 551 3387 ὦ
560 3330 689 3402 Ἀθηναῖοι
698 3378 707 3410 ,
717 3332 852 3412 ἀμφότερα
862 3332 907 3390 καί
982 3344 1037 3390 tsi.
1056 3339 1173 3390 Videmur
1185 3342 1282 3400 autern,
1297 3339 1464 3401 Athenienses,
1485 3339 1556 3389 simul
1572 3342 1597 3388 et
1611 3340 1726 3390 fortunati

126 3425 268 3497 κατορθοῖν
284 3422 329 3478 καί
349 3419 578 3497 παρακινδυνεύειν
597 3421 633 3485 εἷς
654 3418 702 3483 τάν
723 3421 857 3478 πολιτείαν
877 3423 906 3479 ού
951 3429 1046 3476 asscel
1068 3426 1099 3477 de
1118 3426 1240 3490 republica
1266 3427 1393 3491 periclitari
1417 3427 1468 3489 peri
1487 3425 1729 3488 impraemunitum

87 3509 324 3585 ιεοιιρρονοῧντες.
365 3504 434 3565 Ὅτι
448 3504 555 3586 μὲνγὰρ
570 3507 613 3564 ἐπὶ
629 3510 679 3564 τῶν
701 3514 745 3565 νῦν
764 3512 861 3587 καιρῶν
883 3512 907 3568 οἱ
951 3514 1017 3577 quod
1040 3515 1077 3565 liis
1097 3516 1246 3578 temporibus
1263 3515 1345 3565 liberae
1363 3513 1466 3564 civitatis
1487 3513 1637 3563 firmamenta
1659 3514 1729 3563 mulli

125 3593 219 3650 πολλοὶ
232 3594 284 3659 τοῖς
292 3593 389 3670 ὀλίγως
400 3592 521 3672 προΐεσθε
535 3593 569 3652 ric
579 3598 627 3665 τῆς
641 3595 818 3673 δημοκρατίας
832 3599 906 3675 lopo·
952 3603 1036 3665 paucis
1048 3602 1179 3665 projicitis,
1190 3616 1238 3652 non
1249 3602 1322 3653 laudo
1341 3601 1420 3663 :quod
1430 3605 1509 3651 autem
1521 3600 1577 3650 inde
1587 3615 1635 3651 non
1652 3603 1730 3651 iucre-

125 3680 176 3758 ρα’,
191 3682 239 3738 οὐκ
251 3683 360 3738 ἐπαινῶ·
378 3678 417 3737 ὅτι
437 3680 460 3737 δ’
476 3682 505 3736 ού
524 3681 660 3757 γεγένηται
676 3681 743 3760 papir
762 3682 820 3740 καθ’
838 3688 908 3758 ἡμᾶς
952 3690 1005 3740 buil
1015 3690 1038 3739 in
1047 3704 1091 3740 nos
1105 3704 1171 3753 seges
1182 3694 1307 3740 oratorum
1327 3690 1491 3752 improborum
1502 3689 1573 3738 simul
1584 3692 1608 3739 et
1620 3691 1728 3753 petolan·

126 3766 242 3846 ῥητόρων
262 3770 384 3843 πονηρῶν
409 3765 466 3843 ἅμα
488 3767 533 3824 καὶ
555 3769 711 3847 τολμηρῶν,
738 3770 905 3846 εύτωγοῦμεν,
952 3777 1178 3837 tium,eonomine
1194 3777 1729 3840 lortunatlsumus.Talieenimiugenialulil

126 3853 257 3934 Πρότερον
267 3854 316 3931 μὲν
330 3855 381 3933 γαρ
392 3854 513 3921 τοιαύτας
527 3852 615 3935 ρύσεις
630 3856 722 3931 ἤνεγκε
732 3856 762 3913 τὸ
774 3856 908 3931 δημόσιον,
953 3864 1075 3927 quondam
1088 3865 1235 3928 respublica,
1255 3878 1311 3927 qum
1322 3864 1438 3927 populum
1456 3864 1517 3913 adeo
1533 3864 1602 3914 laelio
1622 3864 1731 3928 perdide·

126 3939 157 4018 μί
177 3943 272 4021 ῥαδίως
287 3941 356 4000 οὕτω
369 3941 514 4000 κατίλυσαν
528 3942 571 4000 τὸν
587 3943 678 4017 δῆμον·
695 3943 785 4023 ἔχαιρε
797 3942 847 4020 γὰρ
862 3967 907 4001 κο·
954 3955 1018 4002 runt.
1028 3949 1579 4015 Gaudebaiquippeassenlationibus;ilaillunr
1590 3965 1637 4000 non
1647 3951 1662 4000 ii
1672 3966 1733 4013 quos

127 4028 318 4103 λακευόμενος,
332 4028 414 4086 ίπειτ*
428 4028 506 4086 αὐτὸν
519 4032 568 4107 οὐχ
582 4028 626 4095 οὓς
640 4029 773 4108 ἐρούεῖτο,
797 4031 855 4087 ἀλλ’
872 4024 908 4098 οἷς
953 4041 1090 4102 metuebat,
1105 4039 1147 4090 sed
1159 4041 1288 4102 liquorum
1302 4040 1357 4089 lidei
1372 4053 1398 4090 sc
1407 4039 1572 4099 commiserat,
1584 4042 1731 4088 everterunt.

129 4117 221 4173 ίαυτδν
233 4114 385 4194 ίνεγείριζε,
399 4116 554 4173 κατέλυσαν·
572 4119 631 4192 (aaa)
649 4117 711 4175 iuret
724 4116 750 4174 δὲ
771 4116 816 4175 καὶ
836 4119 908 4177 αὐτοί
955 4128 1020 4191 (235)
1039 4131 1148 4186 Quorum
1160 4128 1258 4188 quidem
1276 4127 1384 4176 nonnulli
1397 4127 1470 4176 etiam
1486 4127 1531 4188 ipsi
1543 4127 1567 4174 in
1581 4127 1677 4187 triginta
1690 4129 1728 4189 ly·

86 4219 117 4258 2⁰
128 4205 182 4260 τῶν
195 4200 336 4281 τριάκοντα
346 4200 482 4279 ἐγίνοντο,
497 4201 523 4260 οἳ
535 4202 637 4268 πλείους
650 4201 667 4273 ἢ
680 4203 778 4279 χιλίους
789 4204 834 4262 καί
845 4226 907 4262 πεν·
954 4227 1085 4263 ειιιοοτιιιιι
1103 4227 1204 4262 numero
1220 4213 1326 4274 luerunt,
1340 4213 1382 4275 qui
1401 4214 1455 4273 plus
1463 4225 1536 4275 quarn
1550 4211 1648 4260 milleet
1658 4213 1731 4273 urrin-

127 4285 266 4352 τακοσίους
278 4290 330 4344 τῶν
348 4290 463 4347 πολιτῶν
485 4289 604 4366 ἀκρίτους
618 4288 772 4346 ἀπέκτειναν
784 4290 846 4368 πρίν
865 4289 909 4348 καί
953 4304 1037 4362 gentos
1049 4302 1114 4350 eires
1125 4301 1213 4350 indicta
1224 4313 1297 4348 oarrsa
1308 4301 1465 4360 necaverunt,
1481 4312 1512 4347 ne
1528 4297 1670 4347 criminibus
1679 4300 1733 4361 qui-

127 4375 176 4442 τάς
188 4375 275 4440 αἰτίας
288 4379 401 4434 ἀκοῦσαι
415 4375 454 4454 ἐρ’
474 4366 515 4441 αἶς
534 4376 642 4453 ἔμελλον
657 4376 846 4450 ἀποθνήσκειν,
864 4377 910 4435 καί
953 4387 1009 4436 dem
1021 4389 1108 4437 auditis
1118 4388 1151 4437 ob
1168 4401 1223 4449 quac
1239 4388 1307 4435 eraut
1316 4386 1435 4446 morituri,
1452 4384 1570 4446 nequead
1582 4388 1732 4435 mortuorum

127 4464 183 4522 οὐδ’
207 4462 252 4520 ἐπὶ
276 4461 323 4529 τάς
342 4460 427 4543 ταρδς
448 4462 493 4520 καί
506 4463 616 4543 ίκροράς
629 4466 681 4522 τῶν
701 4466 909 4535 τελευτησάντων
956 4475 1077 4536 tumulos,
1093 4476 1123 4525 ad
1138 4476 1239 4524 cadauer
1257 4474 1421 4535 efferendum,
1444 4473 1551 4534 cognatis
1572 4473 1730 4522 conveniendi

128 4549 188 4607 τίειν
201 4546 453 4627 τούςπροαήκοντας
468 4549 668 4629 παραγενέσθαι.
711 4554 772 4630 Ούχ
790 4551 831 4630 ὑφ’
849 4554 910 4628 ὑμῖν
954 4563 1049 4627 copiam
1070 4565 1186 4613 lecerunt.
1224 4566 1284 4622 Ergo
1300 4575 1341 4610 eos
1362 4561 1405 4622 qul
1422 4574 1497 4622 remp.
1519 4560 1688 4609 arlrninislrant
1709 4561 1732 4608 in

128 4638 218 4701 αὐτοῖς
238 4634 306 4702 ἴςετε
323 4635 384 4701 τοὺς
405 4636 632 4712 πολιτευομένουςς
655 4640 685 4696 ού
705 4639 910 4705 ταπεινώσαντες
958 4653 1076 4714 potestate
1088 4653 1166 4699 restra
1181 4664 1227 4698 non
1245 4649 1469 4698 continebillsinon
1482 4661 1524 4696 eos
1539 4648 1580 4708 qui
1599 4660 1663 4695 nuuc
1678 4646 1733 4695 elati

129 4721 303 4800 ‘'mliii“
325 4720 386 4788 τὼ(
407 4728 451 4778 νῦν
477 4721 652 4800 ίπθρμίνουςί
675 4727 704 4783 θῦ
726 4724 855 4800 μέμνησθ’
872 4726 910 4783 ὅτι
955 4732 1735 4796 insolentiasuntsubmissosablegabitisinoumeministis,nun·

89 4822 114 4859 Ἃ
127 4809 211 4874 οὐδεὶς
223 4809 331 4868 πώποτε
353 4806 459 4866 ἀπέθετο
476 4810 598 4888 πρότερον
618 4816 651 4889 τῇ
671 4817 716 4869 τοῦ
731 4811 814 4888 δήμου
828 4835 910 4870 κατα·
958 4839 1032 4887 quarn
1044 4838 1189 4887 qrremquam
1202 4825 1267 4885 prius
1281 4837 1307 4872 se
1318 4823 1348 4871 ad
1361 4823 1493 4871 libertatem
1504 4818 1584 4882 popuii
1597 4817 1733 4866 diluendam

127 4896 215 4968 λύσει,
228 4896 290 4976 πρὶν
303 4897 337 4955 ἀν
356 4897 443 4972 μεῖζον
455 4900 505 4954 τῶν
520 4899 692 4977 δικαστηρίων
709 4901 818 4977 ἰσχύσῃ,
915 4954 920 4965 ,
957 4912 1104 4973 accinxisse,
1122 4926 1194 4974 quam
1210 4911 1354 4971 judiciorum
1371 4909 1512 4958 auctoritate
1528 4906 1604 4967 major
1611 4904 1733 4971 levamril?

166 5005 218 5045 ars.
234 4984 335 5051 Ἡδέως
345 4986 368 5042 δ’
381 4982 412 5040 ἂν
425 4974 828 5062 ἔγωγε,ῶέλθηναῖοι,ἐναντίον
839 4991 912 5064 ὑμῶν
989 5007 1043 5051 teo.
1054 5001 1166 5051 Libenter
1189 4999 1315 5061 equidem,
1335 4997 1496 5055 acironense,
1515 4996 1633 5045 rationem
1653 5009 1734 5043 eoram

127 5073 347 5150 ὃμολογησαίμην
362 5071 429 5148 πρὸς
442 5071 486 5129 τὸν
503 5073 641 5152 γράψοντα
661 5073 691 5131 τὺ
711 5074 849 5155 pipicus,
870 5075 912 5134 διὰ
957 5088 1024 5137 robis
1037 5089 1097 5138 inire
1111 5084 1351 5146 velimoumisloqui
1367 5084 1490 5131 decretum
1505 5082 1733 5154 scripsit‚qun·nmu

127 5159 202 5226 ποίας
216 5161 369 5241 εὐεργεσίας
383 5159 452 5225 ἀξιοῖ
472 5159 640 5235 Δημοσθένην
661 5167 836 5242 στερανῶσαι.
879 5166 912 5222 Εἴ
957 5178 1054 5239 pmpler
1064 5176 1179 5225 beneficia
1188 5173 1375 5223 Demosthenem
1385 5171 1479 5218 senseat
1489 5183 1577 5219 corona
1587 5184 1638 5219 esse
1649 5170 1728 5219 dorrau

128 5247 175 5322 μίν
185 5248 235 5329 γάρ
246 5245 421 5327 λε’γεις,δθεν
437 5245 484 5317 τὴν
495 5246 581 5328 ἀρχὴν
592 5253 638 5307 τοῦ
651 5249 816 5329 ψηφίσματος
826 5253 913 5322 irreci-
957 5268 1025 5316 dum.
1051 5263 1148 5313 Namsi
1170 5261 1229 5310 diois
1250 5260 1312 5310 unde
1329 5259 1465 5320 auspicalus
1485 5271 1511 5305 es
1528 5255 1666 5318 decretum,
1682 5271 1733 5319 pro·
