3967 5967
501 456 552 519 xl.
576 456 679 518 ΠΡΟΣ
699 456 778 518 ΤΙΙΝ
798 456 1022 519 ΕΠΙΣΤΟΛΒΝ
1043 458 1122 518 ΤΗΝ
1145 457 1351 519 ΦΙΛΙΠΠΟΥ.

122 585 489 661 πολιτευομένουςπρδςχάριν.
528 587 634 656 Ἐθηκεν
646 582 689 642 ούν
704 587 825 643 ἀντίθεσιν
837 590 904 661 πρῶ·
984 589 1045 655 138,
1062 595 1106 642 16.
1121 589 1223 644 Πολλοῦ
1236 589 1290 661 ἀεῖ]
1303 590 1337 663 μή
1351 591 1514 664 ἔγεινόρθῶς.
1529 595 1559 646 P.

123 687 169 737 την
186 669 311 722 τείνουσαν
328 665 361 730 εἰς
379 665 465 731 αύτούς
481 665 526 735 τήν
544 666 593 724 ἀπό
606 672 651 722 τοῦ
672 669 843 741 συμφέροντος,
865 670 904 722 δτι
984 669 1045 738 139,
1064 673 1105 721 16.
1122 668 1155 721 Ὃ
1166 668 1196 734 δὴ
1208 669 1313 740 λοιπόν]
1324 671 1474 742 Μιτέργεται
1485 671 1526 726 έπλ
1536 674 1565 726 τδ
1578 674 1680 726 δυνατόν
1692 693 1733 728 κε-

124 747 223 802 εἰιύθασι
232 746 277 819 μὲν
290 747 371 818 λέγειν
382 746 416 810 ὡς
430 746 523 819 ἀγαθδν
537 747 552 816 ἡ
568 748 651 820 εἰρήνη
662 749 740 802 καίτδ
753 750 845 820 τρέφειν
862 747 904 800 δύ·
947 746 1062 819 φάλαιον.
1081 749 1127 801 FY
1129 750 1158 801 P.

124 843 196 896 ναμιν
207 824 318 896 μεγάλην
332 825 365 887 ὡς
376 825 496 896 χαλεπόν·
509 826 550 879 διά
561 827 588 881 δὲ
601 833 650 880 τῶν
663 827 707 880 δύο
719 833 797 898 μερῶν
810 826 903 879 τούτων
984 830 1045 889 141,
1058 829 1102 889 14.
1122 824 1206 898 Ἆξιῶ]
1217 826 1273 881 ἀντί
1282 831 1326 881 τοῦ
1337 827 1404 889 ἀξιον
1420 829 1524 899 νομίζω.
1537 831 1568 883 Β.

122 907 165 970 τῆς
177 905 318 966 ἀντιθέσεως
328 903 475 959 ἐνδείκνυται
489 907 528 960 ότι
542 907 585 959 καὶ
599 905 644 972 τήν
661 905 758 976 εἰρήνην
771 905 839 975 έγειν
851 906 904 959 δεῖν
985 912 1103 977 141,1ρ.
1128 908 1176 973 Τῆς
1193 910 1337 979 κακώσεως]
1354 909 1463 971 Κάκωσις
1482 910 1563 981 ὄνομα
1578 910 1645 976 δίκης
1664 908 1727 963 κατά

122 983 182 1054 φασί
190 984 232 1037 καί
238 983 293 1038 οὔτε
309 983 368 1055 πρδς
379 985 503 1039 Φίλιππον
523 985 643 1055 πολεμεῖν
661 983 718 1038 ούτε
731 984 790 1055 πρδς
804 984 905 1054 βασιλέα
947 993 997 1042 τῶν
1012 987 1182 1058 ἀτιμαζόντων
1196 988 1252 1050 τοῦς
1264 992 1347 1058 γονεῖς
1358 991 1435 1043 FYP.

122 1065 233 1135 πέμπειν·
252 1062 285 1136 μή
296 1063 344 1136 γάρ
356 1062 421 1118 εἶναι
429 1067 514 1136 χρείαν
527 1067 663 1136 χρημάτων
683 1064 745 1136 μηδέ
758 1068 802 1117 τοῦ
812 1065 904 1136 τρέφειν
986 1073 1046 1132 141,
1063 1072 1089 1122 6.
1105 1066 1159 1136 Οὐχ
1171 1068 1250 1136 όπως]
1266 1066 1342 1137 ήγουν
1354 1067 1382 1121 ού
1394 1070 1480 1139 μόνον.
1494 1070 1524 1122 Ρ.

123 1145 236 1216 δύναμιν.
283 1144 355 1198 Ούτω
368 1145 443 1199 πλέον
463 1165 487 1199 τι
500 1145 525 1200 έν
549 1150 581 1219 τῇ
599 1145 708 1217 τκερούση
728 1143 855 1197 ἀντιθέσει·
873 1145 904 1212 ἢν
986 1151 1104 1211 141,16.
1119 1144 1235 1217 Ἑτέραν]
1249 1145 1339 1199 αἰτίαν.
1355 1149 1385 1201 Ρ.

124 1222 195 1278 ίλυσε
225 1228 257 1296 τῇ
280 1230 328 1278 τῶν
351 1225 435 1295 λόγων
462 1231 511 1279 τῶν
535 1225 562 1279 έκ
588 1232 637 1278 τῶν
659 1224 744 1277 ἀλλων
768 1222 904 1277 ύποθέσεων
987 1226 1102 1289 143,13.
1116 1224 1231 1295 Ἕτερος]
1246 1225 1406 1287 όΦίλιππος.
1420 1226 1450 1280 Ρ.

124 1309 268 1377 μεταγωγῇ.
307 1306 441 1377 Μετήγαγε
455 1306 498 1378 μέν
512 1306 560 1377 γάρ
569 1310 646 1359 ταῦτα
657 1305 706 1358 ἀπδ
718 1308 761 1358 τοῦ
774 1304 832 1375 ύπέρ
848 1304 906 1356 Διο-
988 1303 1049 1367 143,
1063 1319 1108 1371 αρ.
1123 1300 1303 1372 Ἐρημον]ύις
1315 1302 1442 1373 έρμαιον,ή
1454 1301 1574 1372 θησαυρόν
1585 1301 1622 1355 ἔπ’
1635 1301 1735 1372 ἐρημίας

123 1382 219 1444 πείθυυς
236 1383 325 1454 λόγου.
379 1384 459 1438 Πλίον
480 1385 506 1439 δέ
522 1403 547 1438 τι
566 1382 645 1437 αιίτῶν
660 1384 702 1435 καὶ
721 1382 783 1437 ἰδιον
807 1381 905 1454 μᾶλλον
950 1380 1043 1452 τύρων,
1070 1381 1174 1453 μηδενός
1193 1380 1254 1451 μήτε
1278 1383 1456 1454 προϊσταμένου
1475 1380 1536 1451 μήτε
1556 1381 1730 1452 φυλάττοντος.

124 1461 165 1516 ἰπί
178 1467 221 1529 τῆς
232 1464 352 1534 παρούσης
366 1464 500 1526 ἀποθέσεως
517 1463 679 1535 ἰξεργάζεται,
716 1465 794 1518 Τοῦτο
808 1465 835 1518 δέ
855 1462 906 1517 ἐστι
951 1461 1027 1514 ΡῪΡ.

123 1541 153 1596 τδ
177 1543 307 1613 βούλεσθαι
330 1545 386 1606 τούς
406 1543 509 1615 ῥήτορας
528 1543 631 1598 κωλύειν
656 1540 702 1609 τὴν
721 1545 781 1615 πρός
804 1542 906 1614 βασιλέα
987 1544 1047 1608 145,
1069 1559 1094 1598 1.
1108 1541 1235 1612 ’λπιστος]
1249 1541 1356 1596 ἀντίτοῦ
1368 1544 1510 1614 μηδετέρους
1520 1542 1609 1612 φιλῶν.
1621 1543 1697 1596 FYP.

123 1623 262 1692 πρεσύείαν·
278 1617 307 1688 ἧς
325 1623 341 1691 ή
359 1624 428 1686 λύσις
447 1621 633 1696 μεταληπτική,
657 1625 696 1677 ότι
712 1624 734 1678 εἰ
748 1624 791 1677 καί
807 1620 905 1693 χαλεπά
987 1623 1047 1686 145,
1062 1638 1089 1675 υ.
1104 1622 1162 1682 Τοῖς
1173 1620 1279 1691 ἑτέροις]
1292 1623 1344 1682 τοῖς
1356 1622 1493 1687 νικήσασιν.
1508 1624 1539 1675 Ρ.

123 1708 213 1770 ταῦτα,
238 1704 400 1775 χαλεπώτερα
417 1704 567 1773 πεισόμεθα,
587 1703 616 1754 ἀν
632 1706 709 1755 ταῦτα
730 1700 762 1774 μὴ
783 1701 905 1772 ἐθέλωμεν
988 1702 1049 1765 145,
1065 1705 1091 1755 6.
1106 1699 1232 1769 Ἥκιστα]
1245 1701 1308 1753 πάνυ
1323 1702 1376 1754 ΒΡ.

123 1786 214 1837 ποιεῖν.
263 1784 310 1837 Kal
325 1783 408 1854 έτέραν
422 1781 569 1849 ἀντέθηκεν,
586 1782 625 1835 θτι
636 1781 802 1853 πολεμοποιός
823 1782 906 1850 Δημο·

124 1863 222 1930 σθένης·
239 1864 269 1931 ἣν
285 1863 337 1916 ἔστι
350 1861 393 1932 μὲν
415 1861 491 1915 εἰπεῖν
505 1859 554 1914 ἀπό
568 1864 613 1913 τοῦ
625 1861 746 1932 νομίμου,
766 1859 818 1912 ἔστι
838 1858 865 1912 δέ
875 1857 907 1910 εί·

123 1941 180 1992 πεῖν
202 1938 251 1993 ἀπό
268 1945 311 1994 τοῦ
329 1942 491 2011 συμφέροντος
516 1939 602 1992 έλυσεν
623 1938 706 1992 εἰπιύν·
737 1938 785 1991 Καὶ
799 1938 846 2009 πρδ
862 1939 906 1990 τοῦ

126 2016 169 2088 ἐμὲ
183 2018 260 2074 εἰπεῖν
273 2020 357 2075 πολλά
370 2020 494 2082 Φίλιππος
512 2018 568 2090 εἶχε
584 2022 628 2085 τῆς
639 2018 749 2082 πόλεως’,
764 2016 807 2071 καί
819 2019 862 2068 νῦν
873 2014 907 2078 εἰς

124 2097 273 2168 Καρδιανούς
282 2101 392 2171 πέπομφε
402 2099 524 2170 βοήθειαν·
540 2098 719 2169 ἐνδεικνύμενος
727 2095 851 2150 κάνταῦθα
861 2094 906 2161 τήν

124 2173 205 2229 αἰτίαν
219 2181 262 2243 τῆς
272 2177 423 2242 ὑποθέσεως,
438 2177 480 2229 καί
491 2178 529 2231 ότι
547 2175 702 2247 ἀπήγγελται
720 2174 803 2236 αύτοῖς
814 2173 906 2226 Φίλιπ-

124 2272 169 2315 πος
179 2257 330 2326 πεπομφέναι
338 2256 452 2326 βοήθειαν
459 2256 611 2327 Καρδιανοῖς,
624 2254 671 2306 Καὶ
677 2253 760 2324 τρίτην
772 2252 903 2307 ἀντίθεσιν·

126 2329 194 2386 ’ἀλλ’
209 2333 237 2387 οὗ
250 2337 429 2406 προηγόρευκεν
442 2336 457 2388 ό
469 2335 591 2398 Φίλιππος
603 2333 665 2406 ίγμῖν
682 2334 726 2387 τδν
740 2333 860 2404 πόλεμον·
875 2332 905 2399 ήν

1673 473 1727 525 571

987 1780 1047 1845 145,
1064 1785 1109 1844 14.
1126 1778 1301 1849 Ἀχθεσθήναι]
1313 1778 1353 1831 διά
1364 1779 1447 1850 μέσους
1460 1777 1581 1849 γενέσθαι.
1597 1778 1672 1831 Lm.

987 1861 1048 1925 145,
1061 1877 1105 1931 27.
1119 1859 1285 1930 Κεκλημένοι]
1301 1858 1466 1929 ἀπατώμενοι.
1482 1859 1556 1912 Lus.

988 1942 1047 2005 145,
1063 1943 1107 1994 18.
1120 1938 1271 2009 Ἕτεροι]οί
1282 1939 1398 2009 προδόται
1410 1937 1451 1991 καί
1466 1936 1621 1997 ὁΦίλιππος.
1641 1937 1695 1989 ΥΡ.

987 2023 1085 2083 146,1.
1100 2016 1234 2088 Παραθείς]
1251 2015 1284 2077 εἰς
1295 2017 1420 2087 σύγκρισιν
1435 2016 1548 2083 ποιήσας.
1562 2016 1639 2067 lass.

988 2102 1048 2165 147,
1063 2116 1104 2166 19.
1123 2095 1256 2167 Ὠρείταις]
1267 2094 1315 2149 ἀπό
1330 2096 1406 2149 τόπου
1420 2098 1464 2148 τοῦ
1479 2093 1575 2164 ’ορεοῦ.
1590 2095 1621 2146 Β.

988 2178 1047 2232 150.
1063 2178 1087 2230 5.
1100 2176 1205 2248 Καίτοι]
1217 2175 1285 2238 Ἕως
1293 2172 1344 2228 ὦδε
1354 2175 1386 2229 τά
1394 2175 1449 2248 περὶ
1457 2179 1506 2228 τῶν
1518 2172 1542 2227 ίν
1551 2172 1697 2245 Χερρονήσῳ
1708 2171 1735 2225 ἐκ

950 2261 994 2311 τοῦ
1007 2258 1123 2327 προτέρου
1135 2255 1286 2326 ἀστερίσκου.
1303 2255 1333 2309 Β.

985 2337 1048 2400 150,
1063 2354 1090 2405 7.
1105 2333 1276 2404 Ἀριστόδημε]
1288 2333 1412 2404 Προδότης
1425 2327 1455 2398 ἦν
1470 2330 1550 2392 ούτος.
1568 2331 1599 2383 Ρ.

124 2408 197 2464 ἔλυσε
207 2411 330 2478 συνήθως.
346 2411 409 2466 Ούδί
418 2412 465 2485 γάρ
480 2414 611 2486 Φεραίοις,
622 2413 677 2467 σύδέ
690 2411 840 2476 Ὀλυνθίοις,
851 2410 907 2464 οὐδὲ
985 2415 1133 2485 Φιλαίτιον]
1156 2411 1296 2483 ’ἰσοκράτης
1310 2412 1351 2466 έπί
1360 2416 1405 2463 τοῦ
1413 2410 1542 2481 φιλοῦντος
1556 2407 1646 2468 ἀλλους
1655 2405 1735 2459 αἰτιᾶ-

127 2487 301 2562 Ἐρετριεῦσιν,
309 2491 455 2556 ούδέἀλλοις
463 2493 648 2548 πιύποτεοῦδέσι
659 2495 785 2565 προεῖπεν.
796 2490 860 2544 Εἶτα
870 2496 907 2563 τῷ
950 2495 1020 2556 σθαι,
1033 2497 1075 2545 νῦν
1090 2492 1117 2546 δὲ
1129 2492 1169 2546 έπί
1181 2496 1225 2545 τοῦ
1240 2490 1354 2552 εἰωθότος
1366 2488 1444 2552 αἰτίας
1456 2489 1498 2542 καί
1513 2486 1661 2557 κατηγορίας
1674 2484 1735 2540 ύπυ-

125 2567 252 2643 ἀναγκαίιρ
271 2572 407 2643 κέχρηται,
427 2571 454 2625 έκ
467 2575 582 2645 διαφορᾶς
605 2572 676 2635 αύτδς
694 2570 807 2632 συνιστὰς
820 2571 859 2623 ότι
878 2569 907 2623 ού
951 2573 1031 2644 μένειν
1046 2571 1112 2641 παρά
1124 2576 1173 2623 τῶν
1185 2570 1280 2623 ἀλλων.
1297 2571 1373 2625 FYP.

123 2648 179 2719 περί
195 2653 243 2702 τῶν
258 2647 318 2701 ίσων
330 2648 413 2710 αὐτοῖς
434 2651 476 2703 καί
485 2654 539 2714 τοῖς
558 2652 645 2713 ἀλλοις
658 2651 724 2704 ἔστιν
744 2650 759 2702 ό
779 2650 906 2712 κίνδυνος,
989 2650 1109 2715 150,18.
1124 2649 1168 2702 Σοί
1182 2647 1225 2720 μίν
1237 2648 1301 2719 γὰρ]
1313 2647 1468 2718 Σημεέωσαι,
1481 2644 1580 2706 κύκλος.
1590 2645 1658 2697 BFY
1659 2644 1689 2696 P.

123 2728 167 2780 ίνα
177 2726 291 2794 κάκείνην
300 2725 345 2793 τήν
356 2727 471 2782 ἀπόνοιαν
481 2729 564 2802 ἀνέλῃ·
575 2728 608 2782 Βῖ
616 2749 679 2792 τινες
690 2728 741 2783 τίεν
753 2728 908 2798 ἀπράγμονες

126 2808 169 2861 καί
179 2808 322 2879 στέργοντες
330 2805 375 2873 τὴν
387 2808 516 2875 δουλείαν,
531 2811 570 2863 ότι
588 2809 617 2862 ού
628 2810 684 2880 περὶ
702 2808 813 2869 δουλείας
826 2805 909 2869 αύτοῖς

125 2886 219 2943 ἔστινό
238 2888 324 2958 ἀγὼν,
339 2888 406 2941 ἀλλὰ
420 2889 475 2960 περὶ
491 2891 625 2954 παντελοῦς
640 2890 770 2960 δννίνᾶι
791 2891 833 2943 καὶ
851 2891 910 2943 όν
982 2915 1031 2971 x1,
1051 2912 1135 2966 11101
1152 2912 1220 2965 1111
1239 2908 1422 2965 mmmmm
1440 2909 1510 2962 11111
1528 2906 1699 2962 munos.

125 2970 228 3037 σχεροῦς
240 2965 394 3029 ἀναστάσεως
404 2968 445 3021 καὶ
458 2967 609 3040 ἀναιρέσεως.
622 2969 691 3040 Ἄχρι
700 2967 744 3039 μέν
758 2964 801 3022 οὖν
815 2971 908 3023 τούτων

126 3043 158 3096 τά
168 3048 388 3117 πραγματικύτερα
404 3047 464 3118 πρδς
477 3047 533 3110 τούς
552 3046 592 3102 έπλ
608 3049 692 3119 χάριτι
707 3048 909 3120 πολιτευομένους
990 3052 1050 3116 151,
1069 3068 1092 3106 1.
1105 3050 1164 3103 Ὅτι
1180 3049 1238 3121 μέν,
1256 3044 1278 3102 ὦ
1297 3049 1382 3119 ἀνδρες
1401 3045 1534 3113 Ἀθηναῖοι,
1557 3045 1680 3107 Φίλιππος
1691 3044 1736 3099 οάκ

125 3122 228 3195 ῥήτοράς
240 3123 304 3179 ἰστιν
317 3124 391 3197 αύτῷ·
407 3124 474 3179 τὀδέ
487 3124 598 3180 έντεῦθεν
613 3125 778 3189 εἰοέύαλενείς
790 3128 909 3199 πορέκόα·
953 3130 1087 3197 ἰποιήσατο
1107 3128 1152 3195 τήν
1165 3128 1264 3198 εἰρήνην
1277 3127 1337 3199 πρός
1354 3125 1430 3198 ὓμᾶς,
1452 3124 1511 3178 (ἀλλ’
1534 3124 1670 3177 &nmero
1692 3125 1736 3177 ῐθθ

125 3220 174 3266 σιν,
184 3201 302 3270 διαύολήν
310 3202 400 3274 ὁμοίως
407 3201 514 3274 ἔχουσαν
520 3211 569 3257 τῶν
579 3206 724 3276 δωροδόκων
733 3206 859 3278 ῥητόρων,
870 3210 908 3262 ότι
951 3210 1081 3281 πόλεμον]
1094 3208 1231 3278 Σηλυόρίαν
1247 3206 1384 3277 ἐπολιόρκει
1395 3205 1534 3268 ‘bamb
1547 3201 1619 3257 ῦίλίί
1633 3207 1682 3255 τῶν
1697 3199 1738 3255 ἐπὶ

126 3280 158 3333 δι’
166 3280 378 3344 αύτούςΦίλιππος
386 3277 535 3337 ούκεύποιεῐ
544 3283 589 3350 τήν
598 3285 812 3351 πόλιν,κα“ιταῦτα
823 3285 909 3343 Ὀλυν·
952 3290 1056 3361 Θρᾴκης·
1072 3287 1195 3354 Ἀθηναῖοι
1208 3285 1234 3339 δέ
1247 3284 1391 3338 ἀπέστειλαν
1403 3280 1429 3334 έν
1439 3286 1475 3353 τῷ
1487 3285 1564 3352 καιρῷ
1576 3279 1657 3350 τούτῳ
1666 3297 1736 3347 em}-

126 3359 191 3422 θίους
204 3354 232 3413 εύ
243 3361 346 3427 ποιήσας
358 3361 400 3413 καί
413 3362 549 3425 Θετταλούς
558 3364 601 3417 καί
615 3364 750 3432 θηύαίους,
765 3368 909 3440 ίνατρσκα-
952 3370 1063 3440 γήσοντα
1072 3368 1155 3429 αἰετοῖς
1163 3367 1250 3421 πλοῖα·
1264 3365 1305 3419 καί
1314 3362 1452 3428 ύπονοὶίῖας
1461 3361 1585 3422 mm&
1606 3358 1737 3430 Ρῆὶῦίῦῑ·

125 3438 241 3493 ταλαύιὶιν
259 3443 313 3503 ταῖς
331 3441 458 3505 διαύολαῖς
471 3442 563 3517 ίκόάλη
580 3444 624 3511 τήν
645 3444 788 3517 ἀντιλογίαν
802 3449 907 3520 ὁμοίως,
952 3448 1027 3518 τηγίᾳ
1049 3447 1200 3516 ππῡμφίίαῑ
1213 3443 1244 3497 τὰ
1255 3443 1348 3509 πλοῖα,
1371 3440 1428 3494 ἀλλ’
1448 3440 1488 3495 ἐπὶ
1504 3440 1636 3511 0⁸³⁹qu
1655 3439 1737 3507 Σθλίέ·

125 3521 142 3588 ἢ
154 3521 260 3574 δέδοικεν
272 3520 358 3584 αύτούς
369 3525 561 3594 ποιησομένους,
575 3525 618 3578 καί
627 3526 658 3577 δι’
670 3526 700 3592 ἡν
717 3524 803 3595 έδεήθη
815 3529 908 3583 τούτων
952 3528 1075 3599 όριανῶν,
1094 3524 1168 3578 ἔλαόε
1177 3529 1254 3593 ταῦτα
1267 3523 1299 3577 τά
1310 3521 1458 3587 πλοῖα,καί
1470 3521 1590 3592 γέγραφεν
1604 3517 1737 3586 Ἀθηναίοις

125 3600 224 3654 πάντων
244 3607 293 3654 τῶν
311 3601 409 3672 λόγων·
426 3605 467 3656 καί
482 3604 573 3671 ταύτην
593 3606 722 3673 καθίστησι
739 3606 862 3677 φανεράν,
876 3608 909 3671 ὡς
954 3604 1102 3672 ἐπιστολήν,
1134 3602 1278 3675 αἰτιώμενος
1300 3603 1339 3655 ὅτι
1360 3601 1476 3671 βοηθοῖεν
1504 3598 1681 3670 Σηλυύριανυῖε
1708 3598 1738 3651 οὗ

127 3679 204 3752 ίφην,
219 3679 259 3734 διά
276 3686 325 3735 τῶν
341 3680 452 3753 ἰλίγγων
465 3679 501 3736 ὧν
521 3683 581 3754 πρὸς
599 3683 772 3757 Ἀριστόδημον
792 3691 907 3742 ποιεῖται.
953 3685 1212 3758 συμπεριειλημμένοις
1224 3684 1279 3745 ταῖς
1292 3681 1436 3748 συίθθκαῑςι
1454 3678 1562 3750 καίπαέ
1580 3675 1739 3740 αὗτῦῑεῑίθαῑ

125 3760 209 3814 Ταῦτα
225 3760 252 3814 δέ
263 3761 380 3814 συντείνει
400 3762 528 3833 σύμπαντα
545 3763 604 3834 πρός
616 3762 660 3829 τὴν
676 3763 746 3818 λύσιν
759 3768 802 3831 τῆς
815 3764 909 3821 ἀντιθέ·
953 3768 982 3821 τό
993 3765 1111 3819 λελύσθαι
1132 3763 1177 3830 τήν
1198 3761 1306 3832 εἰρήνην,
1326 3759 1433 3814 ἀπειλῶν
1447 3778 1474 3812 τε
1492 3757 1637 3830 ἀμυνεῖσθαι
1652 3756 1740 3820 αὖτῦῦς

126 3858 197 3901 σεως.
236 3837 336 3906 Ἐπειδὴ
349 3839 397 3912 γάρ
413 3839 544 3908 ἀντέπεσε,
559 3842 607 3895 Καὶ
621 3842 662 3895 διά
679 3844 703 3896 τί
717 3845 856 3916 δεησόμεθα
868 3849 911 3900 καὶ
955 3846 1025 3900 παντὶ
1048 3846 1134 3900 σθένει.
1172 3842 1266 3909 Ταύτης
1284 3844 1328 3907 τῆς
1353 3839 1482 3906 ἐπιπολῆς
1506 3836 1739 3909 ἀναγνωσθείσηςὸ

126 3916 160 3980 είς
174 3919 245 3974 ποίαν
259 3919 344 3990 χρείαν
362 3924 406 3974 τοῦ
424 3921 555 3991 βασιλέως;
571 3921 668 3976 διίύαλε
685 3924 741 3985 τούς
759 3923 861 3995 ῥήτορας
872 3925 912 3981 λέ-
953 3926 1109 3997 Δημοσθένης
1121 3922 1248 3994 προτρέπει
1267 3925 1375 3991 φανερῶς
1389 3919 1429 3974 έπί
1447 3920 1490 3971 τόν
1503 3916 1624 3988 πόλεμον,
1644 3915 1677 3977 ὣς
1695 3920 1739 3971 τοῦ

125 4014 178 4066 γων
191 3997 290 4064 σύνηθες
300 3996 365 4051 εἰναι
374 3998 456 4069 λέγειν
466 3998 549 4062 αύτσῖς
562 4004 639 4053 ταῦτα
648 4000 672 4063 ίξ
683 3997 719 4055 ὧν
733 4002 856 4055 κωλύουσι
865 4002 909 4069 τὴν
953 4004 1080 4057 Φιλίππου
1101 4002 1236 4062 δεδωκότος
1259 4002 1288 4053 τό
1306 4000 1429 4069 σύνθημα.
1466 3996 1554 4050 ’Βοικε
1575 3994 1739 4067 δὲπροτροπή

125 4076 208 4131 πόλιν.
223 4077 306 4131 Ταῦτα
316 4078 364 4150 γάρ
378 4080 433 4150 περί
446 4080 571 4135 Φιλίππου
582 4080 664 4151 λέγειν
677 4080 800 4147 εἰώθασιν,
813 4080 865 4136 έπεί
874 4084 910 4136 τί·
954 4101 1002 4134 τινι
1014 4080 1054 4136 έπί
1070 4080 1232 4152 στρατοπέδου
1246 4079 1373 4152 λεγομένη
1384 4077 1482 4150 μᾶλλον
1497 4076 1513 4143 ἢ
1526 4075 1677 4147 δημηγορίᾳ·
1691 4072 1738 4129 Καὶ

127 4174 168 4217 νος
181 4157 261 4209 ένεκεν
275 4157 344 4211 αύτολ
352 4157 397 4224 τήν
408 4157 512 4229 ἡσυχίαν
527 4159 571 4214 ούκ
580 4160 696 4231 ἄγουσιν,
712 4161 780 4215 ἀλλά
795 4167 827 4235 τῇ
840 4163 910 4217 πόλει
954 4165 1061 4235 περιέχει
1078 4161 1199 4233 κεφάλαια
1217 4161 1279 4231 τρία·
1306 4160 1336 4213 τδ
1359 4160 1470 4221 δίκαιον,
1487 4157 1517 4209 τδ
1538 4155 1675 4226 συμφέρον,
1707 4154 1738 4207 τδ

127 4235 317 4305 συμόουλεύουσι
332 4236 365 4308 μή
382 4240 528 4307 προεστάναι
540 4245 589 4293 τῶν
607 4237 791 4314 Ἐλλήνωντῇ
808 4242 850 4313 μέν
863 4243 912 4314 γὰρ
954 4242 1068 4295 δυνατόν.
1107 4239 1153 4292 Καὶ
1170 4240 1292 4310 λαμόάνει
1311 4239 1340 4292 τδ
1356 4237 1399 4309 μέν
1422 4236 1516 4287 δίκαιον
1537 4231 1569 4295 ῑῖς
1588 4228 1739 4295 mmm

128 4311 236 4384 ἀνάγκην
246 4314 913 4395 ύπεῖναιπρσστατεῖντοῦκοινοῦγένους,τοῖςδὲβήτορ-
955 4325 998 4373 τοῦ
1007 4322 1119 4374 δυνατοῦ·
1134 4320 1163 4373 τδ
1176 4319 1202 4372 δέ
1213 4318 1317 4371 δυνατόν
1334 4317 1463 4385 καινοτέρᾳ
1481 4313 1578 4384 μεθόδῳ
1592 4310 1736 4382 μετακεχεί·

127 4411 166 4445 σιν
176 4392 290 4465 ούδεμίαν
296 4394 406 4466 ἀνάγκην
417 4396 482 4451 εἶναι
487 4400 627 4472 φιλοτιμίαν
634 4404 842 4473 περιεργάζεσθαι.
850 4407 909 4460 TV.

168 4474 228 4537 134,
250 4476 292 4527 15.
309 4474 396 4528 θύδενλ
413 4479 496 4547 μέντοι
517 4479 631 4550 μᾶλλον]
647 4480 680 4544 εἰς
693 4483 736 4536 τδν
754 4484 870 4555 περὶτῶν
885 4484 911 4538 ἰν

127 4552 273 4625 Χερρονήσῳ
285 4557 387 4608 κεῖνται.
398 4558 430 4610 Β.

163 4635 225 4697 134,
244 4637 284 4689 18.
304 4632 347 4697 ’ΒΕ
355 4634 479 4706 ἀνάγκης]
490 4636 638 4709 ἀναγκαίως.
653 4642 683 4696 Ρ.

166 4715 226 4779 135,
242 4733 268 4785 7.
279 4716 338 4777 Τοῖς
346 4714 450 4787 ἄρχουσι
461 4717 635 4790 βουλομένοις]
651 4718 706 4774 ἀντί
717 4724 761 4775 τοῦ
772 4722 867 4793 ἀρχειν,
878 4724 911 4786 ὡς

128 4789 153 4844 ἰν
168 4796 204 4865 τῷ
217 4793 282 4847 τέλει
295 4798 339 4847 τοῦ
352 4795 406 4865 περ]
417 4794 554 4859 Συντάξεως
565 4798 651 4868 λόγου·
673 4823 684 4845 ·
701 4799 763 4871 ύμτῖς
777 4796 820 4854 ούν
835 4801 911 4873 ύπάρ-

132 4872 194 4935 «fiat
204 4875 349 4946 δεῖχρηστά
369 4875 548 4946 βουλομένους,
571 4878 613 4929 καί
630 4879 710 4930 πάντα
725 4878 772 4940 ἕξει
789 4879 870 4942 καλῶς
886 4904 910 4945 υ,

129 4949 184 5004 ἀντὶ
200 4957 244 5005 τοῦ
261 4956 304 5008 δεῖ
319 4954 416 5026 χρηστά
441 4954 582 5025 βούλεσθαι.
620 4954 654 5007 ’ίί
676 4957 720 5009 ίνα
733 4957 806 5030 λείπῃ
827 4959 855 5012 τό
878 4958 913 5013 εἰ·

129 5048 178 5082 ναι.
191 5033 247 5084 ΒΥ.

168 5111 226 5178 137,
248 5130 274 5182 7.
293 5114 328 5167 Tb
342 5115 364 5167 δ’
376 5113 424 5185 σύγ
439 5114 516 5178 ούτως
534 5113 603 5186 ἔχει]
620 5113 667 5170 λε’
686 5115 795 5170 ίντεῦθεν
811 5117 856 5179 ἕως
869 5122 912 5171 τοῦ

130 5187 212 5259 ἑτέρου
234 5190 392 5263 ἀστερίσκου,
407 5198 451 5248 τοῦ
470 5195 549 5265 λόγου
570 5201 614 5249 τοῦ
637 5196 692 5268 περί
710 5201 759 5249 τῶν
783 5196 808 5250 έν
823 5197 912 5269 Χερρο·

129 5268 198 5343 νήσῳ
210 5269 380 5343 ἐπιγραφέντος
394 5273 468 5331 ἐστίν.
481 5278 513 5331 Β.

954 4418 1034 4469 ρισται
1046 4400 1088 4453 καί
1101 4398 1318 4470 ἀγωνιστικωτίριρ
1334 4396 1417 4466 τρόπω
1432 4391 1621 4464 συμπέπλεκται·
1644 4387 1672 4440 ού
1684 4388 1733 4459 γάρ

956 4479 1005 4550 ίδίφ
1017 4479 1061 4550 μέν
1072 4479 1127 4548 περί
1135 4481 1178 4544 τής
1194 4477 1290 4538 πόλεως
1305 4474 1418 4546 εἴρηκεν,
1434 4471 1484 4542 ἰδίᾳ
1494 4471 1521 4524 δὲ
1533 4469 1589 4541 περί
1601 4467 1738 4532 Φθίέππου,

955 4559 1013 4612 ἀλλ’
1024 4559 1057 4621 είς
1069 4558 1157 4612 ταύτδν
1170 4557 1251 4623 ήνωκε
1265 4554 1306 4608 καλ
1315 4553 1453 4624 συνήγαγεν
1472 4551 1545 4621 άμρω
1561 4548 1592 4604 τά
1614 4550 1674 4619 μέρη
1692 4551 1737 4604 τοῦ

955 4642 1074 4704 δυνατοῦ,
1088 4637 1130 4690 καί
1141 4637 1242 4708 τοιαύτη
1257 4635 1354 4705 μεθόδῳ
1364 4633 1420 4703 περὶ
1428 4635 1502 4684 τοῦτο
1514 4631 1649 4700 κέχρηται,
1660 4646 1740 4698 πεφιτ.

956 4719 1056 4789 τότερόν
1069 4736 1094 4770 τι
1104 4721 1145 4769 νῦν
1164 4717 1179 4783 ί]
1195 4714 1221 4768 έν
1235 4720 1271 4786 τῷ
1283 4715 1388 4784 δευτέρῳ
1403 4717 1451 4764 τῶν
1472 4709 1638 4762 Ὀλυνθιακῶν
1653 4725 1740 4777 προσε.

955 4796 1044 4867 ξευρὼν
1054 4794 1096 4848 καί
1105 4795 1186 4856 διδούς
1196 4798 1286 4865 χρῆσιν
1305 4792 1451 4864 ἀμφοτέρων
1466 4796 1515 4843 τῶν
1528 4789 1651 4860 μεθόδων.
1671 4786 1743 4843 Ἐκεῖ

957 4876 1000 4948 μίν
1015 4876 1064 4947 γάρ
1076 4872 1106 4943 ήν
1119 4875 1233 4946 έκάτερον
1252 4875 1294 4927 καί
1304 4874 1380 4944 λόγος
1397 4872 1452 4942 περί
1465 4871 1567 4923 ἑκάστου
1584 4868 1738 4938 κεγωρισμέ·

957 4979 997 5022 νος
1012 4956 1109 5020 ἀπλῶς,
1127 4954 1230 5009 ἐνταῦθα
1244 4956 1270 5009 δέ
1282 4954 1384 5009 διπλοῦν
1403 4954 1432 5007 τ“ο
1452 4951 1531 5013 εἶδος,
1549 4948 1612 5003 κατά
1630 4950 1659 5002 τδ
1680 4947 1740 5001 «bfo

956 5039 1181 5110 συμπεπλεγμένων
1196 5043 1244 5090 τῶν
1259 5036 1303 5089 δύο
1316 5036 1442 5097 δυνατῶν,
1457 5032 1498 5084 καί
1512 5031 1613 5083 λέλυκεν
1635 5029 1660 5082 έν
1672 5028 1739 5101 αύτῷ

956 5119 1125 5190 ἀνθυποφσράν
1138 5119 1179 5170 καὶ
1188 5117 1319 5170 ἀντίθεσιν·
1335 5113 1381 5180 τὴν
1393 5112 1436 5183 μέν
1445 5111 1493 5165 ἀπό
1512 5115 1555 5177 τῆς
1572 5108 1685 5180 ἐργασίας
1695 5129 1738 5162 κα.

957 5197 1075 5264 τασκευήν
1089 5197 1130 5249 καί
1139 5194 1259 5257 ἀπόδειξιν
1273 5194 1306 5255 ὡς
1321 5190 1344 5254 ἰξ
1357 5191 1564 5263 ὁμολογουμένων
1576 5186 1738 5257 εἰλημμένην,

958 5279 990 5341 ὡς
998 5277 1196 5349 παραύεύηκότος
1208 5273 1251 5341 τὴν
1260 5272 1358 5345 εἰρήνην
1367 5271 1501 5325 Φιλίππου·
1516 5270 1599 5340 ἑτέραν
1609 5270 1635 5321 δὲ
1644 5272 1687 5321 τοῦ
1697 5268 1739 5319 δυ·
