3967 5967
250 448 309 499 οἰδ
789 436 929 498 nom
951 436 1016 497 ΕΙΣ
1036 435 1314 501 ΔΗΜΟΣΘΕΝΗΝ.·

279 571 365 643 Τούτῳ
376 568 405 636 δή
415 570 425 642 ]
437 574 472 641 τῷ
482 568 595 642 Αἰσχίνη.
606 572 636 623 P.
1072 588 1138 635 νων,
1149 567 1293 624 ἀπολώλασι
1310 568 1352 622 καί
1362 568 1387 623 οί
1404 568 1504 624 ἔνοικοι.
1534 569 1609 642 Ἔχει
1619 569 1646 625 δέ
1659 571 1702 625 καί
1712 577 1755 641 τῆς
1764 573 1860 647 ύδρςως

278 646 424 715 Τούτων,ώ
441 649 579 719 Ἀθηναῖοι]
594 649 631 720 Τῇ
651 649 761 702 δεινώσει
772 649 899 719 χρώμινος
915 645 979 710 αύξει
998 646 1028 701 τδ
1072 653 1120 702 τῶν
1137 648 1261 720 πολεμίων
1279 648 1395 720 ἔμφασιν·
1414 649 1490 723 ήγάρ
1509 649 1651 723 κατασκαφὴ
1670 657 1857 728 περιεργότερον

244 732 330 793 πάθος.
369 728 474 782 ίίινεῖδὲ
487 729 529 780 καί
542 728 618 799 φόύσν
633 726 681 781 ἀπδ
690 732 739 781 τῶν
753 727 949 797 πολεμίων,ίνα
965 746 1028 780 παν·
1071 726 1137 791 εἶδος
1154 731 1428 800 τῆςσυμφοριῖς.Τ(ἶ]ί.

244 812 351 881 ταχόθεν
364 807 427 879 ἀργὴ
442 807 610 878 συλλέγηται,
626 805 675 860 ἀπό
697 809 740 873 τῆς
754 807 896 873 ποιότητος,
914 804 961 859 ἀπδ
977 812 1026 859 τῶν
1108 809 1169 870 361,
1184 824 1228 861 22.
1239 808 1315 877 Τιίχη
1326 810 1503 879 περιῃρημένα]
1520 808 1566 862 Διὰ
1585 809 1628 881 μέν
1638 817 1687 864 τῶν
1704 810 1787 867 οἰκιῶν
1810 813 1856 868 τδν

244 892 359 958 χρόνων,
380 887 428 940 ἀπδ
450 891 492 954 τῆς
512 893 560 940 τῶν
583 886 709 958 πολεμίων
731 884 861 952 αύξήσεως.
898 882 963 937 Εἰτα
986 886 1028 937 καί
1070 888 1132 959 γόον
1144 885 1399 954 ηύξησε,διάδάτι”υν
1410 893 1499 957 τειχῶν
1510 888 1553 941 τόν
1564 888 1651 959 φόόον.
1663 890 1745 945 ch,

243 966 308 1018 άλλο
321 967 455 1027 δεινύνσεως
472 962 555 1031 εἶδος,
576 966 614 1018 δτι
631 965 673 1017 καί
687 963 760 1032 οὔσης
772 967 816 1031 τῆς
832 962 961 1031 Ἀθηναίων
981 967 1027 1018 πό·
1106 967 1192 1036 Χώραν
1213 964 1304 1037 ἐρημσν
1317 971 1366 1019 τῶν
1388 964 1413 1019 ἐν
1427 966 1527 1039 ήλικίφι]
1541 968 1648 1022 Διπλούν
1662 970 1691 1023 τό
1708 973 1798 1035 πάθος·
1818 973 1859 1029 ἐν·

243 1045 306 1108 λεως
326 1045 352 1097 αί
379 1050 428 1098 τῶν
458 1042 590 1112 Ἑλλήνων
614 1043 766 1097 ἀπόλλυνται
788 1044 881 1105 πόλεις.
918 1042 966 1095 ίίαί
987 1041 1027 1095 διά
1071 1042 1207 1113 ταύθαγάρ
1228 1042 1290 1112 ύμού
1307 1041 1349 1095 καί
1363 1043 1437 1113 φόδος
1451 1043 1579 1107 καίἔλεος.
1617 1046 1685 1106 Τίνες
1695 1046 1743 1118 γάρ
1755 1049 1779 1101 οἰ
1793 1047 1856 1121 ἀνη-

243 1126 323 1191 τίναςς
346 1124 386 1177 διὰ
400 1125 456 1187 τούς
474 1123 604 1192 Ἀθηναίων
626 1124 748 1196 πρέσδεις,
768 1124 812 1176 ἵνα
825 1125 923 1194 διχόθεν
938 1124 967 1177 τδ
984 1127 1028 1190 τῆς
1072 1122 1186 1191 ρημένοις
1201 1120 1225 1174 οἰ
1242 1121 1326 1192 ἀνδρες
1341 1121 1364 1176 οί
1378 1121 1537 1189 ιῆςηλικίας.
1579 1120 1671 1176 Ἀπόδέ
1685 1130 1733 1178 τῶν
1751 1125 1855 1198 ἀβύχων

242 1204 319 1276 ἀργῆς
330 1207 449 1276 γένηται,
462 1206 504 1258 καί
515 1206 553 1258 δτι
570 1206 710 1276 σωζομένης
720 1208 763 1269 τῆς
774 1204 884 1267 πόλεως,
898 1204 940 1256 καί
950 1204 1027 1269 ύτιῆν
1072 1200 1199 1271 μεθίστησι
1212 1200 1241 1253 τό
1258 1201 1333 1264 πάθος
1351 1199 1391 1256 ἐπί
1416 1199 1447 1254 τὰ
1465 1200 1573 1273 ἰμγίοχα.
1586 1202 1667 1255 TCD.

242 1288 329 1347 σώζειν
344 1283 408 1350 έδει,
426 1286 515 1352 ταύτης
526 1284 551 1338 οί
562 1285 671 1355 πρέσύεις
683 1283 826 1338 ἀπώλλυον.
865 1281 940 1349 Ιίαίή
958 1282 1026 1353 ἀκρί·
1105 1289 1160 1341 Τῶν
1178 1286 1203 1342 έν
1215 1288 1316 1361 ήλυιίφ]
1327 1291 1399 1344 νέων.
1414 1292 1444 1343 Ρ.

242 1365 296 1418 διια
310 1365 350 1428 δέ,
361 1366 398 1417 ύτι
410 1359 426 1437 ᾖ
439 1366 586 1435 προεστάναι
597 1371 645 1417 τῶν
657 1362 787 1430 Ἐλλήνων
797 1363 915 1434 πάτριον,
926 1362 971 1415 ίνα
981 1364 1027 1415 κάν
1107 1367 1170 1433 361,
1186 1370 1229 1422 αδ.
1246 1369 1335 1421 Γύναια
1347 1368 1374 1422 δί
1392 1368 1435 1421 καί
1451 1369 1586 1440 παιδάρια]
1608 1369 1721 1440 ἀχρηστα
1733 1371 1792 1442 πρδς
1809 1372 1855 1427 τδν

242 1443 384 1511 ἠδικηκότες
392 1444 484 1515 όφθῶσι
495 1445 607 1507 Φωκεῖς,
622 1445 684 1516 δοκῇ
697 1445 797 1515 πάτριον
807 1445 839 1516 τῇ
852 1441 925 1497 πόλει
936 1441 965 1495 τδ
976 1442 1026 1494 σώ·
1070 1446 1190 1518 πόλεμον.
1228 1448 1279 1501 Ούκ
1288 1447 1364 1519 ἀφῆκε
1374 1450 1482 1521 μάρτυρα
1493 1453 1542 1501 τῶν
1554 1447 1601 1502 ἀπό
1612 1452 1655 1515 τῆς
1663 1452 1745 1521 χώρας
1755 1450 1853 1520 ούδένα,

242 1526 293 1587 ζειν
306 1524 348 1576 καί
358 1524 413 1585 τοίνς
426 1523 578 1585 ἀδικοῦντας.
592 1525 673 1577 TCV.
1071 1523 1115 1592 τήν
1131 1527 1256 1599 συμφοράν
1278 1528 1410 1590 συναύξων.
1448 1528 1537 1590 Ὀντος
1550 1528 1576 1581 δί
1594 1527 1708 1592 ἀσθενοῦς
1723 1531 1791 1600 φύσει
1809 1537 1855 1586 τοῖν

277 1603 379 1674 Χρόνῳ]
394 1603 524 1673 γενήσεται
536 1603 663 1671 δηλονότι.
675 1606 707 1657 Ρ.
1070 1607 1207 1676 γυναικείου
1220 1606 1313 1677 φύλου,
1332 1606 1369 1660 ίτι
1387 1606 1477 1679 καὶτῷ
1498 1606 1674 1680 ύποκοριστικῷ
1691 1608 1794 1678 δνόματι
1810 1612 1855 1683 γύ-

278 1682 399 1753 Ιίάτριον]
415 1682 466 1734 ἐστι
477 1682 577 1750 σύνηθες
587 1683 629 1735 καί
642 1682 715 1735 ἰδισν.
729 1684 760 1736 Ρ.
1071 1700 1128 1736 ναια
1140 1683 1310 1757 ἀσθενέστερον
1326 1684 1425 1747 ίδιιξιν.
1461 1683 1524 1739 ίίύδί
1537 1686 1628 1748 παῖδας
1646 1685 1756 1752 ὴδῶντας
1767 1686 1853 1755 εἶπεν,

278 1762 339 1827 36ι,
353 1762 396 1815 15.
409 1761 580 1832 Προεστάναι]
599 1759 734 1833 ἔμπροσθεν
755 1761 859 1825 στῆναι·
879 1757 913 1819 ὡς
927 1756 957 1810 τίι
974 1756 1025 1826 (ΙΙ.
1073 1763 1116 1815 ἵνα
1128 1765 1172 1817 κάν
1189 1765 1329 1836 παραμυθία
1341 1767 1396 1828 ταῖς
1415 1766 1520 1837 μητράσι
1533 1765 1650 1835 γένηται,
1663 1764 1748 1836 [ἀλλὰ
1764 1769 1854 1820 παιδά-

245 1857 269 1904 1,
286 1840 360 1911 339)
389 1841 481 1910 «πρός
501 1859 527 1893 τε
544 1841 623 1903 θεῶν,
646 1861 657 1888 ν
681 1837 833 1909 ἔμπροσθεν,
855 1835 959 1891 ἐνώπιον
977 1841 1026 1888 τῶν
1071 1843 1236 1913 ρια],Τ(Ν,

243 1920 321 1982 θεῶν,
336 1944 347 1965 ι
359 1919 418 1989 πρός
431 1937 457 1971 τε
473 1920 568 1985 θνητῶν
580 1917 725 1987 ἀνθρώπων.
743 1939 754 1965 ι
771 1915 825 1967 ΒΥ.
1106 1919 1169 1984 δότ,
1185 1925 1230 1983 24.
1250 1920 1297 1973 ίίαί
1308 1921 1443 1994 πρεσόύτας
1457 1920 1596 1992 ἀνθρώπους
1605 1920 1731 1993 οἰκτρούς]
1745 1923 1854 1993 Πρεσύύ·

278 2000 341 2064 361,
355 2005 398 2052 ιίί.
409 1999 455 2051 1ίαί
466 1998 540 2069 μηδὲν
552 2001 663 2051 τοιοῦτον
672 1998 786 2067 περιορᾶν
796 1995 937 2065 γινόμενον]
947 1993 1027 2046 Τοῦτο
1070 2016 1113 2065 της
1128 1997 1171 2069 μέν
1182 1998 1230 2070 γάρ
1242 1999 1314 2062 αύτδς
1325 2001 1380 2055 καθ’
1391 2000 1476 2055 έαυτδν
1486 2002 1564 2054 δεῖται
1578 2005 1622 2053 τοῖν
1635 2003 1852 2073 συμμαχήσοντας·

244 2075 341 2141 πολλὴν
365 2075 419 2146 ἔχει
441 2074 486 2141 τὴν
504 2074 607 2146 ἔμφασιν
626 2077 669 2141 τῆς
690 2072 798 2137 ἀτοπίας.
836 2070 886 2138 Τήν
905 2071 968 2125 κατά
985 2076 1028 2138 τῆς
1071 2079 1113 2127 νύν
1132 2076 1158 2129 δέ
1169 2078 1210 2129 καί
1227 2076 1381 2149 ήοίκτράτης
1389 2082 1544 2149 συμπεσοῦσα
1553 2079 1704 2150 παραμυθίαν
1714 2077 1742 2131 σύ
1751 2081 1850 2137 δέδωκε,

242 2155 337 2216 πόλεως
350 2155 398 2225 γὰρ
413 2154 569 2225 βλασφημίαν
584 2153 649 2216 αύξει
660 2151 701 2206 διδ
713 2154 800 2207 τούτου
808 2193 818 2225 ,
826 2154 864 2206 δτι
877 2153 966 2205 δέδωκε
979 2150 1027 2203 λα-
1071 2154 1126 2217 ίίῶς
1138 2156 1181 2226 μίν
1191 2151 1235 2208 ούν
1249 2156 1274 2211 ἐν
1291 2158 1385 2220 τούτοις
1399 2158 1429 2211 τό
1442 2158 1550 2211 Φωκέων
1564 2158 1639 2220 πάθος
1656 2156 1854 2228 εἰργάσατο,καί

242 2234 286 2296 ύίις
309 2234 426 2303 Αἰσχίνης
446 2236 498 2296 τοῖς
520 2233 677 2304 βουλομένοις
697 2236 845 2305 κατηγορεῖν
868 2236 912 2284 τοῦ
929 2231 1025 2302 δήμου,
1069 2234 1135 2296 ὅπως
1156 2234 1268 2307 ἐμψύχως
1283 2237 1385 2298 ῖκοιστος
1400 2242 1448 2289 τῶν
1463 2235 1557 2303 ιἠλίκων
1572 2235 1760 2302 ἐπιξελήλυθεν,
1774 2236 1853 2298 ῖξεστι

241 2312 324 2382 ὥσπερ
338 2309 387 2377 ίόο
401 2309 539 2380 παροξύνων
559 2310 600 2364 ἐπὶ
615 2309 733 2381 τιμωρίαν
751 2309 807 2371 τοίς
828 2309 982 2369 δικάζονται·
999 2309 1026 2360 ἓν
1071 2312 1114 2383 μὲν
1125 2312 1152 2367 ἐκ
1164 2320 1213 2367 τοι
1227 2314 1360 2386 εἰρημένων
1376 2316 1499 2379 συνιδεῖν,
1510 2314 1589 2377 ἔξεστι
1599 2314 1625 2368 δέ
1639 2316 1801 2386 μιμουμένους
1810 2315 1854 2367 καὶ

242 2390 291 2461 γὰρ
305 2387 372 2451 εἶδος
385 2394 428 2443 τού
442 2393 556 2461 περιορᾶν
574 2390 730 2454 τάτοιαύτα,
751 2389 780 2443 τδ
795 2386 828 2460 μή
843 2388 1027 2460 τιμωρήσασθαι
1071 2390 1141 2461 ἕτερα
1154 2390 1232 2445 πλείω
1245 2394 1396 2463 προσθεῖναι.
1439 2392 1583 2464 Ἐξελέγχει
1595 2394 1677 2464 μέντοι
1694 2392 1709 2445 ό
1725 2395 1853 2465 Δημοσθέ·

241 2471 285 2524 τδν
297 2468 387 2523 αἴτιον.
397 2471 467 2523 ch
471 2510 479 2525 .
1070 2469 1149 2535 νηςέν
1173 2471 1268 2533 τούτοις
1289 2472 1345 2534 τοίνς
1362 2471 1534 2545 τολμήσαντας
1555 2471 1630 2526 εἰπεῖν
1648 2473 1686 2526 ότι
1699 2471 1746 2542 ούχ
1768 2473 1853 2535 ἱκανός

279 2550 325 2602 Ὃν
338 2549 380 2621 μέν
390 2551 471 2603 τοίνυν
483 2551 590 2621 τρόπον]
605 2549 749 2622 Προοίμιον.
765 2552 796 2603 B.
813 2547 925 2619 Ἐμίρισε
938 2547 967 2601 τδ
983 2549 1028 2602 πά·
1070 2543 1135 2601 ἐστιν
1153 2546 1408 2621 ἐλεεινολογήσασθαι.
1449 2549 1521 2604 Ἐπεί
1533 2549 1560 2604 δέ
1577 2549 1707 2622 παροξῦναι
1727 2549 1790 2603 κατά
1805 2556 1853 2603 τοῦ

242 2631 284 2693 θος
296 2630 330 2692 εἰς
341 2649 368 2685 τε
378 2629 422 2697 τήν
431 2631 543 2684 δείνωσιν
555 2629 597 2684 καί
607 2628 652 2694 τὴν
664 2630 821 2684 διατύπωσιν.
862 2627 904 2690 Ἐξ
915 2628 990 2682 αύτσύ
1001 2629 1027 2682 δέ
1069 2626 1238 2697 τολμήσαντος
1251 2627 1317 2693 έδει,
1338 2627 1391 2681 ύδί
1404 2628 1556 2700 παροξυσμδς
1572 2629 1664 2700 γένοιτ’
1677 2630 1707 2681 ἀν
1716 2628 1740 2691 ἐξ
1756 2628 1851 2699 ἀργῆς,

241 2713 286 2762 τού
306 2708 385 2771 εἰδους
400 2710 442 2761 καί
455 2714 499 2761 τού
520 2709 611 2779 τρόπου
627 2713 671 2762 τοῦ
685 2710 774 2771 πάθους
787 2707 825 2761 ὑπ’
848 2707 901 2776 ὄψιν
916 2706 972 2778 ἀγει
991 2714 1027 2779 τῷ
1072 2706 1168 2776 μᾶλλον
1180 2706 1256 2778 ἐχρῆν
1272 2708 1348 2779 φόύον
1362 2706 1492 2779 ἐμποιῆσαι
1503 2706 1544 2759 καί
1559 2706 1645 2773 ἔλεον,
1657 2708 1716 2777 άπερ
1728 2708 1854 2777 συνεκέρα-

241 2786 313 2860 λόγῳ
328 2787 371 2849 τάς
382 2789 513 2858 συμφοράς.
553 2787 671 2841 Βούλεται
684 2787 711 2841 δέ
723 2786 739 2854 ή
761 2788 906 2849 διατύπωσις
927 2785 958 2839 τά
971 2788 1026 2840 καθ’
1070 2804 1112 2838 σεν
1122 2825 1130 2850 ,
1140 2785 1165 2848 ἐξ
1177 2785 1318 2857 ἀμφοτέρων
1332 2784 1377 2853 τήν
1388 2785 1479 2839 οἰκείαν
1491 2784 1605 2858 ἐργασίαν
1617 2784 1744 2848 ἀποδιδούς
1751 2785 1792 2838 καί
1803 2784 1850 2852 τήν

243 2867 346 2920 ἕκαστον
364 2868 579 2937 περιεργάζεσθαι,
590 2866 648 2930 καί,
664 2866 733 2920 ἰναό
756 2867 872 2938 μερισμδς
889 2865 1027 2933 κατάδηλος
1069 2865 1239 2936 προσήκουσαν
1251 2864 1345 2919 έκάστω
1359 2865 1526 2937 μέριι,Τ(Ν.

241 2947 358 3017 γένηται,
376 2946 500 3016 προοιμίῳ
516 2947 634 3016 κέχρηται
645 2948 704 3017 γόον
724 2946 766 2998 καί
778 2947 866 3016 θρῆνον
885 2944 1027 3016 ἰμποιοῦντι
1105 2944 1167 3009 361,
1178 2948 1222 2999 τό.
1242 2942 1315 2998 Ἆλλό
1329 2941 1376 3016 μήν
1387 2946 1425 2997 ότι
1436 2942 1481 3009 τήν
1495 2941 1626 3014 ἐναντίαν]
1637 2942 1706 2996 Μετά
1715 2941 1757 2995 τδν
1770 2941 1849 2996 Ιίελσ-

241 3028 294 3087 τοῖς
306 3024 436 3078 ἀκούουσι·
449 3024 617 3095 ταλαιπώρους
625 3024 673 3096 γάρ
686 3024 809 3097 ὀνομάσας
822 3022 866 3092 τήν
878 3027 956 3096 τύχην
966 3025 1028 3078 ώδύ-
1069 3022 1232 3088 ποννησιακδν
1246 3022 1356 3093 πόλεμον
1372 3023 1598 3094 κατακρατήσαντες
1615 3022 1718 3093 ἰσχυρῶς
1733 3020 1757 3074 σί
1775 3024 1852 3075 Λακε-

241 3121 311 3173 ρατο.
326 3105 409 3156 TCV.
1069 3102 1192 3172 δαιμόνιοι
1206 3107 1256 3156 τῶν
1275 3100 1406 3170 Ἀθηναίων
1420 3104 1549 3173 προέθεντο
1559 3103 1637 3173 ψῆφον
1651 3101 1765 3172 περὶτῶν
1779 3098 1850 3168 Ἆθη·

281 3184 342 3247 361,
368 3200 409 3252 ¹9·
439 3183 525 3252 θέαμα
544 3181 641 3247 δεινδν,
659 3175 682 3237 ὦ
702 3181 787 3251 ἀνδρες
811 3178 948 3248 Ἀθηναῖοι]
967 3181 1025 3232 Δια·
1070 3186 1144 3237 ναίων
1156 3186 1209 3248 τοῖς
1220 3184 1288 3247 ἰδίοις
1302 3187 1457 3257 συμμάχοις,
1471 3188 1534 3239 ὥστε
1557 3184 1732 3255 ἀποκρίνασθαι
1746 3184 1851 3237 ἕκαστον

242 3264 316 3330 σκευή
330 3281 366 3324 τις
383 3260 527 3332 έπιλογικὴ,
546 3261 572 3314 ἐκ
587 3263 670 3333 μέρους
681 3259 713 3314 τά
732 3259 795 3313 κατά
806 3259 907 3320 Φωκέας
923 3259 1027 3321 αὔξουσα
1069 3264 1093 3316 τί
1108 3264 1221 3334 βούλεται
1241 3264 1328 3317 παθεῖν
1348 3265 1404 3327 τούς
1427 3263 1575 3332 Ἀθηναίους.
1612 3262 1676 3316 Εἰτα
1690 3260 1797 3322 Εύανθός
1815 3280 1853 3325 τις

241 3343 317 3408 πάθη.
358 3339 415 3395 ’Aah
431 3347 480 3394 τῶν
497 3340 580 3411 φύύων
602 3340 629 3393 δέ
647 3340 763 3410 ἀρχεται,
781 3339 824 3391 ἵνα
840 3337 911 3392 εἰκὼν
925 3339 966 3391 καί
981 3357 1026 3392 πα·
1069 3342 1178 3410 Θηδαῖσς
1190 3341 1322 3414 ἐψηφίσατο
1341 3342 1385 3409 τήν
1405 3342 1448 3414 μέν
1462 3342 1534 3397 πόλιν
1549 3342 1629 3395 αύτῶν
1649 3343 1850 3410 κατασκαφῆναι,

241 3422 362 3491 ρᾶῧῑῑῖμα
370 3422 470 3491 γίνηταί
481 3419 510 3472 τί)
522 3419 625 3489 Τῑῖθῖῦς
636 3423 679 3471 τοῦ
697 3417 839 3489 μέλλῠνῒθς,
852 3416 893 3469 δαί
903 3415 936 3487 μὴ
950 3419 1026 3488 μόνον
1069 3418 1114 3486 τὴν
1126 3421 1153 3475 δέ
1165 3423 1250 3492 χώραν
1263 3422 1402 3492 μηλόδοτσν
1415 3423 1544 3492 γενέσθαι,
1559 3421 1603 3473 ἵνα
1616 3419 1670 3473 ἐκεῖ
1680 3421 1800 3490 νέμωνται
1819 3417 1852 3471 τά

241 3500 376 3571 ὀδύρωνται
389 3500 505 3564 Φωκέας,
521 3498 587 3550 ἀλλά
601 3499 643 3551 καί
655 3497 713 3569 ύπέρ
724 3503 773 3551 τῶν
792 3497 877 3549 ἀλλων
896 3494 1025 3563 Ἑλλήνων
1069 3506 1118 3553 τῶν
1134 3502 1249 3553 Βοιωτῶν
1270 3499 1390 3569 πρόύατα.
1426 3498 1457 3552 Οί
1472 3498 1498 3552 δέ
1518 3499 1616 3560 Φωκεῖς
1634 3499 1701 3560 ὄντες
1719 3496 1760 3549 καί
1777 3494 1849 3550 σύτο]

241 3579 348 3632 δεδίωσι.
359 3579 440 3633 TCV.
1070 3578 1126 3631 τότε
1137 3576 1183 3632 ύπδ
1195 3578 1251 3641 τούς
1267 3579 1472 3649 Λακεδαιμονίους
1487 3577 1631 3643 ἀντέλεξσν,
1644 3575 1851 3647 συμόουλεύοντες

278 3658 363 3728 θέαμα
373 3656 468 3727 δεινδν]
484 3654 652 3718 Ἐνδιάσκευος
669 3655 789 3725 διήγησις.
810 3654 878 3721 Φησὶ
894 3652 942 3724 γάρ
969 3651 1026 3724 Ἕρ-
1072 3655 1105 3727 μή
1119 3656 1300 3728 ἑτερόφθαλμον
1311 3654 1354 3721 τήν
1371 3655 1482 3709 Ἐλλάδα
1496 3659 1612 3721 ποιῆσαι,
1624 3653 1788 3724 αἰνιττόμενοι
1805 3652 1851 3705 δύο

244 3737 350 3806 μογένης
363 3735 436 3804 (voh
446 3737 471 3797 δ,
490 3754 518 3806 p.
535 3740 568 3805 φή
582 3736 633 3789 W.
643 3738 669 3805 )·
688 3756 698 3783 α
718 3735 776 3786 ύταν
787 3733 906 3804 σύντομος
916 3733 958 3785 καί
974 3752 1028 3803 φσι·
1069 3736 1209 3807 ὀφθαλμούς
1225 3734 1290 3790 εἰναι
1309 3740 1352 3802 τῆς
1367 3733 1505 3800 Ἑλλάδος,
1520 3734 1565 3799 τήν
1577 3752 1604 3786 τε
1627 3731 1759 3799 Ἀθηναίων
1776 3728 1850 3783 πόλιν

245 3816 379 3885 οδροτόρα
392 3813 407 3881 ί]
421 3813 534 3885 διήγησις
547 3813 660 3884 ύπάρχη,
673 3818 709 3884 τῷ
724 3811 869 3883 ἐνδιασκεύιμ
882 3812 1026 3883 χρησόμεθα
1069 3811 1168 3880 καίτὴν
1183 3814 1390 3884 Δακεδαιμονίων.
1430 3814 1477 3866 ίίαί
1495 3813 1560 3867 ούτω
1581 3812 1716 3871 πεισθέντες
1735 3807 1759 3861 οί
1776 3810 1852 3860 Δακε·

245 3917 256 3943 α
278 3893 377 3964 τρόπῳ,
393 3890 426 3963 μή
442 3893 583 3963 φειδόμενοι
596 3890 656 3961 μηδέ
668 3896 717 3943 τῶν
728 3888 776 3943 ἀπδ
794 3894 837 3943 τοῦ
849 3890 939 3960 τρόπου
950 3910 1025 3942 κατα-
1069 3892 1192 3962 δαιμόνιοι
1211 3892 1240 3944 ού
1254 3893 1403 3963 κατέσκαβαν
1416 3892 1503 3947 λοιπδν
1517 3891 1561 3958 τὴν
1574 3891 1656 3944 πόλιν.
1670 3888 1849 3943 ACDGRTV.

245 3977 380 4026 «σκευῶν.
416 3969 492 4024 Εἶτα
520 3969 586 4022 αἰτία
606 3968 649 4040 μίν
672 3969 720 4040 γάρ
742 3969 871 4041 διήγησιν,
895 3969 982 4039 τρόπος
1000 3968 1026 4022 δέ
1105 3970 1179 4024 Αύτοί
1193 3970 1306 4042 γάρπερὶ
1319 3970 1390 4042 ἡμῶν
1406 3970 1558 4042 άντέφησαν,
1577 3969 1734 4040 προκειμένης
1747 3965 1852 4036 σκέψεως

246 4074 257 4100 ι
277 4048 404 4116 διασκευὴν
418 4049 604 4108 κατασκευάίῑῑ·
621 4068 631 4095 ⁸
650 4048 704 4100 ΒΥ·
716 4046 903 4108 Ᾱῑαΐίπωῦῑςτί)
921 4049 1023 4117 σχῆμα,
1068 4049 1094 4102 τί
1106 4050 1148 4102 δεῖ
1162 4049 1263 4114 παθεῖν,
1274 4049 1454 4119 παραινούντων
1467 4049 1581 4116 θηδαίων
1592 4048 1731 4120 μηλόύοτον
1745 4039 1852 4113 ποιῆσαι

243 4131 303 4183 ὅταν
324 4131 405 4199 ὥσπερ
419 4128 536 4179 διατυποῖ
549 4125 590 4178 καί
612 4124 645 4186 εἰς
658 4125 711 4197 όβιν
725 4125 775 4197 ἀγῃ
790 4124 820 4178 τά
839 4126 970 4196 πράγματα
985 4124 1026 4176 διά
1070 4124 1113 4192 τήν
1130 4124 1247 4192 Ἀττικήν.
1290 4124 1410 4179 Ἐνταῦθα
1424 4126 1598 4194 συνίστησικαί
1609 4127 1667 4178 πότε
1678 4123 1848 4195 εύεργέτησαν,

243 4215 291 4262 τῶν
307 4209 401 4279 λόγων.
438 4203 771 4275 Διαφίριιδέίηδιατύπωσις
782 4208 824 4272 τῆς
840 4202 975 4274 ἰκφράσεως
991 4209 1026 4275 τῷ
1070 4205 1162 4258 ύτεοίνκ
1175 4201 1236 4272 ήσαν
1250 4199 1697 4277 σύμμαχοι,ἰναείκαίμήνῖννήσαν
1710 4204 1848 4274 σύμμαχοι,

242 4287 289 4354 τήν
304 4288 347 4360 μέν
362 4285 509 4339 διατύπωσιν
523 4283 564 4336 διὰ
581 4286 657 4346 πάθος
668 4303 692 4337 τι
703 4284 832 4355 λέγεσθαι,
843 4281 887 4350 τήν
899 4282 925 4336 δέ
937 4282 1025 4354 ἔκφρα·
1068 4289 1175 4355 φανῶσιν
1190 4283 1251 4345 ύξιοι
1263 4287 1307 4351 τῆς
1322 4282 1449 4354 ἰσορρόπου
1463 4284 1588 4353 βοηθείας·
1605 4281 1660 4352 περὶ
1673 4280 1788 4342 άλώσειος
1801 4280 1850 4351 γάρ

243 4389 282 4422 σιν
296 4371 377 4437 ὥσπερ
391 4365 503 4436 διήγημά
516 4383 540 4417 τι
553 4361 627 4418 εἰναι.
643 4365 822 4419 ACDGRTV.
1069 4362 1239 4435 κινδυνευούσῃ
1258 4365 1290 4435 τῇ
1308 4362 1378 4415 πόλει
1398 4362 1457 4416 ποτέ
1477 4363 1640 4428 συνέστησαν,
1657 4358 1849 4430 ἐναντιουμένων

280 4450 342 4511 361,
353 4462 397 4499 πο.
410 4444 471 4499 Ὅτε
482 4443 530 4515 γάρ
543 4449 585 4498 νύν
596 4444 760 4515 ἰπορευόμεθα
769 4442 801 4504 εἰς
814 4440 919 4511 Δελφούς
930 4441 941 4512 ]
959 4439 1027 4495 Ἆπό-
1070 4441 1113 4513 μέν
1127 4441 1241 4508 θηύαίων
1252 4479 1260 4506 ,
1271 4442 1397 4511 παρόντων
1412 4439 1438 4494 δέ
1448 4439 1656 4511 Λακεδαιμονίων.
1693 4436 1786 4489 Οἰκοῦν
1800 4436 1851 4490 ἔδει

243 4526 315 4589 δειξις
334 4527 386 4597 άμα
397 4525 438 4576 καί
450 4525 528 4587 πίστις
540 4526 592 4587 τοῖς
603 4524 746 4596 λεγομένοις
759 4525 855 4594 γέγονε.
893 4509 972 4574 Πύθιν
985 4541 1026 4592 γι·
1069 4521 1111 4573 καὶ
1123 4519 1209 4582 αύτούς
1226 4521 1270 4584 τῆς
1287 4516 1360 4584 αὐτῆς
1381 4518 1493 4588 βοηθείας
1516 4517 1572 4588 παρ’
1592 4516 1660 4587 ύμῶν
1680 4514 1848 4584 τετυχηκέναι.

244 4610 360 4671 νώσκειςς
376 4609 419 4659 νῦν
436 4605 600 4676 ἐπορευόμεθα
615 4604 648 4668 εἰς
660 4604 782 4676 Δελφούς,
797 4602 838 4656 καί
850 4601 881 4655 τά
902 4601 1026 4672 λεγόμενα
1068 4600 1103 4653 To
1117 4599 1143 4653 δέ
1159 4621 1170 4649 ι
1186 4595 1230 4663 τὴν
1244 4598 1354 4653 ἐναντίαν
1368 4597 1427 4652 ποτέ
1438 4597 1575 4667 θηύαίοιςι
1589 4594 1699 4666 προσθείς
1709 4592 1866 4675 χοιλεπιοτέ·Ι

245 4686 479 4754 ήόδδςπιστούται.
493 4686 574 4739 TCV.
1070 4699 1114 4750 ραν
1134 4676 1179 4744 τὴν
1195 4676 1271 4750 ύργήν
1291 4677 1435 4749 εἰργάσατο,
1460 4677 1482 4732 εἰ
1501 4675 1570 4729 αύτοί
1593 4675 1636 4746 μέν
1657 4671 1772 4740 θηύαίοις
1791 4671 1851 4742 ύπέρ

282 4766 343 4830 36ι,
368 4781 412 4818 21.
437 4761 480 4825 Ἐξ
501 4761 609 4834 ἀνάγκης
623 4757 673 4833 ήν]
699 4764 779 4830 ῶσπερ
802 4757 966 4827 δυσχεραίνων
988 4758 1027 4811 δτι
1073 4754 1205 4824 Ἀθηναίων
1221 4757 1403 4827 διηνέχθησαν,
1419 4763 1461 4809 νῦν
1474 4756 1500 4809 δέ
1514 4755 1553 4807 διὰ
1564 4754 1619 4815 τούς
1631 4753 1749 4823 προδότας
1761 4748 1850 4822 ἐτιμω-

245 4843 332 4911 θεατής
345 4845 447 4914 γέγονεν
469 4841 625 4908 Ἑλληνικῶν
646 4845 791 4911 συμφορῶν,
814 4836 862 4891 άπδ
882 4838 1026 4908 τοῦγένους
1071 4837 1189 4906 ρήθησαν.
1227 4836 1315 4889 Ἔστιν
1339 4830 1382 4888 σύν
1411 4834 1448 4890 ίτι
1475 4834 1516 4887 καί
1538 4837 1614 4888 ταῦτα
1640 4837 1689 4884 τῶν
1714 4829 1848 4901 ἐπιλόγων.

245 4927 359 4994 ἄρχεται.
396 4921 426 4975 Δί
442 4921 490 4993 γάρ
508 4919 617 4986 αύξήσεις
633 4918 681 4973 άπδ
698 4924 747 4971 τῶν
760 4922 839 4988 γενῶν
856 4916 899 4968 καί
917 4914 965 4970 ἀπδ
977 4921 1025 4970 τῶν
1068 4916 1149 4969 TCV.

246 5001 316 5055 εἰδῶν
330 5002 465 5072 γίγνονται.
476 5001 559 5053 ΤίΝ.
1105 4992 1198 5067 Οὔτοι]
1213 4994 1237 5046 οἰ
1248 4993 1355 5055 Φωκεῖς.
1378 4995 1408 5047 Ρ.

281 5080 365 5143 Οίκίας
374 5080 581 5152 κατεσκαμμένας]
592 5077 765 5144 Μεταύέύηκεν
773 5074 812 5130 ἐπί
824 5075 854 5129 τά
865 5072 927 5141 σίδηι
937 5073 967 5128 τά
979 5074 1027 5147 γάρ
1108 5071 1330 5145 ἰένδραποδισμού]
1347 5075 1390 5138 τῆς
1400 5072 1504 5132 πόλεως.
1534 5071 1564 5123 P.

247 5161 301 5215 καθ’
317 5162 420 5214 ἕκαστον
433 5159 599 5231 ἰρήυχότερον
610 5158 653 5211 τδν
664 5157 742 5228 λόγον
759 5154 903 5227 ἐργάζεται,
917 5154 958 5207 καί
969 5156 1026 5225 χαί·
1106 5154 1168 5217 36ι,
1183 5155 1228 5206 αθ.
1244 5148 1328 5222 Ὗμῶν
1341 5148 1422 5221 ἔγωγε
1436 5147 1532 5218 ἀκούω]
1541 5146 1609 5218 ύμῶν
1621 5142 1719 5214 ύλύγος
1729 5140 1758 5194 δν
1770 5141 1854 5214 Δημο·

248 5260 284 5311 ρει
295 5242 374 5315 τούτῳ
385 5239 400 5307 ἣ
412 5241 566 5302 διατύπωσις.
603 5240 657 5291 Τῶν
667 5236 749 5291 οἰκιῶν
759 5276 767 5301 ,
777 5236 848 5307 φησί,
862 5237 1027 5307 κατεσκαμμέ·
1070 5234 1154 5299 σθὲνης
1164 5230 1296 5286 ἐπλάσατο.
1312 5230 1392 5283 TCV.
