3967 5967
241 483 301 535 θιίθ
777 475 921 537 ΣΛΟΛΙΛ
942 476 1007 537 ΕΙΣ
1027 479 1298 541 όίίδθθΣΘΕίίίίίί.

278 603 441 685 ’ίλμολύγησα
450 605 560 677 τούτοις]
571 608 622 669 τοῖς
631 607 685 678 περί
698 610 741 675 τῆς
750 606 859 671 ἀτελείας
870 608 1019 662 κινδυνεύου·
1061 608 1127 683 αύτῷ
1137 612 1196 684 πρδς
1212 613 1269 677 τούς
1277 614 1429 686 καθημένους
1440 614 1551 686 ἀγείρων.
1599 616 1705 683 δίνηθες
1716 616 1765 689 γάρ
1778 615 1847 690 αύὴ

238 707 294 753 σιν,
311 689 388 756 MK
401 706 478 754 τινες,
493 688 631 760 Κτησίππῳ
642 689 683 740 καί
696 686 831 761 Ἄφεψίοννι,
842 688 1020 761 ἀντεισφίροοσι
1062 692 1187 761 ταράττειν
1199 692 1242 746 εδν
1256 691 1388 763 ἀκροατήν.
1429 694 1474 748 Ἐκ
1485 695 1578 750 τούτων
1591 695 1638 767 γάρ
1650 696 1749 763 εύνουν,
1763 698 1804 750 διά
1819 696 1848 751 δά

240 768 282 821 τδν
297 766 390 839 ἀμείνω
403 769 491 839 νόμον.
531 768 588 829 Υίδς
604 768 630 822 δὲ
649 769 804 825 Βαθύτπουό
821 768 952 841 Ἆρεψλον,
966 769 1021 822 ἑλύ·
1062 769 1090 822 τδ
1104 771 1157 833 δίος
1169 773 1238 825 ποιεῖ
1247 771 1289 824 καί
1301 775 1537 845 προσεκτικώτερον,
1550 776 1606 846 περί
1617 777 1697 842 πάσης
1713 780 1757 844 τῆς
1771 777 1846 832 πολι·

238 866 312 918 μενος
323 844 368 912 τὴν
381 844 477 919 γραφὴν
494 846 528 908 ώς
539 847 654 917 διάδοχος
671 850 715 900 τοῖν
728 848 830 919 πατρδς,
849 846 905 901 εἶτα
924 845 1021 914 ἰδιότης
1062 847 1128 910 τείας
1143 846 1274 919 ίμόάλλων
1288 851 1424 921 φροντίδας.
1475 851 1561 906 Ούιιίτι
1574 853 1622 925 γὰρ
1637 854 1696 924 πρδς
1713 854 1743 907 εδ
1763 854 1849 926 κέρδος

237 930 288 991 ῶν,
302 927 437 998 συνηγορον
449 925 492 979 τὸν
508 925 644 997 Φορμίωνα
656 924 779 981 ἐκάλεσεν.
792 927 870 982 TCV.
1062 922 1156 996 ἀφορᾷ,
1166 925 1233 978 ἀλλὰ
1242 930 1315 994 ζητεῖ
1322 934 1418 999 πρῶτον
1431 930 1496 991 ὅπως
1509 931 1539 983 ἀν
1551 932 1624 1002 φύγοι
1635 929 1680 997 τὴν
1699 931 1845 999 ἀειδουλὴν,

273 1004 337 1073 457,
350 1009 376 1068 4.
396 1003 439 1067 Ὦς
451 1005 481 1057 ἀν
495 997 548 1066 οίός
559 1023 586 1058 τε
598 1002 638 1076 ώ]
656 1005 685 1059 εδ
699 1005 763 1059 κατά
779 1004 881 1076 δύναμιν
901 1004 1017 1076 είσρίρω,
1062 1008 1104 1070 τῆς
1113 1003 1219 1069 ἔξουσίας
1231 1006 1446 1080 ἀποστερούμενος.
1460 1009 1544 1063 ch.

237 1084 304 1155 φησί·
317 1082 351 1154 μὴ
363 1083 431 1152 ζήτει
443 1084 473 1136 τό
484 1082 569 1141 πλίον.
583 1084 664 1138 mv.
938 1128 943 1138 .
1096 1086 1159 1155 457,
1174 1087 1217 1141 15.
1235 1085 1278 1141 Ἐν
1291 1087 1334 1157 μὲν
1346 1087 1394 1161 γάρ
1407 1090 1457 1161 τῷ]
1480 1087 1667 1161 ’Λναστρίρουσα
1679 1090 1796 1162 περίοδος.
1813 1093 1847 1148 Ρ.

275 1160 347 1215 Ἔστι
358 1161 381 1214 δ’
393 1161 436 1215 ούκ
447 1161 557 1230 ἀίδηλον]
567 1160 706 1227 ’Λντιθίσεις
718 1165 762 1216 τού
773 1163 890 1230 δικαίουῆ
905 1162 1019 1235 ἀντιπρό·
1061 1163 1217 1235 Τιτράκωλος
1225 1167 1344 1238 περίοδος.
1361 1168 1418 1221 Tc,

237 1259 314 1304 τασις.
328 1241 465 1313 Τ.,ίΙρώτη
479 1240 597 1305 ἀντίθεσις
610 1247 654 1296 τού
671 1243 776 1299 δικαίου.
789 1245 886 1298 BRSY.
899 1244 1018 1314 Τεχνικὸν
1043 1270 1045 1277 v
1096 1244 1159 1314 457,
1179 1261 1223 1298 σε.
1238 1246 1309 1301 Οθτω
1324 1247 1365 1298 καί
1385 1247 1427 1301 τόν
1442 1247 1539 1319 δῆμον]
1554 1247 1590 1300 (λλ
1611 1248 1659 1320 γάρ
1677 1244 1714 1303 ίκ’
1735 1248 1847 1321 ἀμροῖν,

230 1322 354 1393 θεώρημα
361 1323 497 1393 παρίδωειιν
508 1320 569 1393 ἡμῖν
581 1321 684 1393 όρητωρ
695 1319 762 1393 ἀντῷ
772 1323 826 1376 κατ’
841 1321 1017 1393 Ἀνδροτίωνος,
1060 1322 1134 1394 φησί,
1144 1325 1462 1397 δυνήσεταιπρούάλλεσθαε
1472 1328 1501 1380 τδ
1513 1326 1609 1389 ἀνάξιον
1619 1320 1661 1380 καί
1671 1327 1711 1384 ίπί
1719 1336 1767 1383 τῶν
1779 1330 1846 1401 ὼρ-

232 1401 264 1465 ,ὶν
277 1409 313 1475 τῶ
332 1403 387 1474 περί
408 1404 541 1474 στεφάνου,
565 1402 698 1458 κάνταῦθα.
741 1402 818 1467 Εθθύς
834 1403 882 1475 γάρ
902 1403 963 1475 μετά
976 1403 1020 1466 τάς
1060 1406 1139 1474 γετῶν
1153 1404 1194 1458 καί
1206 1404 1287 1476 δήμου
1301 1404 1394 1467 ἀνάξιοί
1413 1424 1492 1471 τινες,
1510 1403 1664 1474 ώΛιπτίνη,
1681 1411 1730 1461 τῶν
1743 1407 1844 1479 εἰληφό-

237 1482 396 1553 προοιμιακάς
412 1480 504 1544 ἐννοίας
517 1483 620 1554 ἀρχεται
640 1488 688 1535 τῶν
703 1480 855 1536 ἀντιθέσεων·
868 1481 911 1549 γδιά
928 1481 971 1553 μίν
987 1479 1017 1548 δὴ
1060 1502 1110 1539 των
1123 1483 1202 1550 είσίνς
1216 1484 1288 1539 ίστω·
1304 1486 1409 1556 δέχομαι
1421 1482 1465 1551 τίγν
1478 1483 1624 1556 ἀπολογίαν·
1637 1487 1845 1557 aspamam»

237 1559 1018 1632 ταύτηντὴναίείανίκτῶνάντικειμίνωνάρχεται.ύύοδίπρο-
1060 1563 1084 1616 οί
1098 1562 1201 1626 ἀνάξων.
1237 1563 1354 1618 Τίδίσοι
1369 1562 1432 1617 καεά
1444 1567 1488 1615 τού
1499 1561 1579 1633 δήμου
1591 1561 1635 1629 τὴν
1645 1563 1760 1630 τοιαύτην
1774 1564 1842 1635 θύριν

236 1644 355 1714 κειμένων
368 1642 506 1713 κεφαλαίων
517 1683 525 1708 ,
538 1648 582 1696 τοῦ
593 1661 620 1697 τε
632 1643 726 1696 δικαίου
735 1642 779 1695 καί
789 1646 833 1696 τοῦ
847 1643 1016 1714 συμφέροντος,
1060 1643 1201 1710 κικίνηκενς
1219 1641 1309 1715 ἀφαιρῇ
1326 1646 1369 1709 τῆς
1392 1642 1506 1712 πατρίδος
1524 1638 1569 1707 τὴν
1591 1638 1692 1705 ἀδειαν,
1710 1640 1776 1705 λύεις
1797 1641 1843 1709 τὴν

236 1721 280 1775 οθιι
295 1720 344 1776 άπδ
356 1726 401 1775 τού
417 1724 577 1793 συμφέροντος
591 1722 711 1793 ἀρχεται,
726 1722 808 1792 χωρεῖ
824 1720 851 1774 δί
864 1721 960 1792 μᾶλλον
979 1719 1019 1776 lul
1060 1718 1168 1782 ίξουσίσν
1181 1719 1427 1786 τῆςπόλεως.ἸῸθ.
1459 1747 1461 1753 ·
1554 1748 1557 1753 -

236 1799 389 1865 τδδίκαιον,
403 1802 441 1854 δτι
450 1800 526 1855 λυπεῖ
535 1800 631 1872 μᾶλλον
653 1799 726 1854 αύτδν
744 1796 773 1854 τί)
791 1801 927 1871 πιμρίρον,
949 1799 1018 1854 πλεί-
1095 1807 1158 1876 457,
1173 1802 1216 1861 το.
1236 1805 1324 1871 Ἀλλά,
1344 1805 1373 1874 νὴ
1394 1806 1448 1872 Δί’,
1467 1804 1566 1877 ίκιῖνο]
1583 1804 1687 1877 Λεοείρα
1705 1804 1840 1869 ἀντίθεσις·

236 1897 297 1947 στην
311 1879 382 1951 ίσχδν
396 1881 504 1951 παρίχον
517 1880 639 1951 Λεπτίνη,
660 1881 851 1951 συναγωνίζεται
863 1878 891 1951 δί
908 1876 976 1952 αύτῷ
988 1880 1018 1934 πθ
1061 1884 1225 1958 ἀνθνπορορά.
1244 1887 1364 1942 BRS‘I'Y.
1380 1885 1467 1953 Πολλοί
1484 1904 1520 1947 τις
1537 1884 1639 1956 ίμραοις
1652 1885 1694 1937 καὶ
1713 1886 1840 1953 δεινότης,

233 1959 339 2015 δίναισι.
373 1958 419 2012 Διί
428 1963 500 2012 τοῦτο
508 1960 593 2030 φυγὼν
607 1955 652 2024 τὴν
669 1958 728 2028 πρὸς
741 1957 823 2012 ίσίῖνο
838 1957 868 2012 τθ
887 1958 1017 2029 κεφάλαιον
1060 1965 1102 2019 καί
1110 1965 1174 2019 πολύ
1186 1964 1216 2019 τδ
1227 1967 1322 2035 πικρόν.
1345 1961 1735 2034 ΛίιεενηνεκταιγάρύΛεπτίνης
1747 1962 1782 2035 ίφ
1793 1966 1843 2018 ἔτι·

235 2040 321 2111 μάχην
331 2038 446 2095 κλίνεται
456 2039 485 2092 τδ
498 2038 555 2110 ίπίρ
565 2037 646 2092 αύτοθ·
663 2038 705 2092 καί
718 2037 746 2092 ού
760 2037 801 2091 διά
813 2042 886 2093 τοῦτο
899 2040 974 2110 μόνον
988 2039 1018 2093 εδ
1060 2058 1102 2113 ρον
1115 2042 1163 2097 ἀπδ
1173 2047 1218 2097 τοῦ
1230 2044 1399 2114 ευμρίροντος.
1437 2040 1524 2096 θύαέτι
1532 2040 1590 2113 γάρ,
1604 2042 1648 2094 ίνα
1660 2042 1841 2113 λειτουργησω·

236 2118 368 2190 θεώρημα,
388 2116 455 2173 ἀλλά
473 2118 514 2171 καί
532 2118 564 2169 δι’
582 2118 674 2187 ίτερον.
724 2115 826 2184 Ἐπειδὴ
849 2116 922 2189 γάρό
944 2119 1018 2190 νόμος
1060 2141 1098 2174 σιν
1122 2120 1146 2176 οί
1166 2121 1361 2187 πλοοσυύτατοι,
1376 2122 1467 2175 τέθεικε
1485 2122 1530 2175 τδν
1551 2122 1644 2192 νόμον,
1663 2119 1720 2173 ἀλλ’
1739 2121 1784 2173 ίνα
1807 2120 1843 2192 μη

232 2195 324 2263 αὐτός,
338 2197 367 2250 δν
380 2195 481 2268 είσφίρεε
493 2196 649 2268 Λημοσθένης
661 2194 719 2267 ύπίρ
733 2196 872 2252 ίίτκσίππου
889 2197 931 2250 καί
949 2197 1018 2268 Φορ
1060 2200 1232 2264 ίξαπστᾶταιδ
1246 2202 1333 2273 δῆμος.
1371 2199 1427 2253 Ἵνα
1440 2200 1454 2254 δ
1469 2202 1663 2272 δῆμος,ρησίν,
1680 2198 1786 2273 ἀποστάς
1800 2206 1842 2267 τῆς

232 2275 327 2346 μίωνος
341 2273 420 2346 (deb.
445 2272 611 2347 λριψίωνος),
626 2275 692 2328 τοῦτ’
711 2272 890 2347 ίεταγγελλεται
906 2278 949 2329 τού
967 2276 1018 2347 κρί·
1059 2280 1115 2350 περί
1127 2285 1177 2333 τῶν
1189 2278 1347 2350 λειτουργιῶν
1361 2278 1500 2346 ζητήσεως,
1521 2278 1607 2351 κατίδη
1627 2281 1672 2331 τοῦ
1688 2277 1775 2349 ἀνδρὸς
1796 2277 1841 2344 τὴν

232 2374 285 2418 σεις
296 2353 361 2409 είναι
372 2355 492 2410 κατάτῶν
508 2354 611 2418 ἀναξίως
623 2355 762 2419 δοκούντων
775 2354 1016 2427 είληρίναιδωρεάς,
1060 2359 1219 2429 δυσμίνειαν,
1234 2357 1322 2419 καλῶς
1336 2356 1484 2428 ἀλιγαρχίαν
1503 2358 1702 2427 προοιμιάζεται,
1718 2358 1842 2411 τοσούτων

235 2433 304 2496 εύθδς
315 2432 342 2487 ίκ
352 2437 397 2501 τῆς
414 2433 555 2496 ἀντιθέσεως
567 2432 612 2500 την
632 2434 747 2487 σύστασιν
762 2436 806 2487 τού
827 2434 905 2505 νόμου
915 2434 1021 2506 προύθη-
1061 2436 1160 2508 ἀγαθῶν
1179 2436 1265 2499 αύτούς
1278 2435 1421 2506 ἀποστερεῖν
1436 2435 1603 2506 ἐπειγόμενος.
1640 2435 1843 2506 Ιίεεσανούργηται

235 2530 278 2566 κεν
288 2551 298 2579 ,
310 2513 354 2567 ἵνα
377 2510 410 2585 μὴ
424 2513 539 2584 φαίνηται
558 2512 629 2573 αύτδς
651 2510 757 2584 είσάγων
774 2512 817 2577 τδν
838 2513 934 2583 νόμον,
951 2511 1018 2566 ἀλλά
1060 2516 1087 2571 δί
1099 2517 1192 2588 σφόδρα
1202 2520 1245 2583 τῆς
1257 2514 1430 2587 ἐπιχειρήσεως
1445 2514 1461 2582 ἡ
1476 2515 1579 2577 εἴσοδος.
1616 2515 1672 2569 Ἵνα
1683 2515 1730 2587 γάρ
1744 2514 1779 2586 μὴ
1798 2520 1844 2582 τῆς

234 2591 300 2662 παρὰ
315 2592 432 2646 Λεπτίνου
448 2593 563 2663 φαίνηται
576 2593 606 2647 τδ
619 2591 674 2662 περί
693 2590 767 2645 αθτδν
780 2592 923 2662 νομοθετεῖν
945 2591 1017 2648 ἀπαι·
1060 2601 1109 2649 τῶν
1122 2593 1272 2649 ἀπατώντων
1285 2595 1424 2662 δεινότητος
1433 2592 1471 2661 είη
1482 2594 1510 2647 τδ
1520 2590 1649 2666 ίγκλημα,
1661 2593 1727 2647 ἀλλά
1740 2600 1783 2663 τῖγς
1792 2601 1842 2650 τῶν

232 2672 352 2745 τοίμινος
367 2672 453 2735 ούτως.
489 2672 572 2726 Δοκῶν
592 2671 771 2743 δίσυνερίχειν
788 2671 907 2725 δείκνυσιν
926 2671 1017 2727 ἀτοπον
1061 2674 1226 2747 ἀπατωμίνων
1242 2673 1350 2741 εύηθείας
1360 2676 1465 2744 σημεῖον
1479 2671 1841 2746 ύπάρχητδδνειδος,ίπλτδν

231 2751 265 2803 δν
278 2749 319 2802 διά
338 2750 394 2812 τοδς
409 2749 508 2821 ὀλίγους
523 2749 633 2814 ἀναξίως
646 2750 802 2823 ἀφαιρεῖσθαι
821 2752 877 2813 τούς
893 2751 1017 2815 πλείονας.
1060 2753 1140 2824 δῆμον
1165 2754 1310 2824 μετέστησε,
1337 2750 1378 2803 διά
1405 2751 1434 2804 τδ
1463 2750 1550 2823 ῥᾳδίως
1571 2751 1733 2815 ίξαπατᾶσθαι
1752 2754 1841 2824 φήσας.

234 2827 314 2883 Ὅταν
326 2827 376 2901 γάρ
387 2828 514 2903 ριλονεικῇ
523 2830 575 2884 δεῖν
587 2829 629 2883 καί
637 2830 693 2892 τούς
701 2828 811 2892 ἀναξίους
822 2828 855 2901 μὴ
871 2829 949 2900 ἔχειν,
961 2831 1018 2885 τότε
1060 2833 1118 2885 Λύει
1129 2831 1155 2885 δί
1164 2837 1200 2903 τῷ
1210 2830 1234 2894 ίξ
1246 2829 1391 2892 ἀκολουθίας
1402 2828 1496 2903 ἀεόιαρ,
1504 2834 1540 2903 τῷ
1548 2832 1601 2885 κατ’
1612 2829 1730 2902 ίρώτησιν
1743 2830 1842 2905 ίλίγχεμ

230 2909 343 2980 μάλιστα
355 2909 480 2976 συνίστησι
494 2909 548 2971 τούς
561 2909 659 2971 δικαίως
673 2908 776 2980 ίχοντας
787 2910 839 2962 δεῖν
854 2907 931 2980 ἔχειν.
963 2911 1018 2964 Δεί·
1061 2907 1106 2976 τὴν
1120 2909 1207 2977 πλῆξιν
1221 2909 1335 2978 αθξιίσας.
1372 2908 1402 2962 Τί
1416 2903 1460 2962 ούν
1474 2904 1577 2976 κωλύει,
1597 2909 1672 2981 φησί,
1685 2912 1764 2965 πάντα
1779 2910 1843 2984 ἀρη-

232 2987 345 3042 ενυσιδί
355 2985 400 3054 τὴν
414 2989 487 3042 πόλιν
499 2987 532 3060 μὴ
542 2989 597 3060 περί
608 2988 695 3042 τούτου
710 2992 755 3042 τοῦ
767 2989 853 3060 μίμους
865 2989 1017 3043 κινδυνεύσω·
1061 2989 1164 3060 ρῆσθαις
1180 2988 1249 3043 ούδίν
1261 2990 1308 3060 γάρ
1321 2987 1372 3042 ίστι
1392 2994 1441 3042 τῶν
1454 2989 1569 3054 πάντων,
1585 2986 1610 3042 ίν
1625 2986 1647 3061 ᾧ
1664 2989 1694 3042 τδ
1705 2988 1843 3044 ἀπατᾶσθαι

234 3085 280 3120 σαν
294 3067 385 3139 μόνον,
408 3062 475 3119 ἀλλά
488 3066 530 3121 καί
552 3067 607 3140 περί
617 3068 696 3135 πάσης
708 3070 752 3134 τῆς
779 3067 903 3130 πολιτείας
920 3068 962 3121 καί
975 3072 1018 3135 τῆς
1060 3069 1223 3139 περιύγαμεν.
1263 3065 1354 3122 ’ίστίον
1368 3066 1395 3121 δί
1409 3068 1449 3121 δτι
1461 3066 1478 3135 ίγ
1492 3069 1591 3139 δευτίρα
1608 3067 1727 3131 ἀντίθεσις
1739 3066 1788 3122 ἀπδ
1799 3073 1844 3135 τῆς

231 3145 308 3208 ἀξίας.
329 3144 434 3213 Σίνηθες
442 3144 490 3216 γάρ
501 3144 568 3218 αύτῷ
578 3148 704 3217 ταράττειν
716 3144 759 3199 τδν
769 3144 891 3217 ἀκροατὴν
902 3145 927 3200 ίν
941 3140 979 3209 οίς
987 3148 1018 3199 ἀν
1061 3145 1176 3218 ίργασίας
1195 3146 1314 3218 ἀνέκυψε,
1336 3144 1379 3198 καί
1399 3136 1467 3200 ἵστιν
1488 3145 1655 3219 ἀνθυποφορά.
1691 3147 1801 3218 Δισρίρει
1816 3148 1843 3202 δθ

231 3225 338 3297 ροδῆται
351 3220 397 3291 τὴν
408 3223 540 3291 ύπόθεσιν,
556 3224 598 3278 καί
612 3226 725 3326 μετάγειν
744 3222 784 3279 ίπί
793 3225 905 3296 μείζονας
918 3224 960 3279 καί
971 3246 1018 3280 πα·
1062 3225 1180 3290 ἀντίθεσις
1198 3226 1364 3297 ἀνθυποφορᾶς
1380 3231 1417 3299 τῷ
1435 3224 1480 3293 τὴν
1495 3225 1538 3298 μίν
1557 3222 1582 3289 ίξ
1601 3226 1680 3280 αύτιῖνυ
1693 3226 1843 3281 ἀντικεῖσθαι

229 3303 348 3376 ραδόξοος
359 3304 456 3376 ρόδους·
468 3305 502 3367 ύις
514 3304 540 3359 ίν
557 3310 593 3377 τῷ
602 3304 664 3358 κατά
683 3304 871 3376 Λριστσκρότους
886 3303 944 3377 θπίρ
957 3305 1018 3376 Χιρ·
1061 3309 1111 3357 τῶν
1131 3304 1280 3375 πραγμάτων
1294 3302 1356 3374 ἡμῖν
1363 3343 1373 3370 ,
1387 3301 1433 3370 τὴν
1451 3301 1480 3357 δὲ
1498 3302 1525 3357 ίιι
1538 3306 1581 3371 τῆς
1604 3302 1717 3375 ίργασίας
1731 3305 1774 3358 καί
1793 3311 1843 3358 τῶν

230 3384 356 3456 ροννίσου,
377 3384 411 3446 ῶς
431 3382 458 3438 ίν
478 3388 514 3455 τῷ
539 3381 717 3455 περίείσηνης
734 3378 792 3453 ύπίρ
807 3382 915 3455 πολέμου
935 3388 1018 3437 κοινοῦ
1063 3382 1257 3454 ἐπιχειρημάτων
1270 3381 1429 3454 εύρίσκεσθαι.
1471 3378 1502 3435 Ἦ
1515 3381 1559 3453 μίν
1573 3378 1616 3437 ούν
1630 3383 1843 3454 προτίραάντίθε·

232 3469 283 3517 ρῶν
308 3462 453 3530 Ἑλλήνων,
474 3460 508 3525 ίος
529 3462 554 3517 ἐν
570 3468 606 3535 τῷ
623 3462 687 3516 κατά
712 3462 877 3533 Τιμοκράτους
898 3463 937 3516 δτι
960 3461 1019 3534 ύπίρ
1062 3481 1099 3525 σις
1115 3460 1221 3515 αἰτιᾶται
1234 3462 1273 3515 ὅτι
1288 3459 1382 3523 ἀνάξιοί
1392 3478 1455 3523 τινες
1468 3459 1599 3532 είλνίρασι,
1612 3461 1711 3525 τούτους
1727 3462 1843 3531 δέδΔη-

229 3541 406 3615 .’Λνδροτίωνος
420 3543 462 3597 καί
484 3543 620 3596 Γλαυκέτου
641 3543 684 3596 καί
699 3540 859 3596 Μελανώπου
872 3542 964 3597 τίθεται
977 3544 1019 3596 καί
1063 3543 1193 3613 μοσθίνους
1210 3543 1285 3613 νόμος
1299 3539 1415 3612 ίιοιρίνει’
1434 3536 1492 3607 Λδί
1513 3540 1612 3611 διυείρα
1633 3542 1706 3612 ρησίν
1723 3541 1843 3604 ἐξαπατᾶ-

229 3621 351 3694 ούχύπίρ
361 3620 548 3694 ύμῶνδνόμος·
564 3620 618 3676 ίκεῖ
626 3621 670 3691 μίν
680 3620 803 3694 φαυλίζων
814 3618 859 3687 τὴν
867 3623 1018 3693 προαίρεσιν,
1065 3622 1122 3674 σθαι
1131 3621 1272 3693 τδνδῆμον.
1309 3618 1354 3672 Διά
1362 3623 1436 3674 τούτο
1448 3616 1507 3681 aaz
1520 3618 1664 3673 ἀντιθέσεων
1672 3619 1844 3691 ἀρχεται,ίνα

234 3698 337 3759 ἀνταθθα
350 3699 377 3754 δὲ
387 3699 444 3771 ύπίρ
455 3706 504 3754 τῶν
514 3701 667 3772 κυριωτάάων
681 3700 774 3771 ροόῶν.
784 3701 866 3754 TCV.
1062 3705 1098 3771 τῶ
1107 3698 1150 3771 μίν
1161 3701 1244 3753 δοκεῖν
1250 3696 1434 3772 ἀντίθεσινλύῃ,
1442 3700 1474 3770 τῇ
1482 3698 1504 3750 δ’
1514 3696 1617 3769 ἀληθείη
1628 3703 1844 3775 προκατασκευάσργ

229 3800 233 3839 .’
267 3780 331 3848 457,
342 3784 368 3835 6.
379 3779 429 3833 ίίάν
439 3799 475 3842 τις
488 3780 581 3853 ἄλλος]
603 3778 661 3843 ίσως
673 3780 729 3842 τούς
747 3781 897 3852 συνηγόρους
911 3780 953 3834 καί
962 3780 1018 3844 τούς
1062 3783 1097 3850 τῷ
1110 3777 1197 3831 ίαοτοθ
1211 3780 1281 3851 νόμῳ
1303 3776 1349 3845 τὴν
1364 3776 1471 3832 εἴσοδον.
1510 3778 1536 3831 Ἃ
1549 3774 1597 3849 γάρ
1609 3778 1728 3847 Λεπτίνης
1740 3780 1766 3836 lv
1784 3782 1844 3835 ταύ-

230 3858 359 3921 συνδίκους
371 3858 449 3930 λίγεί.
459 3859 540 3915 ch,
889 3926 894 3931 Ι
1062 3876 1113 3919 ταις
1125 3858 1258 3929 μέμφεται,
1272 3855 1384 3928 ἀντικρυς
1399 3857 1413 3911 ύ
1425 3862 1468 3912 τού
1477 3858 1647 3931 Λημοσθίνους
1657 3859 1744 3913 λέλυκε
1759 3862 1841 3931 νόμος

232 3995 235 4001 ,
268 3938 330 4009 457,
345 3941 374 3993 θ.
388 3938 539 4012 Εύρομίνους
553 3937 681 4011 ἀτίλειαν]
700 3938 902 4009 περιποιησαντας
924 3939 1019 4004 ἑαυτοῖς
1061 3939 1116 4001 δούς
1126 3936 1174 4010 γάρ
1186 3937 1264 4010 κρίσιν
1279 3936 1321 3991 καί
1334 3938 1390 4001 τούς
1408 3936 1517 4002 ἀναξίους
1530 3937 1660 4002 έκδαλιδν,
1672 3936 1728 3992 ούτε
1742 3938 1785 3992 τδν
1798 3940 1843 4005 81}-

229 4017 404 4082 ααίλαδθντας
420 4017 461 4090 ἀρ’
473 4014 647 4085 ώνίποίησαν.
687 4015 764 4079 Ἐθος
775 4017 802 4071 δὲ
817 4013 847 4085 ἦν
863 4018 927 4090 παρὰ
948 4018 1018 4088 ’Λθηο
1063 4036 1110 4088 μον
1127 4016 1290 4079 ἐξαπατᾶσθαι
1306 4020 1435 4088 σσγχωρεῖ
1452 4016 1494 4071 καί
1517 4020 1574 4093 τούς
1593 4016 1704 4080 ἀναξίους
1716 4015 1843 4071 ίκδάλλει.

232 4092 309 4161 ναίοις
322 4096 378 4160 τοδς
391 4095 517 4169 εύεργέτας
529 4099 573 4164 τῆς
583 4096 678 4159 πόλεως
689 4094 824 4168 λαμύάνειν
838 4098 965 4170 διαφόρους
981 4118 1018 4151 τι·
1062 4097 1112 4151 Ούκ
1125 4095 1231 4163 ἠδύνατο
1242 4095 1269 4149 δὲ
1282 4093 1350 4157 εύθίις
1364 4094 1411 4149 ἀπδ
1428 4101 1476 4149 τῶν
1492 4094 1558 4149 ἰδίων
1571 4093 1686 4167 ἄρξασθαι
1694 4096 1843 4166 κεφαλαίων,

229 4175 294 4248 μάς,
306 4178 323 4245 η
333 4177 432 4249 χαλκῆν
449 4175 532 4230 εἰκόνα
544 4176 560 4243 ἢ
573 4176 668 4244 σίτησιν
680 4174 707 4230 ἀν
718 4177 854 4249 πρυτανείῳ
864 4178 880 4245 ἢ
895 4176 1016 4244 ἀτίλειαν,
1063 4174 1097 4247 μὴ
1111 4174 1327 4246 προκατηγορησας
1339 4178 1383 4228 τού
1394 4176 1512 4228 Λεπτίνου
1525 4176 1612 4246 νόμου.
1623 4175 1704 4229 TCV.

229 4255 291 4311 ἀλλ’
304 4257 333 4312 ού
345 4262 429 4312 πασῶν
443 4261 492 4312 τῶν
506 4255 672 4327 λειτουργιῶν·
689 4254 804 4310 ούδύποτε
818 4256 865 4328 γάρ
877 4255 1017 4329 ἐλάμδανον
1097 4254 1160 4320 458,
1175 4270 1205 4307 νε
1221 4253 1251 4305 Τί
1267 4244 1309 4305 ούν
1322 4251 1430 4323 κωλύει]
1444 4252 1517 4315 Λύσις
1528 4251 1589 4305 κατὰ
1602 4248 1740 4323 συνδρομὴν
1759 4250 1784 4314 ίξ
1801 4249 1845 4305 ἀν-

228 4335 288 4391 ούεε
305 4343 356 4392 τῶν
377 4341 542 4409 τριηραρχιῶν
559 4332 615 4389 οότε
635 4341 684 4390 τῶν
705 4330 823 4408 εἰσφορῶν
844 4340 887 4390 τοῦ
907 4335 1017 4409 πολέμου
1061 4332 1265 4404 τιπαραστάσεως.
1282 4330 1447 4388 BFSTCYV.

229 4415 355 4473 ἀτίλιιαν.
372 4417 453 4472 mv.
1097 4412 1159 4478 458,
1175 4431 1202 4481 9.
1216 4410 1266 4481 Ἆρ’
1278 4404 1321 4464 σύν
1336 4409 1478 4481 θησόμεθα]
1492 4408 1574 4461 ίίαλόν
1585 4428 1625 4481 γε.
1663 4407 1760 4480 Ούγάρ
1771 4408 1845 4476 θησόι

229 4544 233 4549 ,
265 4498 330 4566 457,
345 4517 372 4567 9.
391 4492 439 4549 ίίαί
451 4495 531 4566 τούτῳ
545 4493 670 4567 πλείστῳ]
683 4494 742 4549 Κατ’
754 4494 881 4566 ίπίκρισιν.
896 4494 999 4549 BRTY.
1063 4493 1125 4564 μεθα
1143 4492 1219 4562 νόμον
1238 4488 1279 4544 ἀπί
1291 4489 1429 4560 καθαιρέσει
1450 4495 1499 4542 τῶν
1511 4489 1606 4559 νόμων.
1643 4486 1782 4547 Κινδυνεύει
1798 4488 1847 4559 γάρ

267 4576 330 4645 457,
346 4574 477 4646 εο..Ἐγὼ
489 4575 512 4627 δ’
529 4575 568 4628 δτι
581 4576 623 4645 μέν
638 4577 726 4643 τινων]
737 4579 781 4642 τῆς
796 4577 839 4628 τοθ
854 4573 929 4645 ῥητοῦ
946 4593 1019 4641 καεη·
1061 4590 1098 4634 τις
1107 4571 1161 4641 περὶ
1178 4572 1222 4622 τοῦ
1235 4567 1325 4630 παντὸς
1341 4564 1515 4638 ἀπατώμενος·
1533 4564 1624 4628 κόλαζε
1637 4566 1679 4621 τδν
1698 4566 1845 4633 ἀπατῶντα,

230 4656 316 4727 γορίας
329 4653 556 4726 ἀντελαμδάνεται,
578 4654 617 4708 δτι
634 4653 776 4708 διαδάλλων
795 4653 895 4726 δλίγοος
915 4652 1018 4725 βλάπτει
1063 4648 1097 4723 μὴ
1110 4650 1153 4704 τδν
1164 4648 1356 4720 φενακιζόμενοι
1367 4649 1485 4718 τιμωροῦ.
1522 4644 1597 4716 Ἔχει
1607 4644 1633 4699 δὲ
1643 4650 1720 4700 ταῦτα
1731 4643 1775 4712 τὴν
1788 4644 1848 4699 ἀνα·

230 4734 288 4797 σούς
299 4735 400 4796 πάντας.
413 4733 495 4788 TCV.
1061 4728 1138 4802 ρορίιν
1158 4727 1217 4790 ίσως
1228 4728 1287 4798 πρδς
1300 4725 1357 4788 τούς
1378 4725 1422 4778 δύο
1437 4726 1544 4796 νόμους,
1561 4724 1604 4778 τάν
1623 4742 1649 4778 τε
1669 4724 1787 4779 Λεπτίνου
1805 4724 1848 4779 καί

266 4813 329 4882 457,
350 4830 392 4869 ιι.
417 4813 465 4866 ίίαί
483 4813 532 4884 γάρ
552 4810 661 4883 εἴρηται]
680 4810 727 4866 ύπδ
745 4812 892 4883 Φορμίωνος
911 4812 1016 4873 πάντως.
1062 4810 1104 4865 τδν
1121 4808 1352 4879 παρεισφερόμενον.
1394 4801 1423 4858 Ὅ
1438 4804 1481 4875 μέν
1493 4801 1542 4875 γάρ
1555 4803 1673 4858 Λεπτίνου
1684 4802 1768 4866 ἀτελῶς
1778 4802 1849 4875 ἀφαι-

229 4891 279 4946 m
289 4893 333 4946 ίνα
355 4890 388 4964 μὴ
405 4893 440 4955 ώς
452 4890 589 4963 καηίγορος
603 4890 781 4960 θπσπεεύηται,
803 4891 960 4962 προστίθησιν
979 4891 1018 4944 δτι
1061 4895 1156 4961 ριῖται,
1171 4887 1185 4940 ό
1202 4886 1229 4941 δὲ
1242 4885 1455 4956 ἀντιιεφερόμενος
1472 4884 1583 4937 διδάσκει
1599 4882 1718 4951 τάληθίς,
1731 4881 1848 4949 δικασειί·

230 4971 354 5044 ίεαίύμαῖς
374 4973 493 5041 ἀπαντες,
508 4972 550 5026 καί
569 4970 603 5043 μὴ
622 4970 739 5043 λίγοντος
755 4969 853 5042 ίτίρου,
875 4970 1016 5042 γνωρίζετε.
1059 4987 1114 5039 ριον
1131 4967 1237 5029 καθίζων
1251 4966 1292 5019 καί
1304 4963 1429 5035 ἀτιμάζων
1445 4963 1502 5026 τούς
1522 4960 1602 5036 ἀπάτη
1622 4961 1762 5033 εἰληφότας.
1784 4959 1849 5034 ’Λψί-

229 5054 311 5113 Ἰίίίλί.
1062 5068 1105 5115 νης
1122 5045 1149 5100 δί
1160 5044 1203 5100 καί
1219 5044 1342 5119 λσπάσιος
1354 5042 1416 5097 κατὰ
1430 5040 1476 5108 τὴν
1490 5040 1523 5104 είς
1533 5041 1625 5096 ἀτσπον
1640 5038 1777 5113 ἀπαγωγὴν
1788 5040 1850 5112 ρασί

230 5164 234 5181 ι
266 5133 329 5205 457,
349 5133 392 5190 13.
409 5133 485 5196 Τίνος·
494 5133 582 5198 ίνεκα,
598 5129 620 5185 εί
638 5129 670 5185 τί
690 5129 798 5201 μάλιστα
810 5128 847 5202 μὴ
859 5124 937 5195 τινίς,
951 5128 1018 5183 ἀλλά
1061 5127 1091 5182 τό
1105 5125 1251 5197 ἐγχείρημα.
1293 5122 1385 5195 Ἡμεῖς
1397 5123 1424 5178 δύ
1437 5122 1545 5200 λέγομεν
1558 5118 1665 5188 θτιίγείς
1679 5120 1771 5176 ἀτοπον
1785 5120 1849 5176 ἀπα-

156 5256 160 5265 .
230 5214 319 5276 στάντες
338 5210 401 5282 ἦσαν
419 5212 512 5276 ἀνάξιοι
531 5219 581 5267 τῶν
594 5211 690 5283 αθτῶν]
705 5210 774 5265 ίίατδ
793 5213 951 5283 συγχώρησιν
964 5230 1019 5266 σον-
1062 5206 1134 5283 γωγίς
1147 5208 1260 5278 γίνεται,
1276 5206 1335 5259 όταν
1350 5198 1374 5265 ίξ
1396 5202 1503 5274 ἀνάγκης
1522 5200 1646 5273 ἀκολουθῇ
1659 5199 1691 5255 τά
1704 5200 1784 5255 άτοπα
1796 5202 1850 5263 τοῖς

233 5293 334 5366 δραμὼν
349 5293 475 5365 συγκρούει
491 5294 544 5355 τοῖς
557 5292 684 5354 δικασταῖς
695 5288 739 5345 τθν
759 5290 890 5357 Λεπτίνην,
907 5290 1018 5365 πόλεμον
1062 5290 1268 5364 προηγουμένοις·
1283 5287 1342 5341 όταν
1354 5282 1405 5350 δέη
1416 5285 1485 5355 ρύσις
1499 5288 1548 5337 τῶν
1558 5283 1709 5354 πραγμάτων
1722 5278 1756 5355 μὴ
1770 5285 1850 5337 τοιοῖ-
