3967 5967
224 476 280 530 niu
837 466 999 527 unuGiAE
1021 463 1205 523 LEONTiNl

216 600 434 681 commentatio(
448 600 549 675 1828),
566 618 596 674 p.
611 595 648 654 63
661 615 718 670 sq.,
731 607 758 650 et
769 591 945 651 Schoenborn
960 592 1004 646 De
1049 585 1080 657 ἣν
1097 587 1144 644 οὐκ
1159 576 1190 657 ήν
1209 582 1358 654 κτήσασθαι
1371 580 1409 657 μῆ
1430 603 1459 639 το
1472 578 1629 661 δραστήριον
1646 574 1836 660 αἱρουμένους,

218 694 366 751 authentia
378 693 612 747 declamationum
622 703 688 758 quoe
703 683 818 757 Gorgiae
830 686 942 736 nomine
951 698 1002 735 ex·
1050 673 1192 754 ἐνδιέτριψα
1213 670 1240 731 δέ
1261 677 1314 738 τοῖς
1337 672 1389 727 τῶν
1409 670 1540 740 Μηδικῶν
1554 666 1688 748 τροπαίων
1701 666 1837 743 ἐπαίνοις,

217 796 294 839 ,itant
304 781 425 856 (1826),
440 799 471 853 ρ.
490 784 524 843 εἰς
539 793 603 848 sqq.
613 793 621 848 3
633 775 830 829 Westermunn
854 768 952 825 Geren.
973 770 1002 826 d.
1050 760 1242 838 ἐνδεικνύμενος
1256 760 1362 835 αὐτοῖς,
1375 754 1417 815 ὅτι
1428 788 1469 802 -
1485 783 1497 807 ν
1509 756 1543 815 τδ
1555 755 1603 833 μὲν
1621 754 1690 815 κατδ
1704 757 1757 814 τῶν
1771 759 1837 835 βαρ-

218 891 263 943 gr.
280 870 396 926 Bereds.
411 866 429 940 5
449 861 729 933 323A.Bau1nstarls
748 861 778 914 in
790 856 907 929 Pauiy's
917 858 1001 912 Reat-

219 959 324 1031 encyel.
337 957 395 1011 vol.
411 955 466 1027 Ill,
482 972 514 1028 p.
528 951 586 1026 906
599 967 663 1024 sqq.

597 1053 613 1109 3

260 1154 427 1211 Aristoteles
441 1152 559 1208 Rhetor.
583 1151 637 1218 111,
656 1155 699 1216 si,
715 1167 731 1202 a
750 1145 841 1223 (tom.
856 1146 879 1215 l,
902 1165 930 1220 p.
947 1152 1004 1212 ion

220 1243 267 1301 eil.
281 1244 380 1300 Didot.
389 1243 413 1316 l:
423 1238 535 1316 Λίγεται
546 1235 573 1295 δέ
584 1235 618 1294 sis
630 1238 680 1294 τῶν
691 1235 870 1292 ἐπιδεικτικῶν
880 1232 1005 1312 προοίμια

222 1329 249 1398 ἐξ
264 1330 370 1389 ἐπαίνου
385 1327 402 1399 ῆ
414 1327 505 1407 ψόγου·
516 1315 569 1384 οἷον
581 1321 694 1403 Γοργίας
707 1321 754 1398 μέν
765 1323 791 1380 ἐν
799 1323 836 1400 τῷ
847 1320 1006 1401 Ὀλυμπικῷ

222 1419 300 1497 λόγῳ·
316 1450 356 1463 -
371 1445 383 1468 ι
398 1415 469 1476 Ὑπδ
479 1417 584 1474 πολλῶν
595 1413 661 1482 ἄξιοι
676 1411 865 1489 θαυμάζεσθαι,
879 1399 901 1469 ῶ
916 1410 1007 1490 ἄνδρες

222 1534 235 1558 s
246 1504 391 1578 Ἕλληνες·
407 1534 419 1556 ι
434 1507 534 1564 ἐπαινεῖ
551 1499 603 1583 γδιρ
616 1501 676 1568 τοδς
689 1502 735 1566 τὰς
755 1500 912 1580 πανηγύρεις
927 1501 1006 1560 συνά·

223 1615 324 1672 γοντας·
338 1593 489 1673 Ἰσοκράτης
501 1592 528 1651 il
542 1590 626 1672 ψέγει,
636 1589 677 1648 δτι
690 1586 737 1654 rin
750 1587 797 1664 μὲν
810 1590 861 1645 τῶν
876 1587 1007 1663 σωμάτιον

223 1681 318 1761 ἄρετδς
333 1683 441 1762 δωρεαῖς
456 1678 599 1757 ἐτίμησαν,
613 1685 668 1744 τοῖς
685 1677 708 1734 δ’
727 1666 756 1733 εὐ
777 1680 914 1755 φρονοῦσιν
934 1674 1006 1735 οὐδὲν

224 1760 303 1829 διθλον
317 1768 453 1840 ἐποίησαν.

264 1859 454 1931 Quintilianus
465 1857 557 1912 lnstit.
574 1865 647 1912 orat.
663 1854 717 1920 111,
737 1851 767 1922 θ,
784 1851 802 1907 8
817 1873 823 1907 :
841 1857 877 1908 In
890 1855 1008 1909 demon-

225 1954 347 2003 strativis
355 1966 424 2003 uero
434 1949 575 2020 prnoemia
587 1960 647 1997 esse
661 1946 786 1995 manime
804 1940 894 1997 libera
907 1947 1009 1996 existi-

226 2047 286 2090 mat
308 2032 365 2112 (sc.
387 2029 583 2104 Aristoteles).
609 2032 684 2086 Nam
705 2041 733 2084 et
751 2031 834 2102 longe
849 2048 868 2084 a
889 2035 1010 2085 materia

226 2125 301 2191 duci,
318 2135 348 2177 ut
368 2128 397 2176 in
417 2123 534 2175 Hebenoe
555 2120 639 2173 laude
655 2121 790 2173 Isocrates
793 2115 913 2189 fecerit,
925 2133 954 2175 et
973 2138 1011 2174 en

202 2277 210 2286 ·
226 2213 323 2283 aliqua
344 2215 386 2264 rei
408 2213 531 2274 uicinia,
552 2217 583 2261 ut
597 2208 671 2260 idem
690 2211 719 2260 in
737 2208 925 2279 Panegyrico,
948 2225 1010 2261 cum

226 2305 353 2372 queritur
367 2300 434 2372 plus
454 2298 564 2352 honoris
585 2314 728 2370 corporum
749 2315 834 2369 quam
856 2302 1010 2352 animorum

228 2387 374 2442 uirtutibus
388 2387 455 2440 dari
467 2405 477 2439 .·
492 2397 520 2440 et
535 2386 655 2459 Gorgias
669 2389 699 2438 in
712 2385 871 2459 Olympico,
891 2387 1012 2440 laudans

226 2493 285 2540 eos,
307 2480 354 2548 qui
364 2479 453 2547 primi
469 2475 540 2527 tales
551 2476 721 2527 instituerint
740 2485 897 2531 conuentus.
921 2474 1012 2531 Aliter

228 2561 336 2616 babent
347 2561 522 2628 Aristotelea,
535 2579 598 2633 quse
608 2558 800 2632 Quintilianus
813 2571 862 2616 aut
872 2562 1012 2637 negligen-

229 2661 272 2705 ter
282 2650 433 2725 inspexisse
444 2660 493 2704 aut
504 2648 541 2704 de
553 2649 692 2704 memoria
708 2650 807 2705 citasse
822 2649 945 2707 videtur.

472 2770 525 2829 lll.
543 2770 765 2830 ΕΠΙΤΑΦΙΟΣ.

270 2974 429 3030 Philostrat.
444 2975 500 3029 Vit.
513 2973 593 3047 soplu
606 2974 633 3047 l,
650 2994 681 3050 9,
692 2994 723 3050 p.
742 2993 799 3030 uon
817 2994 824 3032 ε
841 2973 873 3034 Ὁ
886 2976 909 3033 δ’
923 2976 1014 3033 initii·

231 3084 306 3141 φιος,
326 3060 355 3119 δν
371 3060 474 3132 διῆλθεν
489 3058 645 3137 Ἀθήνησιν,
667 3060 770 3138 ιίρηται
785 3060 833 3137 μὲν
849 3062 892 3121 ἐπὶ
911 3065 964 3131 τοῖς
985 3067 1015 3122 ἐκ

231 3155 282 3210 τῶν
296 3150 420 3227 πολέμων
434 3150 616 3228 [πεσοῦσιν],
632 3148 677 3216 οὐς
692 3148 824 3221 Ἀθηναῖοι
838 3151 954 3233 δημοσίφ
970 3152 1014 3220 ξδν

232 3239 345 3306 ἐπαίνοις
370 3240 485 3318 ἔθαψαν,
504 3236 582 3317 σοφία
602 3238 625 3296 δ’
650 3237 851 3318 θπερύαλλούσῃ
873 3238 1014 3318 ξύγκειται·

232 3325 383 3407 παροξύνων
395 3349 424 3385 τι
441 3326 493 3405 γδρ
506 3322 565 3390 τούς
584 3323 734 3396 Ἀθηναίους
754 3324 797 3385 ἐπὶ
808 3327 913 3398 θίήδους
924 3352 953 3387 τε
969 3330 1015 3388 καί

233 3417 337 3495 Πέρσας
351 3416 397 3474 καί
412 3414 455 3474 τὸν
470 3412 548 3473 αὐτὸν
557 3417 618 3473 νούν
629 3414 668 3492 τῷ
680 3411 840 3494 Ὀλυμπικῷ
854 3416 1016 3493 ἀγωνιζόμε-

231 3527 273 3570 νος
287 3503 353 3583 ίνπέρ
373 3501 494 3580 ὁμονοίας
515 3502 563 3571 μὲν
582 3504 628 3571 τῆς
640 3501 705 3579 πρδς
722 3501 781 3568 τούς
793 3500 928 3575 Ἕλληνας
943 3507 1015 3565 οὐδὲν

232 3593 353 3667 διῆλθεν,
371 3587 461 3660 ίπειδή
483 3587 548 3667 πρὸς
569 3588 717 3660 Ἀθηναίους
736 3580 768 3659 ήν
783 3590 868 3669 ἀρχῆς
886 3592 1016 3669 ἐρῶντας,

243 3706 496 3723 ’.ι-...ι-

612 3760 635 3805 3.

264 3848 392 3895 Ducuntur
411 3843 510 3895 exordis
526 3843 830 3906 demonstratisigenerisa
841 3846 912 3897 laude
925 3850 962 3899 rei
980 3852 1017 3899 ri·

234 3916 398 3979 ιυρεεειίοιιος
413 3916 449 3965 sie
465 3914 566 3975 Gorgias
584 3914 610 3964 iu
622 3915 730 3965 aribone
752 3916 898 3979 olympica:
918 3938 930 3962 ν
942 3920 1019 3983 Apud

234 3987 332 4037 multos
344 3985 518 4035 admiratione
529 3983 610 4046 diunt,
626 3988 701 4035 eniri
717 3987 797 4036 Graeci
808 4003 840 4049 »3
857 3988 940 4038 iaudat
954 3990 1018 4039 enim

236 4071 277 4106 eos
288 4058 330 4119 qui
340 4056 448 4107 solennia
464 4057 509 4104 ista
521 4054 684 4117 instituerint3
699 4057 819 4106 Isocrates
826 4063 907 4108 antero
922 4060 1019 4123 vitupe-

236 4131 285 4188 rai,
297 4125 361 4189 quod
370 4126 478 4188 eorporis
487 4125 619 4176 virtutibus
630 4127 729 4188 prumia
738 4127 886 4189 statuissent,
903 4130 1020 4193 sapienia

237 4213 295 4248 sero
309 4197 432 4247 instruatis
444 4196 539 4247 nullum
552 4198 678 4260 premium
691 4197 835 4261 posuissent.

453 4303 497 4353 Ill.
510 4304 661 4355 subistis
674 4303 802 4354 onusto.

614 4396 628 4441 i

268 4472 346 4528 Quam
364 4469 466 4520 silenis
479 4469 579 4532 Gorgias
598 4470 682 4520 babuit
699 4470 805 4522 funebris
819 4471 897 4521 oratio
909 4474 973 4523 dieta
984 4479 1022 4523 est

237 4543 261 4591 in
271 4553 313 4591 eos
325 4540 367 4601 qui
379 4540 441 4590 bello
449 4539 596 4601 οοείδοεεοι,
606 4554 668 4603 quos
682 4542 841 4593 Athenienses
852 4542 949 4605 pubiiee
962 4557 1020 4593 enm

1051 851 1169 930 εὐάρων
1192 846 1307 928 τρόπαια
1332 846 1427 924 ὕμνους
1449 847 1571 918 ἀπαιτεῖ,
1590 843 1625 903 τὰ
1646 844 1674 904 δὲ
1694 843 1765 904 κατδ
1786 847 1839 902 τῶν

1051 967 1064 992 ι
1085 936 1224 1008 Ἑλλήνων
1238 935 1356 1015 θρήνους.
1382 961 1394 987 ν
1413 933 1561 1011 Λίγεταιδ
1577 936 1591 992 δ
1609 932 1721 1014 Γοργίας
1733 935 1758 999 ἐς
1770 930 1839 991 ὐκτὼ

1052 1027 1097 1086 καί
1111 1025 1204 1086 ἔκατδν
1219 1023 1315 1090 ἐλάσας
1329 1021 1375 1095 ίτη
1391 1020 1429 1099 μὴ
1450 1024 1631 1093 καταλυθῆναι
1644 1022 1676 1081 τὸ
1696 1022 1776 1098 σῶμα
1789 1021 1840 1079 ὑπὸ

1051 1120 1096 1174 τοῦ
1110 1114 1214 1196 γήρως,
1230 1114 1288 1172 ἀλλ’
1301 1109 1389 1190 ἄρτοις
1402 1108 1566 1170 καταύιῶναι
1579 1110 1626 1170 καί
1644 1109 1691 1186 τδς
1707 1108 1841 1180 αἰσθήσεις

1089 1226 1124 1261 ων

1434 1296 1460 1354 5.

1096 1400 1235 1455 Maximus
1257 1397 1397 1454 Planudes
1416 1394 1453 1451 ad
1474 1394 1661 1469 Hermogenis
1680 1393 1787 1448 librum
1814 1394 1840 1448 ll

1054 1484 1122 1565 Περὶ
1136 1486 1212 1544 ἰδεῶν
1228 1484 1331 1562 (tibet,
1353 1503 1397 1560 gr.
1421 1495 1442 1542 t.
1457 1487 1491 1553 V,
1507 1501 1538 1557 p.
1556 1480 1615 1547 548
1636 1480 1680 1537 ed.
1696 1477 1814 1558 wale.)
1833 1501 1839 1535 :

1057 1572 1193 1640 Διονύσιος
1206 1572 1232 1629 ἐν
1246 1573 1284 1651 τῷ
1298 1568 1410 1651 δευτίρῳ
1422 1566 1483 1648 περὶ
1500 1565 1679 1678 χαρακτήρων
1696 1565 1759 1647 περί
1771 1568 1842 1645 Γορ-

1054 1662 1112 1739 γίου
1125 1660 1209 1738 λίγων
1221 1657 1283 1718 τάδε
1294 1657 1381 1739 φησίν·
1394 1661 1543 1721 Δικανικοῖς
1555 1654 1603 1731 pis
1616 1676 1661 1712 ουν
1675 1655 1705 1712 οὐ
1715 1650 1841 1733 περιίτυ·

1055 1773 1102 1831 χον
1114 1752 1192 1809 αὐτοῦ
1205 1746 1308 1826 λύγοις,
1321 1745 1508 1824 δημῶγορικοῖς
1518 1743 1545 1802 il
1560 1741 1658 1818 ὀλίγοις
1672 1741 1718 1801 καί
1731 1765 1786 1801 τισι
1797 1740 1843 1800 καί

1057 1839 1178 1918 τέχναις,
1202 1843 1257 1904 τοῖς
1277 1834 1305 1895 δδ
1328 1834 1446 1894 πλείοσιν
1461 1832 1652 1897 ἐπιδεικτικοῖς·
1672 1834 1719 1900 τῆς
1732 1829 1761 1889 δδ
1775 1830 1845 1894 iiia<

1056 1926 1136 1982 αὐτοῦ
1147 1925 1199 1983 τῶν
1217 1923 1301 2001 λόγων
1314 1925 1429 1987 τοιοῦτος
1444 1922 1459 1978 δ
1472 1916 1622 1999 χαρακτήρ·
1637 1916 1798 1997 ἐγκωμιάζει
1813 1915 1841 1977 δδ

1056 2013 1116 2078 τοθς
1136 2016 1163 2073 ἐν
1177 2013 1302 2090 πολέμοις
1321 2008 1526 2092 ἀριστεύσαντας
1549 2005 1702 2078 Ἀθηναίου·
1726 2039 1768 2053 -
1782 2032 1795 2059 ι
1810 2005 1846 2066 Τί

1059 2127 1071 2155 ι
1087 2099 1138 2179 γδρ
1154 2103 1225 2172 ἐπῆν
1240 2107 1294 2167 τοῖς
1308 2099 1419 2181 ἀνδράσι
1433 2095 1532 2162 τούτοις
1546 2085 1583 2155 ῶν
1597 2097 1638 2154 δεῖ
1650 2093 1763 2174 ἀνδράσι
1776 2116 1847 2174 προ-

1058 2216 1070 2239 ι
1087 2188 1221 2263 σεῖναιςτί
1238 2188 1265 2247 δέ
1286 2186 1332 2248 καὶ
1346 2189 1448 2265 προσῆν
1468 2176 1505 2245 ῶν
1519 2189 1549 2243 οδ
1570 2184 1609 2242 δεῖ
1630 2190 1785 2264 προσεῖναις
1809 2183 1847 2240 εί·

1059 2304 1071 2329 ι
1085 2285 1144 2336 πιῑν
1158 2275 1287 2354 δυναίμην
1303 2275 1322 2334 θ
1344 2273 1486 2356 βούλομαι,
1503 2272 1647 2352 βουλοίμην
1662 2272 1686 2329 δ’
1701 2270 1719 2329 θ
1733 2271 1785 2347 δεῖ,
1801 2272 1847 2328 λα-

1058 2392 1071 2420 «
1086 2364 1138 2424 θὼν
1153 2364 1199 2442 μίν
1213 2364 1261 2435 τήν
1272 2364 1343 2424 θείαν
1357 2363 1475 2441 νίμεσιν,
1488 2359 1577 2442 φυγῶν
1589 2360 1617 2420 δέ
1628 2361 1672 2421 τδν
1682 2358 1846 2439 ἀνθρώπινον

1059 2479 1071 2507 α
1087 2451 1194 2533 φθόνον·
1209 2443 1279 2513 αὐτοι
1293 2451 1345 2533 γὰρ
1358 2451 1499 2523 ἐκέκτηντο
1511 2447 1656 2527 ἐνθεονμθν
1672 2447 1720 2521 τήν
1737 2448 1846 2528 ἀρετήν,

1060 2568 1072 2592 ε
1088 2539 1249 2619 ἀνθρώπινον
1272 2539 1301 2598 δέ
1315 2538 1346 2597 τδ
1359 2537 1470 2611 θνητύν,
1489 2534 1575 2596 πολλὰ
1590 2536 1637 2613 pls
1658 2533 1691 2607 δή
1712 2534 1743 2594 τδ
1762 2542 1846 2613 πρᾷον

1060 2628 1200 2696 «innixis
1221 2634 1266 2689 τοῦ
1280 2628 1407 2696 αὐθάδους
1425 2627 1533 2706 δικαίου
1543 2623 1741 2705 προκρίνοντες,
1760 2624 1848 2683 πολλὰ

1061 2746 1073 2770 ι
1089 2717 1117 2778 ii
1131 2717 1211 2796 νύμοο
1220 2716 1356 2796 δκριύείας
1368 2717 1452 2795 λόγων
1464 2715 1613 2795 θρθύτηται,
1627 2718 1717 2773 τοῦτον
1732 2711 1850 2790 νομίζω·

1062 2832 1073 2859 ι
1089 2829 1130 2872 τες
1144 2806 1276 2865 θειότατον
1297 2804 1342 2863 καί
1365 2805 1515 2865 κοινότατον
1535 2802 1627 2879 νόμον,
1645 2800 1676 2860 εδ
1691 2799 1748 2860 δίον
1766 2803 1792 2859 ἐν
1811 2803 1849 2878 τῷ

1061 2922 1073 2948 ι
1091 2895 1173 2954 δέοντι
1194 2894 1239 2954 καί
1252 2894 1338 2972 λίγειν
1358 2895 1403 2953 καί
1428 2900 1506 2973 σιγᾷν
1521 2891 1567 2950 καί
1588 2890 1671 2950 ποιεῖν
1686 2889 1752 2962 [καῖ
1767 2890 1848 2968 iffi,

1062 3010 1073 3034 ι
1088 2984 1132 3042 καί
1146 2983 1223 3043 δισσδ
1236 2983 1399 3054 ἀσκήσαντας
1416 2983 1532 3058 μάλιστα
1548 2970 1585 3039 ῶν
1596 2980 1647 3052 διῖ,
1660 2976 1768 3056 γνώμην
1781 2978 1847 3056 [καῖ

1062 3095 1074 3120 ν
1093 3067 1220 3149 pilum]
1235 3068 1282 3140 τήν
1298 3069 1345 3147 μίν
1362 3067 1527 3149 βουλεύοντες
1541 3067 1588 3140 τλν
1606 3065 1629 3126 δ’
1644 3066 1849 3138 ἀποτελοῦντες,

1062 3182 1073 3205 ι
1088 3155 1243 3233 θεράποντες
1257 3160 1310 3215 τῶν
1324 3156 1373 3234 μὲν
1386 3156 1481 3223 ἀδίκοις
1500 3153 1707 3233 δυσπιχούντων,
1722 3152 1851 3212 κολασταὶ

1063 3272 1075 3294 ν
1090 3242 1117 3302 ti
1131 3248 1183 3303 τῶν
1201 3244 1298 3313 ἀδίκως
1311 3244 1503 3325 εὐωχούντων,
1521 3243 1642 3310 αὐθάδεις
1652 3241 1716 3323 πρδς
1729 3241 1761 3300 τὸ
1774 3264 1848 3317 συμ-

1064 3331 1184 3411 ιφίρον,
1210 3333 1347 3413 εὐόργητοι
1370 3334 1434 3414 πρδς
1461 3333 1492 3391 τὸ
1524 3329 1643 3412 πρίπον,
1667 3334 1706 3411 τῷ
1732 3328 1852 3411 φρονίμην

1065 3447 1078 3472 ¹
1092 3424 1139 3492 τῆς
1152 3420 1258 3500 γνώμης
1274 3423 1400 3488 παύοντες
1412 3422 1443 3480 τὸ
1457 3422 1539 3502 άφρον
1555 3421 1624 3499 [τῆς
1638 3420 1729 3500 ῥώμης
1739 3426 1761 3492 ],
1775 3418 1849 3500 θύρι-

1063 3537 1075 3561 a
1093 3510 1154 3569 σταί
1168 3511 1204 3577 sl<
1216 3509 1276 3578 τοδς
1291 3510 1431 3590 ὐύρεοτάς,
1448 3510 1553 3586 κόσμιοι
1573 3510 1610 3577 εἰς
1626 3509 1686 3577 τοὺς
1706 3507 1851 3585 κοσμίους,

1065 3624 1077 3646 ι
1093 3597 1188 3675 ἄφοθοι
1202 3601 1238 3666 είς
1251 3598 1310 3666 τοὺς
1323 3598 1447 3678 ἀφόδους,
1460 3597 1539 3656 δεινοί
1553 3599 1580 3656 ἐν
1593 3604 1647 3665 τοῖς
1661 3598 1761 3662 δεινοῖς.
1773 3598 1853 3674 blap-

1064 3771 1129 3886 γργςιε
1150 3767 1288 3818 valetudine
1302 3767 1433 3818 doerssisse
1443 3765 1603 3828 sensibusque
1615 3764 1754 3826 juveniliter
1771 3764 1853 3825 vigm-

1101 3850 1138 3885 us.

1095 3977 1226 4041 Dionysius
1235 3979 1297 4029 libro
1306 3979 1336 4028 de
1346 3905 1524 4028 ebsrseteliibus
1532 3977 1676 4029 seeundode
1684 3977 1771 4039 Gorgia
1780 3975 1854 4024 rerba

1065 4048 1154 4099 liniens
1169 4049 1204 4099 iia
1220 4049 1311 4100 bibet:
1328 4051 1357 4099 ln
1372 4047 1496 4110 judiciales
1512 4048 1565 4110 eins
1578 4047 1698 4097 οτοθοοει
1710 4059 1760 4095 nou
1769 4044 1854 4104 inoidi,

1065 4120 1107 4170 sed
1122 4122 1273 4171 eoneionaies
1284 4134 1373 4183 ρουοει
1381 4122 1407 4171 ei
1418 4122 1487 4170 Artes
1501 4118 1629 4181 quasdem,
1641 4119 1757 4182 pinnum
1770 4121 1854 4166 autem

1065 4192 1201 4253 epidictiess
1212 4192 1332 4241 orationes
1339 4193 1425 4241 neotus
1434 4203 1498 4240 sum.
1506 4191 1622 4240 comum
1631 4190 1716 4239 forme
1727 4187 1856 4238 οθετασιοτ

1065 4262 1089 4310 iu
1099 4262 1247 4312 orationibus
1260 4261 1311 4322 ejus
1319 4262 1373 4311 tsiis
1386 4265 1431 4311 est.
1442 4259 1554 4311 Laudans
1566 4259 1725 4310 Athenienses
1735 4258 1802 4308 siros
1811 4258 1856 4319 qui

1067 4332 1128 4383 bello
1140 4333 1297 4383 induruerint
1312 4354 1318 4383 :
1332 4352 1345 4377 ν
1364 4330 1431 4391 Quid
1442 4333 1523 4391 enim,
1535 4330 1623 4393 iuquit,
1634 4331 1702 4381 uiris
1712 4327 1756 4378 bis
1767 4327 1856 4390 dessit

1065 4416 1154 4454 eorum
1166 4417 1224 4468 qne
1238 4403 1310 4454 decet
1321 4406 1387 4454 uiris
1398 4401 1508 4452 adesse?
1520 4404 1610 4452 Dicere
1619 4411 1722 4470 possen
1730 4411 1790 4463 qua
1800 4397 1855 4447 net·

1066 4474 1126 4529 δεον,
1137 4473 1184 4524 sed
1192 4474 1286 4524 uetiern
1301 4487 1362 4538 quse
1376 4472 1463 4532 deest,
1475 4471 1561 4521 latens
1575 4469 1695 4521 disinan
1708 4467 1858 4518 uindictam

1067 4545 1221 4610 metensque
1241 4546 1386 4596 inmanem
1399 4543 1541 4595 inuidiam.
1558 4547 1591 4594 iii
1612 4545 1681 4593 enim
1702 4544 1777 4591 nacti
1790 4545 1858 4591 sunt

238 4611 1021 4677 leudibuseiterebaot3summasuteneumarieoomnositsest3
1067 4615 1188 4667 diuinum
1213 4615 1310 4667 donum
1338 4617 1480 4672 uirtutem.
1502 4613 1651 4665 numanum
1675 4625 1736 4662 nero
1754 4614 1858 4661 narn·

237 4686 262 4735 iu
272 4683 354 4734 bledae
368 4685 432 4735 euim
449 4690 474 4735 et
489 4687 576 4737 renas
591 4686 709 4748 instigans
727 4687 883 4738 Atbmieuses
893 4689 919 4736 et
930 4688 954 4737 in
966 4699 1022 4737 osu·

1068 4686 1186 4747 litaturi,
1197 4686 1271 4750 ionae
1281 4689 1349 4751 equi
1361 4686 1497 4742 lenitatem
1512 4686 1610 4738 sumni
1617 4684 1691 4748 juris
1701 4683 1858 4747 pertinacia·

237 4756 292 4806 dem
304 4757 329 4806 in
339 4769 413 4819 quem
425 4755 449 4805 iu
461 4757 590 4819 olympica
601 4757 909 4808 unientismdissuensde
920 4771 1022 4809 musar·
1065 4754 1235 4819 preferentes
1248 4756 1372 4821 lanaeque
1388 4758 1490 4807 ennete
1508 4755 1559 4817 teni
1572 4758 1698 4806 serrnonts
1716 4751 1857 4806 restitudi·

237 4826 276 4876 dis
287 4826 386 4889 qnidem
399 4829 541 4878 Graecorum
556 4828 615 4878 nibil
631 4830 865 4891 mensunusum
880 4842 937 4878 eum
951 4831 1022 4880 siue·
1068 4839 1136 4883 nen,
1151 4826 1219 4876 bane
1232 4831 1357 4890 putantes
1370 4827 1601 4878 divinissimamet
1613 4825 1857 4876 eornmunissinrasn

238 4897 361 4948 iriensibus
372 4898 416 4961 ipsi
431 4911 469 4948 res
489 4902 541 4949 erat
562 4900 722 4962 pnoeipstnm
747 4898 930 4963 appenninus,
949 4914 1023 4963 quem
1070 4900 1158 4961 tenen,
1176 4898 1245 4961 quod
1257 4898 1329 4950 decet
1341 4899 1449 4964 qnando
1462 4898 1532 4949 deoet
1548 4900 1575 4949 et
1590 4897 1675 4947 dicem
1686 4898 1712 4946 et
1727 4898 1817 4946 tacere
1830 4895 1858 4941 et

238 4980 380 5029 comparare
396 4967 442 5018 sibi
465 4982 513 5018 non
532 4972 657 5032 ροιοειοι,
680 4971 724 5020 nisi
745 4970 844 5033 quidvis
860 4970 963 5021 ουδοοδί
978 4971 1024 5022 sibi
1043 4985 1044 4990 ¹
1064 4972 1191 5032 saeereet
1203 4967 1540 5030 omittere5inenereendis
1551 4967 1603 5018 dno
1612 4971 1858 5020 manimeensreen-

238 5037 364 5088 eonsilium
376 5042 497 5101 ωροεειιι,
509 5038 589 5089 sedin
601 5040 725 5091 Ιευθεοδίε
738 5040 838 5090 medina
850 5040 957 5091 victoris
966 5054 1022 5093 ver-
1072 5044 1124 5102 tes,
1135 5040 1268 5102 juditium
1279 5044 1305 5092 et
1325 5041 1420 5101 νοδιεες
1437 5039 1509 5094 iilud
1526 5039 1701 5102 consulendo,
1724 5038 1772 5089 boe
1794 5048 1855 5086 ene·

238 5112 306 5158 situs
330 5111 378 5171 est,
393 5109 521 5160 οοιεοδοειο
540 5110 571 5159 iis
590 5110 703 5162 statorias
721 5112 752 5161 de
763 5111 870 5161 barbaris
893 5117 1025 5176 eportatis
1070 5111 1367 5176 quend05tnseruientes
1382 5109 1703 5173 immeritointortunatts,
1714 5110 1857 5174 punientes

240 5180 351 5241 byssinos,
368 5179 398 5229 de
413 5180 571 5231 Grseeisvero
582 5183 763 5244 pannusculis
776 5183 905 5244 postulare.
919 5210 948 5220 —
961 5185 1025 5234 Diei·
1070 5186 1200 5234 inmerito
1215 5183 1378 5245 fortunatos,-
1398 5183 1511 5234 audaces
1529 5182 1567 5232 ad
1585 5182 1660 5239 utile,
1679 5181 1741 5233 bene
1759 5181 1858 5230 norati

239 5256 280 5303 tur
291 5255 372 5303 auten
388 5254 488 5315 norgiis
501 5253 532 5303 sd
543 5257 656 5304 οαεενιιιιι
669 5262 692 5306 et
702 5256 859 5305 canusinum
869 5268 959 5305 annum
969 5270 1024 5319 pro·
1070 5255 1106 5305 ad
1119 5256 1147 5304 id
1161 5254 1318 5318 qnoddeeet,
1331 5258 1412 5305 animi
1427 5255 1571 5317 prudentia
1581 5254 1747 5305 moderantes
1757 5255 1860 5314 impru-

240 5336 335 5384 gressus
349 5336 436 5388 eunus
451 5323 518 5375 senio
540 5324 639 5375 minim
650 5328 785 5378 misfactum
800 5326 919 5386 tribuisse,
938 5327 1025 5378 sedin·
1071 5327 1185 5378 dentiam
1197 5326 1305 5388 roboris,
1319 5327 1457 5377 insolentes
1466 5329 1492 5375 in
1506 5324 1658 5386 insolentes,
1672 5322 1784 5373 modesti
1795 5329 1859 5381 ertit
