3967 5967
669 446 733 508 ΧΠ.
756 447 859 506 ΠΡΟΣ
880 445 1086 507 ΛΕΠΤΙΝΗΠ.
1702 465 1759 517 688

156 583 274 649 Λεπτίνην
291 581 333 634 τδν
346 582 441 651 νόμον,
459 579 517 632 ἀλλ’
530 578 656 647 ἀλήθειαν.
695 579 729 632 Ἢ
746 580 774 633 ού
789 581 865 652 λόγος
880 579 934 631 ἀντί
980 578 1089 641 οἰκείως·
1107 579 1145 633 ἀεί
1158 580 1206 652 γάρ
1218 583 1257 633 καί
1275 587 1322 634 τῶν
1336 588 1425 653 καιρῶν
1444 584 1485 636 καί
1504 589 1552 637 τῶν
1565 588 1702 656 προσώπων
1719 588 1762 640 καί

156 670 199 719 τοῦ
208 664 236 717 ού
245 663 348 735 φροντίς.
363 663 444 713 TCV.
978 663 1027 710 τῶν
1040 665 1128 729 χρειῶν
1141 662 1180 712 δεῖ
1192 663 1365 731 στοχάζεσθαι.
1407 661 1506 729 Ἐπειδὴ
1517 664 1622 718 Πλάτων
1632 666 1673 717 καί
1686 667 1761 719 άλλοι

191 744 266 805 Λύτδς
278 743 356 812 θέτω]
369 740 452 801 Οθτως
462 737 571 800 ἐδέξαντό
585 756 664 802 τινες,
680 739 718 791 ὅτι
737 738 867 793 ύπεύθυνον
879 738 934 790 έαυ-
978 738 1070 791 πολλοὶ
1083 741 1124 792 καί
1141 738 1185 805 τὴν
1203 740 1350 812 ὀλιγαρχίαν
1369 743 1410 795 καί
1422 741 1467 807 τὴν
1485 744 1610 798 πολιτείαν
1624 743 1669 812 τήν
1685 749 1761 799 Λακε·

156 826 198 878 τδν
217 821 370 887 καταστήσας
388 819 520 890 κυρωσάτιο
533 818 576 871 τὸν
597 816 698 883 ἑαυτοῦ,
719 818 740 871 εί
762 820 849 890 θαρρεῖ
858 818 933 889 αύτῷ.
978 817 1112 888 δαιμονίων
1126 823 1169 885 τῆς
1182 821 1346 891 δημοκρατίας
1361 822 1515 893 προκρίνουσι
1533 824 1574 875 καί
1589 827 1631 890 τῆς
1644 826 1699 895 παρ’
1714 823 1762 878 ἑτέ·

155 906 239 958 Tm,
979 915 1029 967 ραις
1040 897 1139 967 κρίσεως
1152 897 1334 969 ἐμνημόνευσε,
1349 899 1455 970 μάλιστα
1477 901 1519 972 μέν
1535 900 1659 965 ἀποδείξας
1670 902 1695 956 ἐν
1708 907 1761 965 τοῖς

191 983 253 1046 488,
263 985 289 1033 6.
304 977 379 1051 Ἐμοί
385 978 419 1044 δ’,
429 973 452 1031 ώ
462 977 546 1047 ἄνδρες
559 974 697 1048 Ἀθηναῖοι]
712 974 813 1031 ’Πθικδν
826 978 869 1050 μέν
878 998 936 1050 τυγ·
978 976 1082 1045 πρώτοις
1101 977 1237 1044 καλλίστην
1253 976 1297 1043 τήν
1315 980 1495 1050 δημοκρατίαν·
1513 979 1568 1033 εἶτα
1582 981 1624 1034 καί
1645 982 1674 1035 τδ
1698 982 1759 1035 κατὰ

155 1061 227 1130 χάνει
242 1059 271 1113 τδ
285 1059 393 1130 ἐννόημα
401 1097 409 1122 ,
418 1056 566 1127 προσείληφε
574 1056 601 1109 δέ
612 1056 654 1109 καλ
665 1055 693 1109 εδ
706 1059 801 1127 πικρόν.
839 1058 873 1110 Tb
887 1058 935 1130 γάρ
981 1058 1156 1127 συγχώρησιν,
1172 1056 1194 1112 εί
1205 1058 1252 1129 ἀρα
1263 1059 1306 1111 καί
1319 1058 1382 1112 κατὰ
1393 1058 1436 1112 τδν
1446 1059 1569 1132 λογιομδν
1583 1059 1666 1114 ἐκεῖνα
1674 1063 1760 1132 φανείη

157 1137 368 1209 μήάνεγνωιιέναι
377 1136 458 1206 λίγειν
471 1135 527 1197 τούς
537 1134 650 1197 Σόλωνος
659 1136 761 1205 νόμους,
774 1137 790 1203 4
805 1134 839 1208 μή
855 1139 936 1191 συνεί·
981 1134 1089 1206 βελτίω,
1110 1136 1168 1189 ἀλλ’
1187 1133 1230 1191 ούν
1252 1158 1280 1209 γε
1309 1139 1385 1209 τύχης
1412 1140 1484 1192 ἐνεκα
1502 1139 1533 1193 τίι
1550 1145 1599 1192 τῶν
1628 1138 1760 1207 ’Λθηναίων

119 1256 122 1262 -
156 1238 212 1282 ναι,
227 1216 434 1282 ούκάπήλλοικται
442 1218 486 1267 τοῦ
498 1214 643 1280 πληκτικοῦ.
656 1216 737 1270 TCV.
979 1216 1090 1287 κρείττω.
1103 1219 1184 1272 TCV.

191 1302 254 1362 488,
272 1316 298 1368 7.
314 1297 360 1348 ίίαί
377 1314 418 1367 μοι
433 1295 492 1366 πρδς
515 1295 644 1366 Διδς]Τῷ
657 1293 711 1361 ἤθει
724 1294 832 1357 δελεάζει
851 1295 934 1350 αύτόν.
1015 1299 1078 1364 489,
1103 1299 1129 1351 8,
1154 1296 1217 1349 Λύτδ
1231 1296 1278 1367 γάρ
1292 1302 1490 1368 τοῦτοπρῶτον,
1512 1300 1527 1351 δ
1546 1303 1587 1352 νῦν
1606 1295 1673 1352 οὗτοι
1688 1298 1760 1366 ποιή-

155 1378 236 1430 TCV.
979 1377 1064 1442 σουσι]
1087 1375 1280 1447 Συγκρουοτικδν
1303 1378 1398 1448 νόημα·
1424 1377 1550 1447 παροξύνει
1572 1378 1620 1449 γάρ
1645 1380 1701 1441 τοῦς
1725 1381 1760 1431 δι-

192 1459 255 1523 488,
271 1458 297 1510 8.
318 1453 353 1506 'fl
369 1452 413 1505 ούκ
426 1451 589 1523 ἀνεγνωκέναι
602 1450 658 1514 τοὶις
669 1450 783 1512 Σόλωνος
795 1452 899 1522 νόμους,
919 1452 935 1517 ἢ
979 1452 1069 1514 καστὰς
1085 1453 1125 1506 διὰ
1142 1455 1235 1507 τούτων
1251 1454 1378 1523 ἐντεῦθεν,
1389 1455 1433 1508 ἵνα
1447 1456 1569 1529 βεθαιώοη
1585 1458 1624 1510 δτι
1642 1452 1759 1520 ἤκουσαν.

157 1536 186 1590 ού
204 1537 326 1607 συνιέναι]
337 1534 383 1587 'lv'
398 1530 413 1607 ή
436 1533 466 1586 τδ
480 1532 522 1603 μέν
537 1535 580 1598 τῆς
598 1532 705 1602 φύσεως,
720 1531 749 1584 τδ
763 1529 789 1584 δέ
802 1535 845 1598 τῆς
867 1530 937 1602 ρφθυ-
978 1531 1060 1585 TCV.

157 1617 222 1687 μίας.
259 1613 296 1667 Ἢ
312 1613 361 1685 γάρ
374 1612 419 1666 ούκ
431 1610 537 1682 ἀνέγνως
548 1611 579 1663 δι’
596 1609 725 1681 ἀμίλιιαν·
747 1607 768 1663 εί
782 1609 805 1660 δ’
816 1607 937 1681 ἀναγνούς
1015 1613 1078 1681 489,
1096 1612 1137 1665 13.
1153 1610 1218 1665 Εἶτα
1230 1613 1272 1665 καί
1291 1614 1479 1684 Λακεδαιμόνιοι
1494 1619 1542 1668 τῶν
1563 1613 1606 1686 μίν
1624 1615 1759 1687 τοιούτων]

155 1696 199 1749 ούκ
211 1695 328 1762 ἐνόησας,
339 1690 418 1758 νωθὴς
429 1690 454 1745 εί
465 1691 527 1744 κατὰ
538 1691 618 1761 φύσιν.
631 1691 712 1743 TCV.
980 1689 1036 1742 Τῶν
1060 1689 1121 1744 ίθῶν
1137 1697 1186 1744 τῶν
1200 1692 1256 1762 παρ’
1276 1691 1337 1763 ἡμῖν
1355 1693 1453 1760 καὶτῆς
1469 1693 1601 1757 πολιτείας.
1639 1694 1711 1748 Θέλει
1735 1696 1761 1749 δέ

191 1778 307 1840 48810.
319 1771 425 1835 Ἐξεῖναι
434 1772 518 1825 δοῦναι
527 1769 559 1824 τά
566 1768 668 1840 ἐαυτοῦ]
682 1766 847 1840 Ἐπιχείρημα
857 1768 884 1823 ἐκ
892 1772 935 1822 τοῦ
979 1765 1056 1821 είπεῖν
1068 1770 1106 1823 ότι
1115 1776 1204 1841 τιμῶσι
1214 1771 1257 1842 μέν
1272 1773 1469 1844 Λακεδαιμόνιοι,
1483 1772 1531 1844 ούχ
1542 1774 1633 1845 ὁμοίως
1645 1774 1671 1828 δέ
1684 1774 1757 1846 ήμῖν,

156 1854 298 1915 ἐλάττονος·
316 1850 366 1923 ίδίφι
378 1850 426 1921 γὰρ
439 1850 540 1911 ίκαστος
550 1852 594 1903 τοῦ
608 1851 690 1901 κοινοῦ
708 1845 827 1901 ἐλάττων.
865 1849 936 1918 Λέγει
979 1845 1229 1921 ἐπειδὴούδίόμοίως
1240 1850 1510 1907 πολιτεύονταιΤίῖΠ.

155 1931 183 1985 δέ
191 1934 230 1984 δτι
241 1931 344 1995 άτοπον,
358 1928 404 1983 είύ
419 1928 461 2000 μίν
471 1927 557 1981 Σόλων
572 1926 679 1988 ἐξουσίαν
691 1925 728 1978 ίνί
740 1924 834 1997 έκάστιμ
847 1926 935 1980 δέδωκε
1015 1930 1078 1996 489,
1104 1928 1145 1982 15.
1162 1927 1201 1991 “Λς
1214 1927 1334 1990 ἀπεύξαιτ’
1349 1930 1395 2001 ἂν]
1419 1928 1461 1992 τάς
1473 1931 1529 2002 παρ’
1548 1929 1647 1985 ἐκείνων
1671 1932 1758 2003 τιμάς’

156 2016 205 2064 τῶν
220 2010 323 2072 ίαυτοῦ,
337 2008 368 2061 σύ
380 2007 407 2061 δί
417 2005 462 2073 τήν
477 2006 548 2060 πόλιν
561 2003 607 2071 τδν
622 2005 722 2076 μείζονα
740 2006 870 2075 στερίσκεις
886 2010 935 2058 τῶν
979 2004 1069 2074 σχιδδν
1081 2005 1130 2078 γὰρ
1143 2008 1253 2078 τυραννίς
1266 2006 1282 2074 ἡ
1295 2008 1365 2080 τιμή.
1378 2009 1459 2062 TCV.

156 2087 251 2154 έαυτῆς.
260 2090 342 2142 TCV.
628 2156 630 2161 Ι
1015 2087 1078 2155 489,
1100 2103 1141 2154 17.
1154 2085 1203 2149 Τάς
1215 2085 1258 2157 μὲν
1274 2088 1328 2140 καθ’
1347 2089 1449 2141 ἕκαστον
1464 2085 1548 2159 ἐάσω]
1561 2088 1690 2159 Σοφίίεται
1702 2090 1762 2160 πρδς

191 2170 254 2230 488,
277 2183 319 2222 11.
345 2163 400 2234 Ούχ
418 2163 453 2216 ἵν’
476 2161 629 2235 ἀποστερήσῃ
641 2162 697 2224 τοίις
710 2161 837 2233 ἐγγυτάτω
850 2163 933 2233 γένει]
979 2163 1008 2215 τδ
1022 2162 1166 2217 λυσιτελοῦν
1182 2166 1289 2220 ἅπαντα·
1306 2162 1368 2232 ἦσαν
1387 2164 1434 2237 γάρ
1453 2167 1509 2237 παρ’
1531 2165 1630 2229 ἐκείνοις
1649 2169 1761 2238 στέφανοι

156 2251 199 2315 τῆς
218 2247 359 2318 συγγενείας
372 2244 414 2297 καλ
426 2247 470 2298 τοῦ
492 2243 593 2314 κλήρου.
636 2242 751 2314 Ἐγίνετο
774 2242 822 2313 γάρ
841 2243 883 2295 καί
896 2242 935 2294 διὰ
979 2241 1021 2295 καὶ
1030 2243 1144 2309 σιτήσεις,
1159 2246 1240 2316 ώσπερ
1257 2245 1298 2298 καί
1306 2246 1362 2316 παρ’
1380 2243 1525 2312 Ἀθηναίοις,
1538 2246 1630 2316 σαφεῖς.
1642 2247 1724 2298 TCV.

156 2328 301 2393 τῆςδόσεως
314 2330 362 2378 τῶν
378 2325 514 2395 χρημάτων
529 2322 618 2392 σχεδδν
639 2319 760 2393 συγγενής
781 2324 934 2396 τῇγνώμη,
1015 2326 1077 2394 489,
1100 2342 1141 2394 19.
1157 2325 1302 2395 Γερουσίαν]
1317 2323 1416 2400 Ὄνομα
1441 2323 1519 2395 ἀρχῆς
1536 2322 1601 2394 παρά
1614 2324 1764 2393 Λακεδαιμο-

158 2405 182 2459 εί
193 2425 223 2477 γε
236 2404 277 2458 καί
294 2402 327 2475 μὴ
340 2408 376 2475 τῷ
395 2404 462 2474 γένει
483 2402 659 2472 συνταττόμενοι
672 2400 876 2473 φιλοτιμήοοντοιι
895 2400 937 2454 καί
980 2399 1053 2466 νίοις,
1068 2399 1101 2463 είς
1114 2402 1143 2468 ἣν
1159 2400 1275 2473 ἔρχονται
1289 2403 1312 2456 οί
1327 2402 1408 2465 καλῶς
1425 2403 1545 2472 βιοῦντες,
1558 2401 1600 2454 καὶ
1613 2402 1723 2472 γέροντες
1737 2401 1761 2453 οί
1870 2454 1875 2461 ,

158 2483 399 2557 εύεργετηθήσονται.
411 2483 491 2537 TCV.
906 2474 911 2482 ’
982 2481 1125 2550 μετέχοντες
1137 2480 1184 2535 ἀπδ
1194 2486 1237 2535 τοῦ
1247 2482 1328 2553 τιμίου
1338 2488 1386 2535 τῶν
1394 2480 1507 2548 ἡλικιῶν.
1520 2482 1601 2534 TCV.

192 2568 255 2629 488,
273 2580 315 2631 19.
331 2560 378 2612 ίίοιί
392 2558 426 2631 μή
438 2558 550 2620 κάκεῖνος
560 2564 609 2611 τῶν
621 2559 702 2621 καλῶς
718 2558 869 2627 δοκούντων]
882 2559 936 2629 περὶ
1015 2559 1155 2631 Παρασχὼν
1177 2560 1262 2615 ἐαυτδν
1277 2556 1331 2614 οίον
1350 2560 1418 2633 χρὴ]
1433 2560 1499 2631 παρὰ
1516 2560 1715 2631 Λακεδαιμονίοις
1729 2560 1763 2620 ώς

157 2646 201 2695 τοῦ
213 2640 247 2712 μὴ
268 2640 350 2709 λέγειν
368 2642 448 2698 κακῶς
463 2636 507 2688 τδν
523 2637 654 2705 τεθνεῶτος.
669 2639 700 2690 Β.
718 2635 747 2689 Ὁ
761 2637 874 2699 Σόλωνος
895 2637 936 2689 νό·
978 2636 1157 2693 πολιτεύονται.
1165 2640 1235 2693 ch
1238 2676 1246 2691 .

158 2742 202 2792 μος
215 2720 366 2788 ἀπηγόρευσε
388 2714 445 2775 τούς
463 2714 597 2775 τεθνεῶτας
613 2715 720 2776 ἅπαντας
739 2714 819 2785 λέγειν
842 2721 934 2779 κακῶς,
1015 2723 1078 2788 489,
1095 2735 1140 2774 αο.
1155 2719 1277 2785 Δεσπότης
1295 2716 1346 2771 ἐστὶ
1359 2723 1407 2771 τῶν
1420 2716 1539 2786 πολλῶν]
1554 2715 1609 2769 ἀντί
1621 2721 1664 2770 τοῦ
1677 2718 1762 2787 ἅρχων

157 2802 202 2852 κᾶν
216 2795 351 2868 ἐρεθίζηταί
365 2791 456 2855 τῑςθπθ
468 2792 935 2864 τῶνκαῦωνῒῠῦῖῑθνηῑότῠεθὸριίύ-
979 2799 1098 2866 δεσπότης
1112 2796 1193 2860 εἶπεν,
1207 2796 1231 2859 ἐξ
1240 2793 1269 2849 ού
1281 2796 1391 2868 ἐμφαίνει
1405 2796 1528 2849 δουλείαν.
1567 2796 1669 2866 Βαρδδέ
1682 2797 1762 2867 ὄνομα

158 2895 239 2948 μενος.
281 2873 310 2927 ‘0
325 2874 454 2943 δέφησιν,
474 2869 539 2942 ἔργῳ
560 2869 589 2922 σθ
604 2876 682 2933 κακῶς
699 2873 786 2933 ποιεῖς.
827 2869 937 2936 Ἐκεῖνος
979 2876 1044 2949 παρὰ
1060 2874 1222 2944 ’Λθηναίοιςη
1241 2875 1348 2931 δουλεία.
1389 2874 1431 2938 Ἐξ
1445 2875 1581 2946 ἐλευθερίας
1595 2875 1644 2947 γὰρ
1657 2874 1672 2942 ἡ
1686 2878 1763 2948 δημο-

158 2954 201 3026 μέν
218 2953 266 3024 γάρ
284 2952 355 3023 λόγῳ
370 2949 475 3014 κωλύει,
489 2949 519 3001 σύ
530 2948 557 3001 δέ
567 2948 609 3001 καί
619 2947 645 3002 ἐν
666 2947 760 3020 ίργοις·
778 2948 889 3013 κάκεῖνος
908 2951 936 3003 ού
979 2959 1066 3029 κρηπίς
1084 2955 1239 3029 γνωρίζεται.
1249 2957 1329 3008 TCV.

157 3033 213 3096 τοὶις
226 3032 326 3103 φίλους,
344 3029 402 3081 ἀλλ’
417 3028 499 3090 ἅπλῶς
515 3026 666 3098 8888688888
685 3026 718 3100 μὴ
735 3030 887 3099 886888·ῖῆ
907 3032 936 3083 ῦῖ)
1015 3042 1078 3107 489,
1089 3052 1134 3089 22.
1149 3035 1221 3089 Μετὰ
1233 3040 1280 3088 τῶν
1293 3033 1386 3105 θμοίων
1396 3036 1406 3102 ]
1418 3032 1480 3105 μετά
1497 3038 1546 3086 τῶν
1562 3033 1647 3086 ἀλλων
1670 3032 1761 3104 άρχόν·

157 3112 184 3165 δέ
206 3112 248 3166 καί
268 3111 323 3173 τούς
346 3110 470 3181 εύεργίτας
483 3107 569 3170 αύτούς
586 3106 686 3170 ἀδικεῖς.
727 3107 892 3182 Ἐπιχείρημα
910 3112 936 3166 δέ
979 3134 1038 3168 των,
1051 3115 1132 3168 TCV.

157 3193 208 3247 ἐστι
222 3191 263 3246 καί
276 3191 334 3245 αύτδ
346 3190 373 3245 ἐκ
385 3193 429 3243 τοῦ
441 3187 579 3250 ἐλάττονος.
589 3190 670 3243 TCV.
1014 3196 1077 3263 489,
1094 3196 1138 3255 α4.
1154 3190 1272 3261 Στέφανοι
1285 3188 1311 3242 δέ
1322 3188 1364 3242 καί
1377 3187 1503 3257 ἀτέλειαι]
1515 3187 1550 3240 Οίι
1562 3189 1618 3251 τούς
1633 3190 1762 3259 στεφάνους

193 3274 256 3337 488,
278 3275 322 3334 24.
339 3270 389 3323 Ὧν
414 3267 482 3321 ούδέν
498 3265 597 3330 ίκείνοις
614 3268 752 3341 προσῆκεν]
768 3273 820 3330 τοῖς
841 3268 935 3341 εύεργέ·
979 3271 1051 3338 ήτδς
1066 3269 1171 3336 σιτήσεις
1185 3268 1199 3321 θ
1211 3269 1330 3336 Λεπτίνης
1344 3266 1480 3338 ἐμέμφετο,
1494 3266 1560 3319 ἀλλά
1571 3265 1616 3333 τὴν
1630 3266 1759 3335 ἀτέλειαν,

159 3372 220 3414 ταις.
237 3350 319 3404 ἹῸΠ.
886 3349 895 3365 “
977 3348 1206 3419 ίναλυθῇ.ΤΠΠ.

192 3434 255 3495 488,
271 3434 316 3485 26.
331 3428 398 3480 Πάνυ
407 3428 488 3480 τοίνυν
500 3428 594 3497 σπουδῇ
606 3445 642 3487 τις
653 3424 821 3500 ἀπήγγειλεν]
835 3425 935 3482 λνείθε·
1015 3432 1078 3498 489,
1093 3431 1137 3481 26.
1152 3426 1199 3478 ίίαί
1211 3425 1279 3478 ταῦτ’
1291 3423 1416 3496 ἀμφότερα
1429 3422 1506 3494 δρθῶς
1521 3424 1590 3495 ἔχει]
1603 3425 1644 3477 καί
1660 3425 1690 3477 τέι
1704 3426 1761 3497 παρ’

158 3511 194 3572 σίς
209 3510 273 3564 ἐστιν
283 3508 311 3562 ἐκ
324 3511 368 3561 τοῦ
380 3506 529 3577 ίθους,8περ
540 3504 606 3559 ἐστίν
620 3506 729 3577 ἀγραφον
742 3507 863 3577 νόμιμον·
877 3509 936 3560 διαι-
978 3505 1039 3578 ἡμῖν
1060 3507 1101 3558 καί
1123 3504 1154 3558 τά
1172 3503 1281 3559 ἐκείνων.
1319 3502 1375 3565 Πῶς
1394 3502 1420 3555 δέ
1438 3502 1562 3554 διαύαλὼν
1581 3503 1633 3554 ἀνω
1647 3500 1692 3569 τὴν
1711 3510 1760 3557 τῶν

158 3590 236 3660 ρεῖεαι
247 3587 295 3659 γὰρ
307 3587 335 3640 τδ
348 3587 453 3656 νόμιμον
465 3583 499 3647 είς
511 3585 620 3655 άγραφον
638 3585 680 3637 καί
697 3583 836 3656 ἔγγραφον·
853 3586 879 3640 ἐκ
892 3592 936 3641 τοῦ
979 3585 1177 3656 Λακεδαιμονίων
1191 3583 1316 3638 πολιτείαν
1337 3580 1441 3635 ίνταῦθα
1459 3580 1567 3648 ἐπαινεῖς
1584 3581 1655 3635 Ἐκεῖ
1672 3582 1714 3653 μέν
1729 3585 1762 3646 ὡς

157 3662 201 3720 ούν
212 3666 322 3737 ἀγράφου
339 3664 477 3722 άντίπεσεν,
519 3663 656 3734 Ἐλέγομεν
667 3663 694 3717 δέ
706 3663 730 3727 ἐξ
744 3663 822 3735 ἀρχῆς
834 3666 935 3721 διπλοῦν
978 3664 1037 3732 πρδς
1051 3661 1095 3728 τὴν
1118 3662 1205 3717 ἑαυτοῦ
1225 3663 1361 3734 συγκρίνων
1375 3661 1501 3715 πολιτείαν
1516 3661 1641 3725 διέόαλεν,
1658 3661 1762 3716 ἐνταῦθα

158 3745 224 3800 εἶναι
238 3744 336 3799 αύτδτδ
349 3746 471 3814 νόμιμον,
489 3742 552 3797 κατά
566 3741 595 3796 τδ
610 3740 676 3806 εἶδος
692 3746 736 3809 τῆς
755 3744 842 3811 διπλῆς
857 3764 936 3817 πραγ-
979 3741 1005 3795 δέ
1021 3743 1055 3804 ὡς
1075 3743 1133 3813 πρδς
1154 3741 1198 3808 τήν
1212 3742 1292 3795 αύτῶν
1306 3741 1505 3812 Λακεδαιμονίων
1526 3739 1627 3795 ἐπαινεῖ.
1671 3740 1701 3793 Ἥ
1722 3742 1759 3795 εύ-

159 3828 269 3896 ματικῆς.
308 3822 401 3877 Οθκοῦν
419 3822 447 3876 τδ
457 3822 558 3877 διπλοῦν
575 3821 684 3890 ἐδήλωσε
703 3822 744 3874 διὰ
755 3827 797 3890 τῆς
811 3822 936 3887 ἀντεξεςά.
979 3840 1034 3873 νοια
1049 3821 1091 3887 δέ,
1106 3822 1195 3893 φησίν,
1210 3820 1264 3873 ἐκεί
1279 3820 1306 3874 ἐκ
1323 3823 1367 3873 τοῦ
1380 3816 1444 3872 εἶναι
1462 3821 1554 3883 πάντας
1568 3820 1624 3881 τούς
1640 3820 1761 3890 άρχοντας

157 3922 218 3965 σεως
231 3908 281 3956 τῶν
291 3904 374 3972 νόμων
387 3901 427 3954 καί
440 3900 480 3953 διδ
492 3906 540 3954 τῶν
560 3900 648 3962 ἔξωθεν
667 3904 934 3972 παραναγνωοθέντων,
980 3898 1060 3965 ίοους,
1080 3899 1183 3954 ἐνταῦθα
1203 3899 1228 3953 δέ
1243 3899 1269 3953 ἐκ
1283 3903 1326 3953 τοῦ
1346 3898 1481 3971 λαμίάνειν
1501 3900 1557 3962 τούς
1582 3899 1660 3963 ἀξίους
1679 3901 1758 3970 τιμάς.

158 3983 191 4045 ὡς
206 3982 231 4036 οί
253 3982 297 4054 μὲν
314 3984 478 4052 κατηγοροῦσι
502 3984 545 4033 τοῦ
561 3981 637 4051 νόμου
658 3984 701 4033 τοῦ
721 3981 853 4046 Λεπτίνου,
869 3982 893 4034 οἱ
911 3982 936 4036 δὲ
979 3976 1097 4030 θύκοῦνδ
1112 3978 1154 4040 τάς
1167 3977 1238 4050 τιμάς
1248 3976 1366 4049 ἀφαιρῶν,
1377 3975 1447 4040 οὗτος
1461 3976 1608 4049 ἀναιρεῖτήν
1622 3977 1758 4032 πολιτείαν.

158 4064 316 4132 συμφωνοῦσι
329 4065 364 4131 τῷ
378 4059 539 4130 Δημοσθένει·
557 4058 662 4111 δείκνυσι
675 4057 701 4111 δέ
721 4057 790 4112 ούδέν
808 4051 882 4125 ήττον
896 4061 936 4113 διὰ
977 4059 1059 4111 TCV.

157 4145 206 4191 τῶν
220 4139 373 4193 ἀντιθέσεων.
411 4136 461 4204 Τήν
474 4137 517 4209 μέν
529 4136 577 4209 γάρ
592 4136 650 4209 ύπέρ
659 4141 703 4190 τοῦ
714 4139 831 4191 Λεπτίνου
845 4142 932 4211 νόμου·
1015 4142 1077 4208 490,
1095 4138 1121 4193 3.
1137 4137 1184 4190 Καὶ
1196 4137 1243 4209 μὴν
1255 4138 1310 4209 περί
1322 4141 1403 4210 γετοῦ
1418 4136 1480 4208 μηδέ
1492 4135 1616 4206 θηύαίου]
1627 4135 1757 4201 Ζητήσειεν

159 4216 211 4270 ἐστι
221 4217 270 4289 γδιρ
282 4216 331 4270 άπδ
344 4220 387 4269 τοῦ
410 4218 515 4288 νομίμου
526 4216 568 4270 καί
581 4217 642 4284 κύτη
650 4259 657 4283 ,
671 4215 693 4270 εί
708 4218 749 4270 καί
762 4217 816 4280 Είνα
830 4221 870 4273 καί
886 4223 935 4273 Λα·
979 4216 1008 4269 ἀν
1024 4237 1058 4281 τις
1070 4218 1135 4281 τίνος
1151 4220 1224 4289 χάριν
1236 4216 1252 4284 ή
1264 4217 1382 4279 ἀντίθεσις
1401 4215 1456 4286 εἶχε
1472 4216 1595 4289 μετὰτῶν
1610 4215 1760 4286 Λακεδαιμο·

157 4294 249 4347 κωνικά
267 4296 309 4348 καί
327 4295 442 4361 θηθαίων
457 4296 487 4349 τά
499 4298 592 4368 νόμιμα
610 4295 675 4350 εἶναι
688 4298 765 4353 δοκεῖ’.
803 4298 934 4371 Θαυμαστή
978 4298 1037 4350 νίων
1054 4296 1116 4368 θμοῦ
1126 4298 1167 4349 καί
1181 4296 1315 4363 θηόαίους,
1329 4295 1354 4349 ἐν
1364 4295 1391 4347 δέ
1400 4298 1431 4365 τῇ
1440 4294 1508 4347 λύσει
1519 4295 1670 4366 διηρημένως
1679 4292 1756 4363 λέγει.

159 4373 185 4425 δέ
202 4372 218 4439 ἦ
235 4376 350 4444 μέθοδος·
366 4377 447 4446 ὥσπερ
458 4375 506 4447 γάρ
520 4376 687 4447 ἐλιγχορένου
700 4379 819 4432 Λεπτίνου
830 4380 871 4433 καί
887 4401 934 4452 μη·
980 4377 1038 4431 Ὅτι
1048 4376 1088 4429 διὰ
1099 4375 1143 4442 τὴν
1159 4383 1208 4429 τῶν
1221 4378 1356 4445 προσώπων
1369 4377 1488 4440 ποιότητα
1499 4373 1543 4426 ούκ
1557 4371 1662 4440 ἠδύνατο
1679 4371 1758 4434 ἐξετά·

157 4451 241 4521 δαμῶς
251 4451 409 4523 εύποροῦντος
416 4453 521 4507 λυτικῶν
530 4456 733 4527 παραδειγμάτων
743 4496 751 4521 ,
763 4458 827 4510 ούτω
836 4460 935 4531 μνήμην
978 4459 1028 4517 ζων
1038 4454 1186 4526 ἀμφοτέρους
1195 4453 1282 4509 εἰπεῖν.
1296 4454 1376 4507 ch.

158 4531 288 4598 πεποίηται
296 4531 500 4585 Λακωνικῶνκαί
514 4531 639 4600 θηόαίων.
681 4531 712 4586 ’Π
723 4534 749 4589 δὲ
762 4536 830 4599 λύσις
845 4537 871 4591 ἐκ
882 4539 935 4590 δια·
1014 4538 1076 4600 490,
1087 4537 1113 4597 4.
1131 4531 1225 4600 Ἀληθές
1236 4528 1326 4603 οἶμαι]
1340 4530 1368 4583 ού
1379 4531 1454 4602 μόνον
1465 4527 1556 4595 εἰπεῖν,
1567 4526 1634 4582 ἀλλά
1646 4527 1688 4581 καί
1698 4526 1759 4599 μετά

157 4613 245 4681 φορᾶς,
268 4611 307 4664 ὅτι
320 4608 367 4681 ούχ
380 4607 396 4675 ή
410 4608 470 4676 αύτή
488 4610 601 4664 πολιτεία
618 4613 673 4683 παρ’
692 4611 752 4685 ἡμῖν
766 4615 808 4667 καί
827 4614 934 4679 ἐκείνοις.
979 4617 1023 4679 τῆς
1036 4611 1159 4678 ἀληθείας.
1172 4610 1253 4665 TCV.

158 4689 200 4752 Πίς
212 4691 255 4743 δύο
268 4690 296 4743 δέ
316 4690 395 4743 διεῖλε
408 4689 451 4752 τάς
467 4691 561 4754 λύσεις,
576 4690 610 4753 είς
623 4711 649 4744 τε
662 4692 692 4745 εδ
705 4693 768 4745 κατά
786 4696 935 4767 Λακεδαιμο-
1015 4696 1076 4761 490,
1089 4710 1115 4761 7.
1136 4689 1166 4742 Εί
1185 4689 1232 4762 ἀρα
1243 4688 1354 4751 εὔξασθαι
1372 4690 1428 4756 δεῖ]
1440 4686 1477 4739 Δι’
1492 4683 1527 4739 ών
1541 4687 1685 4757 κατεύχεται
1703 4687 1759 4747 τούς

159 4768 222 4830 νίους
246 4769 379 4839 πρότερον,
408 4768 464 4823 εἶτα
488 4768 521 4832 είς
542 4770 571 4823 τδ
594 4770 656 4824 κατὰ
676 4770 795 4839 Θηύαίους
812 4775 934 4846 δεύτερον.
978 4772 1109 4843 πολεμίους
1122 4768 1155 4842 μὴ
1168 4774 1240 4842 τιμᾶν
1257 4769 1312 4831 τοῦς
1323 4768 1462 4839 είιεργέτας,
1473 4766 1513 4819 διὰ
1526 4767 1619 4819 τούτων
1631 4766 1686 4827 τούς
1702 4765 1761 4836 ὁμο·

160 4846 260 4915 Ἐπειδὴ
274 4848 323 4920 γὰρ
342 4849 384 4901 καί
399 4847 424 4902 έν
439 4852 495 4912 ταῖς
514 4850 612 4903 λύσεοιν
629 4845 659 4918 ήν
679 4870 714 4914 τις
731 4852 832 4924 διαφορά
844 4855 897 4926 περί
909 4874 935 4908 τι
978 4851 1198 4923 φύλουςπροτρέπει
1208 4850 1305 4920 φεύγειν
1314 4851 1396 4912 τοῦτο,
1406 4848 1485 4901 ποιεῖν
1495 4845 1521 4899 δέ
1529 4845 1558 4899 τδ
1568 4846 1660 4916 ἕτερον.
1698 4844 1759 4915 Σφό·

157 4926 199 4988 τάς
213 4926 335 4990 πολιτείας
353 4928 394 4980 καί
411 4927 453 4990 τάς
470 4929 600 4995 ποιότητας
618 4934 666 4981 τῶν
687 4932 838 4999 προσώπων,
858 4931 935 5001 ήναγ-
979 4932 1024 5002 δρα
1044 4930 1070 4984 δὲ
1084 4931 1176 4992 κακίζει
1188 4927 1232 4995 τήν
1246 4928 1316 5000 φύσιν
1330 4931 1374 4981 τοῦ
1390 4928 1547 4998 πράγματος,
1567 4925 1628 4978 ὅπου
1642 4943 1670 4995 γε
1685 4922 1759 4994 ἀμφι·

157 5008 235 5074 *ἐσίίθ
249 5008 347 5073 &Mc
361 5012 415 5072 ταῖς
427 5011 553 5081 δῑαφῠραῗε
563 5010 684 5081 χρῆσθαι,
700 5009 767 5081 ἐτίρᾳ
783 5010 826 5081 μέν
836 5011 884 5083 γὰρ
897 5011 937 5066 ίπί
979 5009 1083 5073 θάλλει,
1104 5008 1145 5061 καί
1163 5008 1202 5063 ἐπί
1226 5015 1275 5063 τῶν
1298 5006 1392 5079 ἐχθρῶν
1416 5005 1527 5067 εύξασθαι
1547 5004 1668 5075 συμύῆναι
1688 5003 1756 5057 αύτό.

158 5087 375 5159 Λακεδαιμονίων,
395 5089 462 5161 έτέρᾳ
482 5090 508 5144 δέ
529 5090 569 5145 ἐπὶ
589 5090 719 5156 θηόαίων’
739 5091 780 5144 καί
799 5093 828 5145 τδ
844 5091 935 5147 οίκεῖον
979 5092 1118 5159 Τηνικαῦτα
1132 5088 1158 5142 δί
1176 5087 1260 5160 ίχθροί
1273 5082 1336 5153 ἦσαν
1346 5085 1451 5152 θηόαῖοι
1463 5083 1558 5137 ἐπὶτῶν
1570 5083 1707 5147 Φωκικῶν,
1717 5083 1758 5135 ὅτε

158 5160 310 5220 ἀποδέδωκεν
330 5167 431 5240 ἑκατέρᾳ
454 5172 576 5237 ποιότητι.
616 5168 726 5222 Ἐοίκασι
744 5169 792 5241 γάρ
814 5171 872 5243 πρδς
893 5172 936 5243 μέν
979 5173 1022 5226 καί
1035 5170 1158 5231 Φίλιππος
1172 5163 1202 5234 ήν
1216 5167 1252 5221 ἔτι
1263 5168 1387 5227 ταπεινός·
1404 5162 1466 5235 μετά
1482 5162 1529 5234 γάρ
1541 5161 1572 5216 εδ
1587 5161 1690 5214 Φωκικά
1703 5160 1758 5214 ίδο·
1801 5199 1810 5215 .

158 5241 278 5311 θῦθᾱίῡϋε
296 5247 418 5317 δυσμενῶς
430 5247 523 5320 ἔχειν,
534 5249 593 5320 πρδς
612 5248 638 5303 δί
659 5248 715 5309 τούς
735 5250 937 5322 Λακεδαιμονίους
980 5251 1022 5314 ξαν
1035 5251 1075 5304 καί
1088 5248 1170 5320 φιλίαν
1183 5247 1236 5301 τινδι
1252 5245 1333 5317 ἐχειν,
1347 5246 1388 5297 δτε
1398 5244 1439 5297 καί
1455 5242 1499 5309 τὴν
1521 5241 1650 5295 Ἐλάτειαν
1666 5240 1758 5295 Φίλιπ-
