3967 5967
812 465 1063 527 aasumensi.
1143 417 1150 430 ⁹
1687 473 1747 524 aaa

130 612 244 661 ansatus
254 612 305 659 est
314 602 388 658 Tum
400 600 573 677 Iphicrates,
588 601 696 675 pariter
711 610 797 674 atque
810 601 916 656 Demu-
959 594 1006 654 καί
1018 596 1118 655 πολλοῦ
1127 591 1210 655 &iri
1221 592 1355 655 Λυσιακὸν
1365 592 1616 676 ἀπιφαίνιινστόμαι
1628 594 1747 672 μάλιστα

129 694 238 750 sthenes
247 692 479 767 Ctesiphontem,
499 688 629 748 defendit
642 690 914 765 rogationisaucto-
962 684 986 742 δ’
1000 682 1102 761 ἐγίνετό
1116 706 1162 761 μοι
1176 682 1329 765 καταφανὴς
1341 679 1382 742 ότι
1392 685 1447 763 ,οὐχ
1462 686 1507 742 ὑπ’
1522 682 1621 746 ἐκείνου
1635 688 1681 743 τοῦ
1695 685 1745 765 ρή-

132 799 206 840 rem.
226 783 322 855 Atque
338 778 512 854 iphicratem
534 779 634 835 vicisse
653 778 809 835 ostendunt
827 779 914 833 verba
960 793 1034 850 τορος
1055 770 1157 852 ἐγράφη
1180 769 1240 838 τοῦς
1257 772 1367 851 χρόνους
1387 772 1612 853 ἀναλογισαμένῳ.
1634 772 1669 833 Εἰ
1693 773 1744 853 γάρ

129 869 279 926 Demosth.
297 869 328 925 (ἒ.
339 868 509 944 ripatorium
522 866 540 942 5
554 865 609 923 130
622 886 630 921 ι
645 862 717 925 Ἰστε
735 862 819 936 δῆπου
833 863 914 940 τοῦτ’,
959 860 1167 937 ὀγδοηκονταετῆ
1180 859 1318 938 γενόμενον
1332 859 1407 932 θήσιι
1422 884 1461 929 τις
1474 863 1630 934 τελευτῆσαι
1643 862 1745 922 Λυσίαν

129 953 221 1037 ἀνδρες
238 954 368 1026 Ἀθηναῖοι
382 951 445 1026 ,ότι
458 954 562 1035 χαλκῆς
576 952 673 1019 εἰκόνος
685 952 763 1026 ούσης
774 950 839 1032 παρ’
855 956 916 1029 ύμῖν
961 946 1006 1007 iri
1024 947 1146 1017 Νίκωνος
1159 946 1177 1020 ῆ
1196 947 1240 1007 tri
1253 949 1416 1010 Ναυσινίκου
1435 948 1559 1029 ἄρχοντος
1579 950 1647 1010 ἑπτά
1661 950 1745 1014 ἔτεσιν

130 1043 274 1123 Ἰφικράτει
285 1042 332 1102 καί
352 1041 519 1114 σιτῆσιυιςάν
535 1041 684 1121 πρυτανείῳ
698 1041 744 1100 καί
757 1041 860 1120 δωρεῶν
870 1040 917 1100 καί
959 1035 1029 1105 όλοις
1043 1035 1075 1096 ἀν
1090 1035 1130 1113 τίη
1150 1041 1314 1118 προτεροῦσα
1327 1040 1375 1109 τῆς
1394 1041 1496 1117 γραφῆς
1515 1044 1560 1098 τοῦ
1578 1038 1745 1119 ψηφίσματος

129 1134 216 1207 τιμῶν
229 1131 317 1190 ἀλλων
326 1129 399 1206 ὅμως
411 1131 569 1207 ἐτόλμησεν,
581 1152 609 1188 κ.
622 1152 648 1190 τ.
659 1133 686 1190 λ.
700 1134 744 1189 De
757 1131 917 1188 Harmodio
960 1124 1094 1198 irrisuri
1107 1129 1152 1185 τοῦ
1164 1125 1281 1205 ῥήτορος.
1295 1124 1370 1186 tisri
1382 1125 1609 1209 γάρ’Λλκιαθίνην
1619 1124 1745 1208 ἄρχοντα,

130 1223 180 1277 ilio
190 1221 228 1280 αι’.
243 1221 280 1280 G.
293 1224 426 1295 Droysen
437 1220 474 1277 de
484 1220 680 1294 populiscitis,
694 1237 758 1293 qnae
769 1220 799 1274 in
811 1222 918 1276 Demo·
962 1213 1004 1294 ἀφ’
1027 1203 1058 1273 ού
1078 1212 1126 1285 τῆν
1149 1212 1262 1292 εἰρήνην,
1279 1212 1412 1287 Ἀθηναῖοί
1423 1237 1458 1276 τε,
1476 1214 1522 1277 καί
1543 1216 1746 1296 Λακεδαιμόνιοι

132 1309 239 1364 athenis
253 1327 295 1365 or.
310 1307 348 1364 de
369 1326 477 1365 corona
493 1309 627 1384 leguntur
649 1326 681 1383 p.
705 1304 744 1363 ⁵0
765 1306 818 1383 (in
837 1309 916 1363 Zim-
961 1301 1008 1362 καί
1023 1300 1147 1382 βασιλεὺς
1158 1300 1281 1379 ὤμοσαν,
1296 1301 1407 1372 ἀποδούς
1427 1302 1463 1363 τίι
1476 1303 1663 1385 στρατεύματα
1677 1308 1745 1388 'ipr-

132 1415 235 1456 merm.
251 1396 366 1454 Annali.
389 1396 502 1472 philull.
529 1394 607 1470 1839
619 1413 652 1470 p.
677 1392 734 1451 582
748 1392 770 1472 ).
792 1396 917 1452 Titrrlum
961 1390 1061 1472 κροίτης
1081 1389 1186 1465 ἰδιώτης
1206 1391 1308 1469 γίνεται
1329 1391 1376 1452 καί
1392 1393 1424 1453 τὸ
1447 1394 1508 1472 περί
1528 1399 1575 1467 τῆς
1597 1392 1694 1463 εἰκόνος
1713 1388 1741 1469 ῆ,

135 1486 274 1541 orationis
294 1494 374 1541 recte
396 1484 433 1541 ab
454 1484 582 1560 Ulpiano
602 1485 747 1540 memoriae
768 1484 918 1558 proditum
961 1477 1038 1555 τότε,
1053 1477 1138 1539 ἔτεσιν
1148 1479 1216 1540 ἑπτά
1229 1478 1355 1560 πρότερον
1367 1484 1412 1552 τῆς
1422 1481 1748 1561 γραφῆςτετελευτηκότος

133 1590 190 1629 esse
207 1573 322 1630 uidetur
341 1572 541 1630 Demosthenis
563 1573 646 1629 iocus
665 1590 753 1647 quern
776 1572 917 1650 adscripsi
963 1565 1079 1640 Λυσίου,
1093 1567 1146 1647 πρδ
1160 1570 1206 1626 τοῦ
1220 1567 1395 1637 συντάξασθαι
1407 1574 1498 1629 τοῦτον
1514 1574 1558 1630 τὸν
1571 1571 1661 1648 ἀγῶνα
1675 1570 1746 1652 Ἰφι-

133 1662 249 1721 docere.
267 1687 280 1713 ν
302 1663 450 1722 Sanerms.
962 1653 1059 1735 κράτη.
1073 1652 1189 1733 Ὁμοίοις
1204 1654 1231 1715 δὲ
1246 1656 1292 1716 καί
1304 1656 1351 1728 τῆν
1361 1657 1506 1737 ἀπολογίαν
1522 1662 1568 1718 τοῦ
1584 1657 1690 1737 ἀνδρός,
1701 1658 1747 1720 καὶ

170 1750 294 1808 Snidas:
315 1749 444 1814 Παῦλος
456 1746 606 1828 Γερμηνός,
621 1745 764 1827 σοφιστῆς,
787 1751 802 1807 δ
815 1747 919 1828 γράψας
963 1740 1048 1813 αὐτὴν
1061 1744 1097 1808 εἰς
1109 1743 1211 1803 Λυσίαν
1226 1744 1439 1824 ἀναφερομένην,
1451 1743 1511 1806 οὔτε
1524 1754 1578 1815 τοῖς
1592 1747 1746 1828 πράγμασιν

132 1835 173 1896 ότι
187 1858 218 1914 γε
238 1834 340 1895 Λυσίου
354 1832 424 1895 ἐστίν
439 1835 529 1915 δπερί
548 1838 595 1906 τῆς
616 1833 781 1918 Ἰφικράτους
801 1835 919 1915 δωρεᾶς,
964 1828 1067 1897 ἀτόπως
1082 1828 1195 1910 ἔχουσαν
1211 1830 1270 1892 οὗτε
1283 1840 1336 1900 τοῖς
1349 1831 1476 1910 ὀνόμασιν
1491 1835 1617 1909 ἀσθενῶς,
1634 1836 1669 1894 δι’
1683 1839 1745 1896 ύπο·

132 1922 222 2003 psit«
238 1921 280 2004 β’.
295 1921 475 2001 ὑπομνήματα
498 1924 535 1991 εἰς
548 1920 608 1990 τοῦς
627 1921 732 1992 λοιποθς
755 1922 847 2004 λόγους
861 1928 919 1985 Λυ-
963 1916 1027 1998 ψῖος
1048 1916 1161 1994 ἕλοὸοι,
1176 1919 1225 1978 οὖιι
1238 1918 1398 1992 ἰποιθοῦοηο
1416 1919 1530 2001 τῇίιὲξοι
1547 1926 1595 1994 τῆς
1612 1927 1747 1997 Λυσιακῆς

132 2011 199 2073 σίου,
962 2003 1087 2084 χάριτος,
1105 2004 1152 2066 καί
1172 2006 1298 2086 παραθεὶς
1311 2007 1370 2074 τοῦς
1383 2008 1490 2088 χρόνους
1506 2011 1553 2069 ούκ
1573 2010 1669 2088 ὀλίγοις
1689 2013 1747 2072 lra-

171 2103 242 2159 Vitae
255 2102 284 2158 X
302 2112 390 2158 oratu
405 2121 437 2177 p.
457 2100 529 2174 836,
543 2103 570 2158 D
586 2117 595 2160 s
612 2097 767 2179 Συνέγραψε
779 2099 917 2178 (Lysias)
963 2115 1006 2152 σιν
1018 2084 1090 2180 τύφου
1105 2096 1264 2174 ὑστεροῦσαν
1275 2099 1322 2168 τῆς
1341 2097 1464 2169 τελευτῆς
1481 2102 1527 2155 τοῦ
1543 2096 1665 2180 ῥήτορος,
1678 2102 1746 2161 ἀλλὰ

132 2185 161 2249 δὲ
175 2187 245 2266 λόγω
254 2187 301 2247 καὶ
315 2186 477 2269 Ἰφικράτει,
491 2186 536 2246 τθν
553 2186 601 2264 μὲν
619 2188 684 2267 πρὸς
702 2185 857 2270 Ἁρμόδιον,
874 2189 918 2248 τὸν
962 2181 1009 2239 καί
1019 2183 1114 2240 τίκοσιν
1133 2179 1212 2251 ύλυις·
1228 2181 1275 2244 Ἐν
1288 2182 1339 2264 γάρ
1352 2186 1389 2264 τῷ
1400 2190 1564 2268 συμμαχικῷ
1578 2187 1687 2271 πολέμῳ
1698 2191 1746 2261 τῆν

132 2274 161 2334 δί
171 2273 312 2356 προδοσίας
323 2273 438 2356 κρίνοντι
447 2274 596 2356 Τιμόθεον,
609 2276 656 2335 καί
666 2273 827 2356 ἀμφοτέρους
834 2276 918 2340 ἐνίκα.
962 2268 1129 2348 strenuitas
1138 2270 1291 2352 Ἰφιιιμιῖῒοο
1299 2270 1444 2352 ἧγιῖιιιιοιιιι
1454 2274 1500 2333 sat
1509 2272 1556 2343 titt
1568 2274 1673 2343 εὐθύνοι
1682 2277 1747 2336 ὗπὲ-

132 2360 338 2440 ’Λναδιξαμένου
352 2361 380 2422 δὲ
393 2361 560 2442 Ἰφικράτους
577 2361 624 2429 τάς
642 2367 688 2421 τοῦ
701 2362 833 2439 Τιμοθέου
850 2364 919 2443 πρά·
964 2380 1050 2437 οχηκι
1064 2363 1111 2431 τῆς
1124 2360 1300 2451 στρατηγίας,
1317 2363 1352 2427 ὡς
1367 2362 1392 2431 ἐξ
1403 2363 1483 2423 αὐτοῦ
1496 2362 1598 2441 γίνεται
1608 2370 1653 2425 τοῦ
1667 2365 1746 2445 λόγου

133 2449 199 2526 ξεις,
210 2447 268 2519 ταῖς
277 2449 392 2518 εὐθύναις
403 2449 543 2509 ἀναλαόὼν
553 2447 601 2522 τῆν
615 2454 662 2523 τῆς
670 2448 810 2531 προδοσίας
823 2453 919 2528 αἰτίαν,
963 2447 1120 2528 καταφανές·
1133 2452 1207 2516 οὗτος
1225 2448 1281 2509 tii
1301 2449 1415 2527 πόλεμος
1434 2450 1526 2510 πίπτει
1545 2451 1615 2512 κατά
1636 2456 1748 2533 ’Λγαθο·

133 2541 306 2618 ἀπολογεῖται
327 2538 360 2600 δι’
381 2539 463 2598 ἄλλου
477 2538 576 2600 Λυσίου
595 2540 693 2618 λόγου,
716 2539 762 2598 καὶ
781 2539 856 2607 αὐτὸς
870 2544 919 2619 μὲν
962 2532 1028 2593 ιιίιίο
1048 2534 1094 2595 καί
1105 2535 1233 2609 ’atatim
1254 2536 1392 2618 ἄρχοντος·
1407 2536 1493 2599 'Oion
1513 2538 1562 2617 μὲν
1581 2531 1626 2600 οῦν
1645 2544 1709 2602 εἰσιν
1724 2548 1748 2604 σί

133 2626 251 2700 ἀπελύθη
261 2674 270 2702 ,
281 2631 295 2686 δ
306 2626 333 2687 δὲ
343 2626 471 2705 Τιμόθεος
480 2627 612 2705 ἀζημιώθη
625 2629 757 2696 πλείστοις
769 2628 917 2711 χρήμασιν.
962 2623 1035 2703 λύγοι
1049 2624 1170 2705 ῥήτορος,
1185 2627 1208 2683 οἰ
1222 2628 1282 2703 περί
1293 2647 1323 2684 ιι
1336 2631 1384 2699 τῆς
1406 2626 1503 2694 iiiito<
1516 2627 1562 2687 κοί
1578 2632 1625 2701 τῆς
1647 2632 1715 2711 προδ
1731 2665 1747 2679 ·

172 2720 325 2795 Dionysius
346 2720 411 2777 flat.
430 2729 502 2777 tom.
518 2723 552 2793 V,
571 2741 604 2796 p,
627 2726 695 2793 477,
721 2740 780 2777 12:
801 2717 920 2787 Πολλοὺς
963 2714 1038 2791 σίας,
1059 2716 1106 2773 οὐκ
1118 2713 1173 2794 ἔχω
1193 2713 1307 2794 βεόαίως
1321 2717 1402 2776 εἰπεῖν
1409 2716 1470 2788 ,ότι
1485 2718 1508 2776 δ’
1520 2716 1576 2785 ἑνὸς
1589 2719 1747 2800 ἀμφότεροι,

133 2803 185 2877 ῆδη
197 2809 250 2864 τῶν
260 2804 460 2886 ἀναφερομένων
472 2807 509 2872 εἰς
524 2807 603 2865 αὐτὸν
617 2806 702 2885 λόγων
716 2806 762 2866 καὶ
775 2829 919 2866 πεπιστευ·
962 2804 1068 2869 πολλοῖς
1080 2802 1230 2883 τεκμηρίοις
1242 2802 1327 2882 ἔχοιμ’
1347 2801 1380 2862 ἂν
1395 2806 1486 2864 εἰπεῖν·
1504 2811 1521 2879 ἡ
1538 2804 1589 2886 γὰρ
1604 2808 1670 2879 uitri
1682 2831 1748 2888 προ·

134 2894 220 2970 μόνοιν
234 2892 285 2952 ύπθ
294 2899 341 2953 τοῦ
352 2894 484 2968 πλήθους,
499 2893 608 2962 ῶςείσιν
624 2897 650 2954 ἰν
661 2904 714 2963 τοῖς
724 2896 794 2956 πάνυ
805 2896 920 2975 γνησίοις
963 2889 1061 2971 οἷρῑοίς
1080 2913 1109 2949 τι
1130 2891 1177 2950 mi
1199 2888 1307 2967 δύναμις
1330 2892 1357 2949 lt
1379 2893 1549 2973 ἀμφοτέροις,
1572 2893 1638 2975 ὑπὲρ
1661 2886 1698 2955 ῶν
1719 2898 1748 2954 ού

134 2983 253 3055 Λυσίου,
269 2980 314 3042 καί
332 2981 365 3041 τά
376 3006 406 3060 γε
419 2983 488 3043 ἀλλα
503 2986 551 3046 οἰικ
565 2985 670 3049 ἀτόποις
685 2983 807 3063 ἔχοντας,
818 2981 858 3044 δτι
871 2983 919 3058 τὴν
962 2977 1052 3058 καιρδς
1069 2981 1096 3037 ἐν
1109 2981 1147 3059 τῷ
1160 2978 1269 3059 παρόντι
1282 2988 1400 3039 σκοπεῖν.
1419 2980 1528 3051 Εἰκάζω
1543 2980 1571 3041 δὲ
1585 2981 1749 3063 Ἰφικράτους

133 3071 212 3151 χάριν
227 3072 256 3129 ού
270 3070 466 3150 προσᾶάλλοοσι
479 3077 526 3146 τῆν
543 3070 680 3144 Λυσιακὴν
695 3060 752 3132 οὐδὲ
762 3071 812 3144 τὴν
827 3073 920 3132 εὐστο-
962 3055 1029 3125 εἰναι
1042 3068 1131 3126 αὐτοῦ·
1143 3066 1189 3127 καί
1204 3066 1256 3149 γάρ
1273 3066 1307 3126 τὰ
1325 3069 1441 3146 πολέμια
1457 3068 1537 3137 δέινθς
1553 3074 1568 3130 δ
1582 3069 1648 3151 ἀνὴρ
1662 3071 1707 3131 καί
1721 3075 1748 3129 ἰν

135 3158 199 3235 μίαν
221 3157 326 3238 ἔχουσιν
340 3158 441 3231 ἐκείνης
457 3163 505 3231 τῆς
517 3158 611 3230 λέξεως
630 3159 798 3230 ὑποπτεύσας
821 3183 849 3219 τε
873 3161 918 3221 καί
962 3154 1048 3234 λύγοις
1061 3156 1108 3215 οὖιι
1122 3156 1347 3236 &miiitum
1355 3200 1363 3229 ν
1377 3157 1434 3229 iiii
1446 3155 1515 3226 Λίξιο
1529 3159 1556 3216 ἕιι
1570 3160 1667 3238 ἆμοοῖι
1678 3158 1746 3217 πολὺ

136 3246 283 3326 βασανίσας
296 3238 369 3328 εὗρον
380 3249 426 3306 οῦκ
438 3246 513 3315 όντας
524 3247 634 3311 Λυσίου.
649 3238 700 3309 Ὧν
711 3251 767 3308 ἐστι
778 3247 823 3309 καὶ
832 3253 847 3308 δ
857 3249 918 3330 περί
962 3242 992 3302 τὸ
1005 3241 1127 3324 φορτικὸν
1145 3243 1191 3303 καί
1205 3243 1393 3324 στρατιωτικὸν
1411 3245 1467 3325 iper
1484 3243 1530 3305 καί
1544 3246 1594 3325 οὐχ
1612 3244 1681 3307 ούτω
1695 3248 1746 3323 ἰμ-

134 3339 181 3405 τῆς
192 3333 361 3418 Ἰφικράτους
374 3335 479 3403 εἰκόνος·
494 3334 522 3395 δν
541 3325 591 3395 οἶδ’
611 3337 651 3394 ότι
666 3337 760 3396 πολλοὶ
774 3337 820 3396 καί
834 3359 919 3419 χαρα·
963 3333 1049 3413 φαίνει
1070 3328 1210 3412 ῥητορικὴν
1233 3329 1384 3411 ἀγχίνοιαν,
1399 3334 1435 3402 ὥς
1450 3333 1643 3417 στρατιωτικὴν
1663 3336 1746 3395 atui-

136 3425 220 3502 κτῆρα
232 3423 377 3504 ἡγήσαιντο
391 3421 422 3486 ἀν
432 3424 478 3482 καί
491 3424 588 3484 κανόνα
600 3428 646 3499 τῆς
660 3424 759 3485 ἐκείνου
774 3426 918 3504 δυνάμεως.
962 3422 1034 3479 δειαν
1046 3418 1092 3479 καί
1104 3417 1266 3488 ἀλαζονείαν.

135 3503 219 3580 θύτας
234 3512 323 3591 μέντοι
339 3515 353 3571 θ
367 3512 458 3591 λόγος,
474 3515 488 3571 θ
506 3513 617 3581 καὶτοῖς
634 3512 758 3590 ὀνόμασιν
779 3520 918 3593 ῆρμηνεῦ·
1330 3516 1379 3577 36.

135 3605 196 3659 σθαι
213 3602 297 3659 δοκῶν
314 3603 428 3680 ἰσχυρῶς
450 3601 496 3660 καί
515 3605 569 3669 τοῖς
590 3602 770 3678 ἰνθυμήμασιν
793 3606 918 3681 εὑρῆσθαι
1002 3608 1119 3664 Aristot.
1130 3607 1215 3663 Rhea
1230 3607 1269 3675 11,
1287 3607 1335 3676 23,
1346 3628 1376 3683 p.
1388 3608 1445 3679 376
1460 3609 1506 3669 ed.
1521 3609 1641 3668 nidor:
1656 3605 1748 3677 Ἄλλος

134 3691 262 3767 περιττῶς
272 3687 319 3748 καί
333 3689 416 3757 ἀλλος
431 3689 530 3758 πολλάς
550 3690 646 3772 ἀρετάς
657 3690 738 3770 ἔχων,
754 3690 848 3772 ἀχαρίς
862 3694 918 3751 ἐστι
963 3691 1061 3773 (τόπος
1074 3696 1127 3751 τῶν
1139 3695 1274 3752 δεικτικῶν
1287 3692 1499 3773 ἐνθυμημάτων)
1516 3696 1546 3753 ἰκ
1560 3700 1604 3754 τοῦ
1621 3694 1665 3754 τὸν
1678 3697 1748 3775 χρό-

139 3831 1744 3868 -ψ--σ--ι--ι--ῄ--Ἣ

165 3885 457 3950 btuitaaorationas‚qum
467 3888 545 3950 Lysim
557 3887 723 3938 attribuuntur
730 3889 835 3951 etunigu
847 3902 920 3951 quam
968 3902 1048 3952 neque
1059 3902 1139 3939 rerum
1148 3890 1316 3940 tractationem
1329 3890 1434 3954 ineptam
1451 3890 1523 3940 baboi
1540 3904 1620 3953 nuqrre
1634 3892 1657 3942 ri
1668 3896 1747 3952 uarat,

136 3956 243 4004 maxima
252 3956 364 4017 amnium
374 3969 427 4006 asse
440 3958 581 4018 metuntur,
596 3972 644 4007 nou
658 3959 751 4021 ineptas
759 3958 811 4008 iiius
821 3959 919 4022 alioqui,
963 3964 1075 4022 suspecta
1088 3963 1169 4012 ιοιπσο
1180 3960 1240 4010 mitri
1249 3962 1314 4022 tuit,
1329 3964 1447 4024 quoniam
1459 3962 1607 4012 dietiotiora
1617 3965 1750 4014 venustatis

136 4029 261 4087 propterea
281 4031 362 4075 tamen
379 4028 447 4090 quud
459 4031 609 4078 venustatam
627 4030 755 4091 Lysianam
770 4029 871 4079 minimo
883 4044 920 4079 os·
963 4031 1073 4092 Lysiam
1087 4030 1201 4084 destituis
1212 4032 1264 4090 aa,
1277 4043 1307 4081 ao
1330 4034 1596 4095 temporaaomparans
1613 4032 1748 4095 iraudpau

135 4096 250 4156 trudunt,
266 4108 311 4146 uec
325 4097 487 4160 annuentium
504 4099 559 4161 ejus
572 4100 685 4150 dictionis
697 4101 837 4162 proruunt,
848 4100 920 4152 dubi·
964 4099 1091 4159 sisaunis,
1108 4099 1184 4149 immo
1200 4100 1296 4162 integris
1307 4102 1378 4151 annis
1390 4102 1489 4164 viginti,
1500 4115 1556 4152 eam
1574 4102 1654 4154 iuveni
1671 4106 1749 4154 morta

135 4170 190 4214 taus
207 4169 232 4216 et
253 4167 414 4230 examinans,
433 4169 529 4232 iuveni,
550 4184 599 4219 noa
614 4184 696 4220 easaa
716 4172 786 4234 Lysia
808 4172 919 4234 scriptas.
963 4170 1067 4220 oratoris
1075 4183 1130 4221 essa
1141 4172 1306 4232 posteriorem.
1320 4175 1349 4222 lu
1362 4173 1425 4224 butio
1435 4174 1502 4224 enim
1511 4174 1595 4223 sociati
1605 4173 1748 4237 Iphicrates,

135 4237 200 4285 tuter
219 4249 282 4298 quas
296 4237 408 4300 inprimis
422 4242 462 4289 est
475 4242 552 4290 oratio
573 4241 615 4291 itta
633 4241 666 4291 de
683 4244 768 4292 statua
780 4242 919 4304 ipirioratia,
963 4241 994 4290 de
1007 4240 1141 4304 proditione
1151 4242 1217 4292 etde
1231 4242 1304 4292 rebus
1319 4256 1444 4305 perparum
1456 4243 1481 4294 in
1496 4243 1560 4292 betto
1571 4243 1748 4294 iaotisacouaa·

134 4317 207 4365 quam
224 4306 366 4358 multasset
384 4312 639 4372 pronotaarnorma
652 4312 759 4374 urraca
777 4312 921 4374 uoqumtia
963 4314 1016 4372 tus,
1027 4311 1180 4374 injudiuium
1191 4315 1290 4364 rooatns
1301 4316 1415 4363 estutex
1427 4314 1478 4376 ipsa
1489 4312 1746 4376 oratioueooiiigitur:

136 4374 220 4425 baberi
239 4377 303 4426 vette
321 4378 381 4428 scio.
402 4381 514 4430 Attamen
533 4381 609 4432 oratio
627 4382 694 4444 iraer,
710 4382 823 4444 quamvis
840 4381 920 4432 verbis
964 4382 1012 4431 troo
1032 4385 1114 4432 auteur
1129 4382 1218 4438 tretium
1237 4386 1334 4445 gestum
1351 4383 1390 4432 eat
1404 4382 1561 4439 archontibus
1578 4382 1707 4443 Αιςαιίιοοιο
1724 4386 1750 4434 et

136 4446 206 4497 ratde
218 4447 337 4498 exsettsre
346 4450 371 4498 et
377 4451 501 4500 sententiis
510 4451 634 4503 abundare
650 4452 757 4515 aliasque
773 4453 861 4502 multas
870 4453 919 4502 rir-
964 4452 1059 4516 Eipiue.
1073 4451 1205 4515 cuiusnam
1219 4453 1321 4503 oratoria
1333 4452 1384 4503 siut
1400 4455 1522 4503 orationes
1538 4453 1569 4503 de
1586 4455 1666 4503 οιιιυε
1678 4457 1703 4504 et
1718 4454 1750 4505 do

136 4520 200 4566 tutes
212 4517 300 4568 habero
309 4519 429 4582 rideatur,
440 4522 566 4572 invenusta
575 4526 621 4582 est,
629 4523 806 4585 muttumquea
817 4523 920 4585 Lysiam
964 4521 1106 4586 proditione,
1118 4523 1208 4573 certius
1218 4522 1297 4574 dicare
1305 4536 1356 4572 non
1370 4522 1467 4573 trabea:
1487 4523 1529 4574 aad
1547 4523 1620 4574 unius
1630 4522 1749 4584 οιύιάειιι·

134 4600 177 4636 ore
187 4586 316 4650 discrepat.
331 4590 454 4653 Praecipua
463 4593 544 4641 autem
558 4595 695 4655 temporum
713 4593 816 4642 rationes
828 4606 919 4656 suppu·
963 4606 1011 4656 que
1024 4606 1076 4643 rara
1091 4592 1187 4654 ambas,
1202 4594 1287 4644 multis
1301 4594 1449 4656 conjecturis
1464 4593 1625 4655 addueor,ut
1641 4594 1748 4646 aretam

134 4658 194 4707 tanti
206 4657 265 4707 mitri
275 4662 387 4721 apparuit
395 4674 449 4710 eam
456 4661 487 4710 ab
499 4662 546 4710 troo
557 4667 652 4714 oratore
660 4663 735 4713 scribi
745 4677 798 4713 non
804 4663 918 4726 potuisse.
963 4663 1131 4715 lderueuimin
1140 4665 1242 4726 utraque
1250 4663 1357 4715 studium
1367 4664 1498 4728 eadamque
1507 4665 1750 4728 inemtamueqnibus

133 4729 160 4775 si
173 4728 228 4789 quis
238 4729 302 4779 enim
317 4732 412 4792 Lysiam
423 4735 571 4794 octogesimo
584 4735 663 4786 araris
677 4749 740 4786 anuo
750 4736 838 4789 obiisse
847 4738 921 4798 ponat
962 4734 1084 4797 inquirere
1095 4736 1144 4797 jam
1159 4736 1253 4785 nonest
1265 4736 1339 4786 iocus.
1354 4736 1470 4798 Suspicor·
1484 4739 1566 4786 autem
1578 4735 1661 4792 ambas
1672 4736 1749 4797 ipsius

135 4800 250 4848 archonte
265 4801 353 4850 Nicone
367 4803 406 4852 rei
422 4804 569 4865 Nausiuiro,
582 4810 674 4868 reptem
684 4811 740 4857 anta
749 4808 833 4868 annia,
846 4819 918 4868 quaur
963 4819 1016 4856 osse
1029 4804 1156 4869 iphicratis
1169 4821 1176 4855 ε
1188 4806 1209 4856 is
1220 4807 1285 4856 euim
1301 4806 1339 4856 ιιι
1348 4807 1395 4857 tuit
1413 4806 1485 4857 rebus
1504 4807 1595 4857 bellicis
1609 4806 1714 4856 arinrius
1725 4812 1750 4856 et

137 4868 182 4917 troo
194 4869 318 4925 doeretum
331 4872 363 4922 de
376 4876 456 4923 statua
466 4873 547 4937 iteret,
560 4879 673 4927 mortuns
687 4880 738 4928 erat
748 4878 844 4940 Lysias.¹
858 4880 919 4928 Nam
966 4876 1060 4925 dicendi
1071 4875 1184 4927 inanitate
1197 4876 1329 4927 instructus
1341 4875 1406 4928 traud
1418 4877 1607 4935 contemnentia,
1619 4874 1693 4924 dictio
1704 4888 1749 4924 au·

135 4944 190 5000 post
199 4941 361 4992 alcisthenen
371 4944 527 5006 archontem,
538 4947 608 5008 cuius
620 4947 717 5010 quidem
727 4953 835 5011 tempora
846 4947 919 4999 Attae·
963 4948 1013 4996 tem
1023 4946 1047 4995 iu
1064 4949 1167 5010 utraque
1182 4948 1290 4998 oratione
1302 4946 1434 4997 adimulum
1446 4951 1540 5004 austera
1551 4952 1588 4996 ast
1603 4947 1628 4995 et
1640 4945 1749 4996 militaria

136 5010 230 5060 irienses
239 5014 263 5062 et
273 5013 482 5067 Lamdaemoniiut
491 5029 532 5065 rex
542 5030 626 5079 paoem
637 5019 745 5080 inierant,
754 5018 918 5070 tradituerer·
964 5023 989 5067 et
1010 5030 1059 5067 uon
1072 5021 1121 5067 tum
1138 5019 1268 5068 oratoriam
1286 5018 1420 5068 aoitorttam
1435 5028 1509 5080 qnam
1522 5015 1650 5066 militarem
1664 5028 1750 5079 super·

135 5081 198 5142 citu,
214 5083 350 5145 tptriorates.
362 5085 470 5145 privatus
480 5085 556 5147 vixit,
570 5092 594 5136 et
608 5091 662 5137 tum
674 5088 733 5137 titud
744 5087 774 5138 de
785 5090 864 5143 statua
875 5102 918 5139 ne·
963 5087 1028 5139 biatu
1037 5090 1063 5138 et
1073 5090 1233 5152 arrogantiam
1246 5101 1296 5154 prm
1306 5102 1332 5140 se
1341 5087 1397 5140 tert.

136 5154 228 5211 gotium
246 5153 292 5203 tuit
299 5188 307 5216 ,
323 5158 417 5216 septem
436 5157 505 5208 annis
521 5159 571 5219 jum
584 5161 681 5209 mortuo
699 5159 769 5221 Lysia
789 5165 918 5220 antequam
1337 5162 1377 5208 ³6.

137 5221 270 5282 lptrierates
295 5223 414 5275 notionem
436 5225 506 5278 istam
521 5227 657 5278 sustineret.
680 5228 794 5279 similiter
811 5229 919 5280 defensio
993 5229 1063 5280 ttius
1078 5228 1146 5278 iocus
1157 5228 1369 5291 argumentationis
1382 5226 1580 5278 demonstrativa
1597 5227 1704 5279 sumitur
1717 5242 1748 5278 ex

136 5303 180 5352 pm
194 5289 314 5355 tpbiuata
325 5308 386 5359 ,qum
407 5297 458 5359 ipsa
470 5312 565 5363 quoque
582 5299 661 5363 [yria
676 5300 748 5362 rutgo
767 5300 916 5380 attribuitur,
961 5298 1753 5382 consuerationetempurisratiouummiclptriuratasiuoratione
