3967 5967
254 430 309 484 εον
719 394 727 408 ”
788 420 932 483 110111
953 420 1017 481 ιιι
1037 417 1313 480 ιιιιιοιοιιιιιιι.

248 556 313 627 παρά
324 557 354 610 εδ
367 559 422 617 τοὺς
432 554 457 609 ὲν
471 552 537 627 ίργυρ
551 552 590 607 ἀεί
600 554 672 616 ὄντας
691 555 805 626 μοχθεῖν.
819 556 900 608 TCV.
915 555 1029 625 Σοφιστι-
1109 557 1171 623 718,
1190 570 1231 607 ιο.
1244 550 1340 607 Ὁπόσα
1348 552 1371 604 δ’
1383 550 1439 625 ἰπὶ]
1450 552 1527 605 Δοκεῖ
1533 546 1624 613 οδεοςδ
1634 551 1709 623 νόμος
1716 552 1786 622 μέρος
1793 549 1860 605 είναε

248 634 293 687 κδν
311 633 435 688 κάνταῦθα
455 633 529 688 πάλιν
549 633 578 686 τδ
596 631 761 704 ἰπιχείρημα·
776 632 791 685 6
805 633 848 704 μίν
863 633 910 705 γάρ
929 631 1030 703 νόμοςό
1073 636 1117 686 τοῖν
1130 634 1296 703 προκειμένου.
1312 631 1342 683 Εί
1350 631 1475 702 γάρδμὲν
1489 632 1604 701 πρότερος
1616 629 1670 701 ίχει
1681 630 1724 693 τάς
1735 631 1804 694 δίκας
1818 631 1861 684 καί

247 718 292 767 τοῦ
309 714 472 785 Τιμοκράτους
494 712 588 765 κελεθει
603 713 659 774 τοίις
679 711 823 783 ὀφείλοντας
838 712 960 782 ίγγυητάς
984 731 1029 764 κα·
1073 710 1199 773 τάςαίιίας
1210 711 1235 765 ἰν
1245 712 1504 784 δημοκρατουμένητῇ
1516 710 1586 763 πόλει
1596 712 1676 779 κυρίας
1688 709 1763 773 εἶναι,
1775 704 1861 763 οθτοσί

248 794 372 858 θιστάναι,
386 793 432 855 ἐ’ως
448 794 477 845 ἀν
492 790 627 845 ίκτίσωοιν·
649 791 732 845 οθτοσί
748 791 774 845 δί
789 794 934 856 ποοστάττει
954 792 1029 863 μηδὲν
1074 789 1100 842 δί
1113 791 1219 859 περιέχει
1236 789 1266 841 τά
1284 789 1324 843 ἰπί
1335 795 1383 841 τῶν
1397 789 1526 859 τριάκοντα
1539 789 1679 857 πραχθέντα
1690 790 1769 842 πάντα
1783 789 1862 859 ἄκυρα

247 869 425 943 ίκετιθεινπερί
438 871 542 942 ἀρόσεως
553 869 728 943 ἐγκλημάτων.
740 871 865 925 mcv,
879 868 910 924 Ἦ
925 870 1032 941 δίίργα·
1075 865 1155 932 εἰναι,
1168 873 1218 929 πῶς
1232 867 1260 919 οδ
1279 868 1401 938 πρόδηλός
1420 867 1471 921 ίστι
1486 869 1557 937 μέρος
1569 867 1686 937 θπάρχων
1699 872 1742 920 τοῖν
1761 888 1861 939 προκει-

248 949 290 1002 σίσ
304 949 369 1021 παρά
386 948 431 1016 τὴν
449 951 557 1002 διάνοιαν
573 954 618 1003 τοῦ
640 951 773 1020 νομοθίτου
789 949 902 1019 γίγονεν.
950 947 1030 1001 Ὅταν
1076 948 1161 1017 μένους
1177 946 1409 1018 δμωςδίώςθιιτον
1424 946 1497 999 αδτίιν
1510 945 1609 1011 ἐξήτασε
1623 944 1709 1017 νόμον.
1749 948 1863 1018 Λίγειδί

247 1018 293 1097 μίν
308 1027 355 1098 γάρ
369 1026 504 1099 ἀμφίόολος
518 1028 559 1081 καί
573 1026 665 1098 ἀσαφὴς
683 1023 699 1100 ᾗ
714 1028 768 1080 καθ’
777 1027 949 1097 ὁμωνυμίαν]
969 1027 1032 1080 κατὰ
1076 1025 1185 1079 ίναντίον
1204 1024 1269 1080 εἶναι
1280 1028 1359 1098 τοίτυρ
1371 1027 1413 1080 τδν
1431 1026 1605 1097 Τιμοκράτους·
1619 1025 1634 1078 6
1647 1026 1691 1097 μὲν
1703 1026 1752 1098 γάρ
1765 1026 1867 1098 ἀναιρεῖ

249 1106 278 1159 τδ
292 1106 408 1161 ίλλεῖπον
421 1107 437 1174 ἢ
451 1106 514 1160 κατά
527 1107 556 1160 τδ
566 1106 779 1178 ἀπροσδιόριστον,
793 1106 822 1159 τδ
840 1110 972 1173 τηνικαῦτα
982 1106 1032 1169 ίξε·
1075 1105 1105 1159 τά
1122 1105 1161 1160 ίπί
1179 1111 1228 1159 τῶν
1243 1106 1389 1176 τριάκοντα,
1408 1105 1496 1176 φησίν,
1517 1105 1568 1158 όδί
1583 1104 1613 1157 τίι
1625 1102 1665 1159 ίπί
1679 1109 1722 1171 τῆς
1733 1107 1862 1176 δημοκρα·

249 1185 316 1244 τάζει
327 1182 372 1250 τὴν
386 1185 494 1238 διάνοιαν
511 1187 554 1237 τοῦ
568 1187 654 1255 νόμου·
669 1186 729 1237 όταν
742 1182 794 1237 δίδ
809 1183 852 1254 μὲν
865 1184 939 1254 νόμος
956 1182 1033 1254 σαφὴς
1075 1185 1135 1247 τίας·
1157 1185 1198 1237 καί
1212 1184 1263 1238 ίστι
1279 1188 1351 1238 τοῖιτο
1370 1186 1487 1255 σόφισμα.
1525 1183 1581 1246 Πῶς
1596 1183 1644 1256 γάρ
1661 1185 1772 1255 φαίνεται
1790 1185 1805 1239 6
1818 1187 1863 1238 Τι-

249 1264 377 1336 τυγχάνῃ,
389 1263 521 1334 παράδοξος
535 1263 562 1316 δί
574 1263 684 1330 άλλωςί]
705 1262 745 1315 διδ
757 1262 938 1334 φιλανθρωπίαν
951 1262 995 1315 οἰικ
1006 1262 1032 1317 ἰν
1077 1265 1211 1334 μοκράτους
1226 1266 1299 1333 νόμος
1312 1263 1418 1334 ἀναιρῶν
1436 1262 1467 1316 τά
1477 1263 1517 1317 ἐπί
1536 1268 1579 1329 τῆς
1597 1264 1774 1334 δημοκρατίας,
1790 1268 1816 1328 δς
1830 1284 1863 1337 γε

249 1342 329 1395 δίοντι
345 1343 466 1395 δοκοῦσαν
479 1343 590 1413 γίνεσθαι
607 1344 624 1409 ἢ
637 1342 669 1394 δι’
686 1341 805 1412 ὠμότητα
820 1340 1031 1411 θπιρθάλλουσαν,
1076 1343 1118 1394 καί
1129 1343 1227 1411 βεόαιοῖ
1237 1342 1267 1395 τά
1281 1344 1422 1413 γνωσθέντα
1435 1342 1482 1396 θπδ
1494 1349 1543 1395 τῶν
1556 1343 1718 1413 δικαστηρίων
1729 1364 1736 1409 ;
1751 1346 1810 1399 ἰίΥ.

249 1425 382 1487 τηνικαῦτα
391 1427 509 1492 τεχνικῶς
522 1420 626 1484 ἰξετάζει
639 1421 683 1487 τὴν
696 1422 807 1475 διάνοιαν
818 1425 861 1473 τοῦ
872 1423 1030 1491 γεγραφότος·
1112 1426 1174 1490 718,
1193 1426 1237 1485 εἰς.
1260 1420 1392 1491 Ἐπίσχες]
1407 1421 1471 1493 Πρός
1490 1422 1533 1475 τόν
1548 1424 1694 1493 γραμματέα
1706 1421 1783 1492 λέγει,
1806 1417 1863 1476 οίον

251 1501 309 1570 ὅπερ
325 1499 429 1554 ἐνταῦθα
444 1500 601 1571 Δημοσθένης
613 1506 689 1555 ποιῶν
702 1497 822 1571 φαίνεταιζ
863 1497 1032 1569 Ἐπειδὴ·γάρ
1077 1501 1122 1554 δτι·
1146 1500 1244 1570 ἐπίσχες
1257 1499 1301 1565 τὴν
1316 1498 1466 1572 ἀνάγνωσιν.
1512 1499 1575 1553 Οὔτε
1597 1499 1645 1570 γάρ
1659 1500 1731 1570 χρεία
1748 1500 1799 1554 ἰστί
1816 1502 1863 1555 τὸν

250 1575 328 1630 ἰδόκει
337 1579 461 1641 παντελῶς
472 1580 634 1651 ἀπάνθρωπον
644 1578 708 1634 είναι
721 1579 749 1633 τδ
761 1577 794 1650 μ]
808 1579 896 1640 ίξεῖναι
907 1579 1031 1644 ίκετεθειν,
1077 1584 1155 1635 πάντα
1169 1580 1309 1652 ἀναγνῶναι
1329 1582 1420 1653 νόμον,
1442 1580 1508 1633 ἀλλά
1527 1580 1557 1632 τὰ
1573 1581 1766 1652 συμόαλλόμενά
1786 1581 1863 1636 α’ντοΰ

250 1654 319 1727 λίγει
330 1656 375 1723 τὴν
389 1657 468 1711 αἰτίαν
478 1659 509 1710 δι’
521 1659 552 1725 ἣν
566 1657 677 1713 ἀπεῖπεν.
692 1660 775 1713 TCV.
1077 1659 1135 1730 πρδς
1146 1659 1189 1712 τδν
1202 1663 1244 1711 νῦν
1259 1658 1354 1730 ἀγῶνα.
1392 1659 1447 1712 Εἰσί
1460 1660 1485 1712 δί
1499 1656 1570 1712 αὗται
1584 1661 1755 1730 προσποιησεις
1764 1660 1864 1733 ῥητορι-

287 1741 349 1805 716,
364 1738 407 1791 οδ.
422 1737 494 1808 ᾜδει
511 1735 555 1802 τὴν
575 1737 775 1808 φιλανθρωπίαν]
792 1734 939 1806 Ἐπειδήπερ
954 1735 1033 1806 ἔχειδ
1076 1739 1127 1792 καί.
1165 1738 1212 1791 Καὶ
1222 1736 1270 1810 γάρ
1283 1736 1401 1801 πολλάκις
1413 1738 1455 1790 κεί
1464 1738 1539 1810 μηδὲν
1555 1738 1591 1792 ἔτι
1607 1739 1708 1810 ἔχοντος
1725 1744 1769 1792 τοῦ
1783 1742 1864 1810 νόμου

252 1816 327 1887 νόμος
339 1816 438 1887 μήτινα
449 1817 580 1881 ίκετείιειν,
592 1816 636 1868 ίνα
650 1814 683 1886 μὴ
698 1815 712 1868 6
725 1816 799 1886 νόμος
808 1816 870 1886 δοκῇ
882 1813 946 1868 εἶναι
958 1815 1034 1869 άπάν·
1077 1818 1244 1888 προσποιεῖται
1264 1817 1367 1870 κωλθειν
1387 1817 1430 1869 τὀν
1444 1819 1605 1889 γραμματέα,
1628 1818 1671 1871 ἵνα
1686 1818 1744 1891 δόξῃ
1762 1822 1865 1890 χαρίζε·

250 1897 362 1966 θρωπος,
380 1897 420 1949 διά
439 1897 560 1952 πλειόνων
577 1896 752 1957 κατασκευάζει
770 1896 803 1958 ὡς
816 1895 857 1947 διά
878 1893 922 1961 τὴν
937 1895 1033 1966 βλάόην
1077 1899 1134 1951 σθαι
1142 1900 1194 1961 τοῖς
1204 1899 1345 1962 δικασταῖς,
1359 1898 1456 1968 φείγων
1470 1898 1499 1950 τδ
1514 1901 1591 1969 μῆκος
1604 1905 1647 1950 τοῦ
1660 1897 1748 1969 λόγου.
1763 1901 1864 1954 ACDG

252 1974 336 2028 ἀνεῖλε
349 1973 393 2043 τὴν
404 1976 479 2047 ἀκραυ
494 1975 687 2047 φιλανθρωπίαν.
700 1975 782 2028 TCV.
1077 1979 1159 2032 RTV.

288 2072 350 2124 717,
368 2055 456 2109 ιο.οί
474 2056 548 2126 νόμοι
561 2053 622 2126 μὲν]
644 2054 730 2116 Καλῶς
747 2052 787 2107 ίπί
804 2052 847 2125 μίν
858 2057 901 2106 τοῦ
913 2053 1035 2124 Τιμοκρά-
1113 2059 1174 2124 718,
1187 2057 1233 2110 α5.
1245 2056 1352 2127 Πότερον
1365 2054 1395 2108 τά
1408 2054 1566 2126 δικαστήρια]
1586 2055 1644 2108 Κατ’
1660 2054 1777 2127 ίρώτησιν
1794 2056 1864 2132 λαμ·

252 2150 307 2196 τους
321 2131 444 2204 ίπίτοιγμα
457 2130 540 2196 είπιν,
551 2132 610 2201 θπερ
621 2127 652 2197 ἦν
661 2133 787 2201 τυράννου·
800 2130 839 2186 ἔπί
849 2131 875 2185 δί
889 2137 937 2184 τῶν
950 2132 1034 2201 νόμων
1078 2134 1145 2188 δάνει
1155 2131 1204 2188 ὧδε
1218 2135 1247 2187 τδ
1259 2138 1346 2205 σχῆμα
1357 2135 1385 2186 τδ
1399 2133 1565 2204 διλήμματον.
1580 2135 1756 2188 ACDGRTV.

252 2212 280 2264 τὸ
295 2212 440 2282 κουφότερον
452 2212 614 2282 πρόσταγμα,
627 2211 669 2262 ἵνα
686 2209 779 2273 ἰκτῖνος
787 2210 819 2273 ῶς
833 2211 947 2281 τύραννος
966 2207 1033 2263 εἶναι
1113 2232 1175 2284 719,
1192 2217 1220 2278 Ιχ.
1233 2213 1303 2281 Μηδὲ
1316 2214 1408 2283 νόμον]
1422 2212 1548 2284 Ἐόδομος
1561 2209 1631 2274 οὗτος
1643 2214 1726 2285 νόμος,
1747 2213 1864 2286 Ἐκδέχε.

252 2299 317 2369 δοκῇ
326 2337 333 2360 ,
347 2298 406 2366 δίχα
425 2303 497 2350 τινῶν
514 2295 630 2362 ἰδιωτῶν,
646 2301 689 2349 τοῦ
704 2297 748 2368 μίν
761 2302 970 2368 κατηγοροῦντος,
989 2301 1035 2352 τοῖν
1077 2310 1117 2344 ται
1134 2292 1161 2345 δί
1180 2291 1196 2343 6
1215 2291 1296 2363 ῥήτωρ
1319 2289 1364 2357 τὴν
1386 2292 1496 2344 διάνοιαν
1513 2294 1557 2343 τοῖν
1580 2292 1657 2362 νόμον
1673 2294 1732 2363 πρδς
1750 2294 1779 2347 τό
1795 2295 1866 2367 αθτῷ

252 2376 279 2430 δὲ
290 2378 431 2447 φεύγοντος.
448 2376 529 2431 TCV.
1078 2373 1208 2442 συμφέρον.
1249 2370 1279 2423 ‘0
1293 2371 1336 2441 μὲν
1348 2369 1397 2441 γάρ
1409 2371 1483 2440 νόμος
1497 2369 1610 2439 βούλεται
1622 2373 1749 2442 σημαίνειν
1762 2373 1803 2426 δυίι
1816 2380 1864 2428 τοῦ

290 2471 352 2523 717,
369 2471 410 2507 ια.
426 2453 456 2506 Et
476 2455 557 2507 τοίνυν
571 2453 702 2523 ἱκετεύειν]
721 2456 798 2508 Δοκεῖ
812 2455 904 2509 άτοπον
923 2452 989 2509 εἶναι
1006 2457 1034 2509 τό
1081 2475 1092 2496 ·
1107 2449 1169 2503 κατὰ
1178 2451 1276 2505 πάντων
1287 2456 1336 2504 τῶν
1348 2449 1456 2504 πολιτῶν
1469 2471 1480 2499 ¹·
1493 2449 1521 2503 τί)
1531 2452 1650 2521 συμφέρον
1660 2454 1725 2525 πάσῃ
1734 2456 1767 2524 τῇ
1777 2454 1863 2521 πόλει,

252 2533 428 2603 συναγόμενον·
445 2531 467 2586 εἰ
487 2532 535 2603 γάρ
550 2532 651 2593 ἀπαντες
664 2532 689 2585 οί
700 2534 774 2604 νόμοι
786 2535 989 2604 προστάττουσιν,
1002 2535 1035 2596 ώς
1077 2528 1130 2582 δδί
1143 2532 1268 2598 ποσότητα
1287 2528 1343 2582 ἀντί
1364 2529 1494 2596 ποιότητος
1515 2529 1714 2600 μεταλαμόάνει,
1735 2534 1863 2588 τουτέστιν

252 2609 324 2670 αἰτός
336 2628 409 2680 φησι,
423 2615 473 2671 πῶς
490 2610 652 2681 άτοπον[ἀν]
665 2608 703 2676 είη
720 2612 795 2680 νόμον
805 2610 931 2681 ἐπίταγμα
943 2610 1035 2681 ίχυντα
1078 2607 1174 2681 ἀριθμῷ
1189 2609 1372 2663 κατὰπάντων.
1413 2606 1475 2662 Ἐάν
1492 2614 1566 2661 τοῦτο
1582 2606 1695 2683 ἀληθίς]
1712 2612 1865 2683 δφησιΔη.

252 2686 385 2760 εἰσρίρειν;
408 2688 491 2742 λύεται
508 2689 535 2742 δί
556 2689 642 2750 οθτως.
681 2687 740 2759 Περί
759 2685 789 2742 οθ
808 2709 869 2760 φησι
890 2686 924 2760 μὴ
947 2689 1036 2751 ἐξεῖναι
1078 2686 1278 2758 μοσθίνης,οίτε
1292 2689 1365 2758 νόμοι
1375 2688 1519 2754 τιθήσονται
1534 2686 1583 2758 ἰδίᾳ
1592 2687 1646 2758 περί
1655 2695 1703 2742 τῶν
1715 2690 1863 2761 δεσμωτῶν,

252 2767 382 2830 ίκετεθειν,
397 2769 452 2838 περί
464 2769 551 2821 τούτου
564 2768 625 2839 μηδί
637 2769 689 2820 δεῖν
704 2769 863 2839 νομοθετεῖν,
876 2766 944 2839 είπερ
959 2770 983 2822 οί
995 2772 1036 2823 νό·
1077 2765 1132 2820 οὔτε
1145 2767 1200 2839 περί
1212 2768 1306 2834 κλοπῆς
1321 2768 1337 2835 ἢ
1356 2767 1504 2837 ἱεροσυλίας,
1515 2765 1533 2833 ἦ
1545 2785 1610 2830 τινος
1622 2767 1701 2821 άλλου
1714 2775 1763 2822 τῶν
1773 2770 1865 2842 ίγκλη·

253 2866 295 2917 μοι
313 2850 458 2919 πρόσταγμα
472 2847 581 2918 ἔχουσιν.
627 2847 662 2899 Οθ
677 2847 758 2900 τοίνυν
772 2845 878 2901 αἰτιᾶται
895 2847 938 2901 τάν
955 2849 1034 2920 Τιμο·
1078 2847 1173 2917 μάτων.
1214 2845 1245 2901 ‘0
1258 2846 1285 2900 δί
1297 2845 1451 2916 Τιμοκράτης
1466 2845 1511 2915 ιδιίε
1523 2850 1596 2899 τοῦτο
1613 2849 1747 2917 προσέθηκε
1767 2849 1864 2918 «πλὴν

252 2926 353 2996 κράτους
363 2925 591 2997 νόμονείιςίχοντα
605 2926 760 2996 πρόσταγμα·
773 2927 871 2979 στάντων
889 2925 937 2998 γάρ
952 2928 1035 2999 νόμων
1081 2930 1159 2978 «τῶν
1170 2926 1225 2997 περί
1248 2931 1297 2979 τῶν
1316 2925 1476 2979 τελωνῶν.ι
1528 2923 1629 2992 Ἐπειδὴ
1652 2924 1789 2998 ἀναγκαῖόν
1810 2930 1864 2985 ίστε

252 3006 282 3058 τδ
294 3006 450 3075 προστάττειν
464 3003 540 3058 ίστίν
551 3005 608 3057 ἀλλ’
626 3006 664 3057 δτι
679 3005 733 3076 περί
749 3004 842 3059 τούτων
860 3008 1035 3077 νενομοθίτηκε
1078 3004 1133 3066 τοίις
1146 3004 1256 3066 τελώνας
1274 3003 1448 3058 κάταόάλλειν.
1487 3004 1554 3057 Διότι
1567 3003 1612 3057 οδκ
1626 3002 1677 3057 ἰδια
1690 3008 1864 3063 καταόάλλου-

253 3080 352 3154 περίών
363 3083 478 3137 ίκετεθειν
492 3083 648 3146 οἰκίξεστιν.
663 3086 719 3139 ml.
1079 3101 1131 3148 σιν,
1146 3081 1214 3135 ἀλλὰ
1227 3082 1344 3144 λαθόντες
1357 3083 1473 3152 δημόσια.
1485 3083 1542 3137 ἰίΥ.

290 3182 352 3234 717,
368 3182 410 3235 19.
423 3164 507 3219 Ὅσων
521 3166 608 3236 δίκην]
623 3165 697 3233 Δίκην
709 3163 837 3230 καλιῖιήν
846 3166 901 3237 περί
911 3165 1037 3237 ἰγκλημά·
1114 3179 1175 3233 719,
1191 3180 1232 3218 ιυ.
1252 3163 1358 3234 Χοῖρον]
1371 3162 1406 3215 Ἰδ
1419 3163 1506 3233 χεῖρον
1519 3159 1624 3214 ἐνταῦθα
1634 3161 1663 3215 οίι
1677 3162 1745 3234 λέγει
1767 3166 1861 3233 κακὸν,

253 3263 317 3306 των,
333 3240 386 3297 οίον
401 3245 455 3314 περί
465 3244 583 3314 μοιχιίας.
622 3244 718 3297 Edem
726 3243 753 3297 δί
765 3242 887 3315 ἀπολογία
898 3241 933 3296 ὧν
946 3261 982 3305 τις
995 3245 1037 3310 δη-
1078 3239 1144 3292 ἀλλά
1158 3240 1270 3295 ἔλαττον.
1286 3239 1460 3295 ACDGRTV.

255 3322 331 3392 μοσίᾳ
348 3323 480 3384 πιστευθείς
497 3324 630 3394 διῴκησεν,
642 3317 696 3375 οίον
713 3322 869 3392 πρεσθείανῆ
891 3322 1033 3393 ίερωσίνην.
1115 3336 1177 3390 719,
1197 3325 1238 3384 14.
1254 3317 1323 3384 ίίλήν
1343 3319 1398 3390 περί
1416 3324 1465 3371 τῶν
1486 3317 1618 3389 τελωνῶν]
1635 3316 1664 3370 ‘0
1682 3317 1726 3390 μίν
1738 3321 1864 3394 Τιμοκρά-

253 3400 313 3471 Περί
325 3401 351 3454 a}
362 3406 406 3456 τοῦ
419 3402 491 3455 τόνου
502 3405 545 3468 τῆς
556 3401 654 3469 εθθθνης
662 3400 709 3470 ἤδη
723 3401 822 3473 είπομεν
835 3403 873 3455 δτι
886 3401 1036 3473 προπαροξθ·
1078 3417 1121 3464 της
1135 3398 1208 3452 πάλιν
1219 3398 1260 3451 καί
1273 3396 1297 3450 ἰν
1313 3398 1393 3469 τοθτῳ
1405 3396 1487 3458 καλῶς
1498 3398 1597 3467 γράφων
1612 3396 1684 3467 ἔλεγε
1695 3398 1750 3468 περί
1767 3401 1863 3457 τούτων

253 3497 330 3533 νεται.
345 3482 524 3535 ACDGRTV.
1080 3475 1113 3549 μὴ
1126 3476 1246 3548 ἐγγυητάς
1261 3475 1341 3541 εἶναι,
1357 3475 1415 3528 ἀλλ’
1431 3475 1499 3536 εἰιθίις
1513 3474 1680 3539 ἀπαιτεῖσθαι,
1701 3468 1786 3544 ἰπειδὴ
1802 3481 1862 3549 τέλη

289 3557 373 3611 Ὀσων
394 3560 448 3625 δίκη
462 3559 595 3631 πρότερον]
611 3559 641 3611 Εἰ
653 3559 696 3630 μίν
712 3560 827 3631 περὶτῶν
846 3558 925 3613 αἰετῶν
945 3559 1036 3630 ἔμελλε
1079 3557 1185 3628 ἀπῄτουν
1198 3557 1240 3609 καί
1257 3558 1316 3626 ἀπιρ
1336 3555 1478 3626 ἔλάμόανον
1499 3557 1637 3625 παρεῖχον,
1651 3554 1675 3608 οί
1695 3554 1722 3609 δὲ
1735 3557 1811 3612 άλλοι
1823 3559 1864 3612 οδ·

253 3639 413 3709 χρηματίζειν
428 3639 442 3691 6
456 3657 482 3691 τε
491 3639 568 3708 δῆμος
576 3634 611 3690 ὧν
620 3637 767 3708 ἐχρημάτισε
780 3637 1035 3708 καίτίιδικαστηριου,
1079 3636 1240 3707 κῖτιδμοίως.
1281 3634 1311 3689 '0
1328 3634 1354 3688 δὲ
1371 3635 1452 3707 ῥητωρ
1473 3633 1547 3688 πάλιν
1569 3633 1752 3707 ὡςκατηγορσς
1765 3640 1862 3710 mag.

254 3716 345 3768 άτοπον
360 3717 389 3767 ἀν
408 3713 456 3782 είη·
473 3715 494 3768 εί
504 3716 530 3768 δί
543 3716 571 3768 τδ
594 3716 636 3786 μίν
650 3716 804 3786 δικαστήριον
819 3715 967 3786 ἐχρημάτισε
982 3718 1037 3788 περὶ
1079 3733 1129 3768 ται.
1145 3716 1249 3769 ΑΤίΝ.

254 3799 297 3848 τοῦ
307 3796 408 3865 πότερον
419 3794 533 3862 ἠδίκησεν
545 3795 559 3848 6
572 3796 669 3861 δεῖναί]
682 3795 724 3861 οὒ,
737 3795 751 3847 6
762 3794 789 3847 δὲ
800 3796 878 3865 δῆμος
890 3797 1036 3866 χρηματίζει
1114 3793 1241 3863 Σοςιίζεται
1254 3791 1294 3844 διά
1306 3796 1349 3845 τοῦ
1370 3794 1477 3862 δεσμοῦ,
1494 3792 1536 3844 καί
1550 3792 1634 3863 λέγει,
1654 3801 1734 3857 κακῶς
1747 3796 1804 3858 γοδς
1823 3817 1862 3851 te·

253 3874 308 3943 περὶ
322 3871 502 3944 ίγγυητῶντοῖι
516 3874 932 3946 προστιμηματος,δῆλονδτιπερί
950 3877 1035 3947 δεαφό-
1079 3870 1159 3934 λώνας
1186 3870 1304 3942 ἔχεθρισεν
1328 3872 1361 3933 ὣς
1382 3871 1450 3942 μάλα
1477 3869 1636 3937 demum,
1666 3876 1748 3928 καίτοι
1770 3875 1861 3940 ἄλλους

254 3973 302 4022 ρων
315 3951 338 4006 οί
351 3953 521 4023 χρηματισμοί
537 3953 579 4007 καί
596 3954 625 4006 τδ
643 3952 751 4024 σόφισμα
765 3951 779 4004 6
794 3952 874 4024 ῥητωρ
895 3954 922 4008 ἐκ
942 3956 1035 4008 τούτων
1079 3950 1162 4021 ἀφίησι
1175 3956 1218 4004 τοῦ
1232 3952 1324 4022 δεσμοῦ
1339 3953 1440 4022 μείζονα
1455 3951 1690 4023 πλημμελήσαντας.
1728 3954 1783 4027 Οδχ
1796 3957 1861 4011 οθτω

254 4029 349 4101 εἴληφε.
365 4031 421 4085 ίίΥ.
1079 4029 1105 4082 δὲ
1117 4028 1182 4100 εἶχε.
1219 4030 1371 4101 Τιμοκράτης
1394 4028 1441 4101 γάρ
1465 4029 1546 4101 εἴρηκε
1565 4031 1621 4094 τοδς
1638 4033 1693 4103 περί
1710 4033 1861 4105 ὀφλημάτων

290 4126 351 4180 717,
365 4112 410 4164 τά.
429 4109 563 4180 Ἐώντων]
591 4107 661 4162 ’ἀντί
681 4110 724 4162 τοῦ
739 4106 859 4164 ἐάτωσαν.
900 4109 992 4177 Ἀττικὴ
1010 4111 1036 4166 δί
1079 4109 1219 4180 δεδεμένους
1245 4111 1298 4181 μετ’
1313 4109 1439 4182 ἐγγυητῶν
1452 4109 1608 4164 λελθσθαυό
1630 4113 1656 4167 δὲ
1681 4117 1803 4183 σοφίζεται
1827 4124 1861 4190 τῷ

253 4187 269 4256 ἦ
282 4191 374 4260 φράσις.
392 4190 569 4244 ACDGRTV.
1078 4189 1162 4259 δεσμῷ
1174 4189 1216 4242 καί
1228 4192 1260 4260 τῇ
1272 4188 1401 4260 ὁμωνυμίᾳ
1412 4228 1419 4254 ,
1436 4190 1528 4251 πάντας
1540 4189 1624 4260 λέγων
1638 4192 1736 4246 λόεσθαι
1752 4195 1808 4256 τοίνς
1820 4197 1859 4249 δε-

291 4274 353 4339 718,
364 4274 391 4334 θ.
411 4268 441 4322 ‘0
453 4268 479 4321 δὲ
491 4268 580 4339 ἔγρσμ
591 4271 643 4330 τοῖς
659 4269 801 4339 προέδροις]
817 4268 848 4320 Οί
859 4267 907 4339 γάρ
920 4271 1034 4340 πρόεδροι
1079 4268 1217 4337 σμωθὲντας
1231 4266 1323 4328 άπλῶς.
1363 4265 1510 4338 Ἐπειδηπιρ
1524 4267 1572 4338 γάρ
1589 4270 1644 4331 τοὺς
1662 4270 1770 4335 τελώνας
1788 4272 1860 4345 ἀναγ.

253 4346 278 4400 ἰν
290 4354 326 4420 τῷ
338 4349 411 4420 δήμῳ
423 4347 538 4419 εἰσῆγον,
554 4346 578 4399 οί
594 4347 621 4400 δὲ
633 4347 784 4418 ἀρχουτεςοί
798 4348 941 4420 θεσμοθίται
960 4347 985 4402 ἐν
1001 4353 1036 4419 τῷ
1079 4347 1149 4397 καῖον
1170 4342 1200 4413 ἦν
1220 4344 1384 4398 καταόάλλειν
1405 4346 1420 4413 ἢ
1441 4347 1551 4399 δεδέσθαι
1572 4348 1614 4401 τόν
1628 4347 1737 4403 ἐνιαυτὸν
1759 4353 1813 4405 καθ’
1831 4356 1857 4405 ὃν

251 4429 408 4500 δικαστηρίῳ.
424 4427 595 4481 ACDGRTV.
1076 4425 1246 4497 ἐμισθώσαντο
1260 4424 1291 4478 τά
1309 4424 1385 4491 τίλη,
1404 4424 1444 4476 διὰ
1458 4429 1530 4478 τοῦτο
1545 4427 1678 4497 προσέθηκε
1695 4452 1706 4479 ι
1724 4429 1786 4495 πλὴν
1804 4431 1856 4500 περί

288 4507 350 4575 718,
364 4524 392 4575 7.
406 4504 454 4566 Τάς
465 4505 532 4567 δίκας
545 4505 587 4557 καί
598 4503 640 4566 τάς
653 4504 763 4573 διαίτας]
779 4502 869 4558 ’ἰστέον
883 4505 922 4556 δτι
932 4505 1037 4557 ίνταῖνθα
1081 4527 1093 4554 ε
1107 4512 1155 4559 τῶν
1174 4505 1297 4558 τελωνῶν.
1314 4528 1325 4554 ν
1368 4503 1512 4576 Ἀναγκαῖον
1535 4507 1583 4576 γάρ
1604 4504 1656 4560 ἔστι
1675 4509 1731 4571 τοδς
1754 4510 1857 4573 τελώνας

252 4590 453 4654 καταχρηστικῶς
470 4583 545 4637 καλεῖ
554 4584 596 4646 τάς
607 4585 674 4645 δίκας
686 4583 730 4644 τάς
745 4584 865 4654 κριθείσας
882 4581 907 4636 ἰν
922 4589 957 4655 τῷ
969 4584 1037 4636 δεκα·
1078 4584 1259 4649 καταθάλλειν,
1282 4584 1344 4636 διότι
1357 4584 1400 4637 οθκ
1421 4584 1472 4636 ἰδια
1490 4585 1706 4653 καταόάλλουσιν,
1726 4588 1792 4641 ἀλλά
1814 4590 1859 4643 λα-

253 4663 358 4735 στηρίιμ,
374 4661 423 4716 εἰει
434 4664 552 4735 δημοσίας
565 4661 615 4716 είτε
625 4661 760 4727 ἰδιωτικάς,
774 4663 868 4723 διαίτας
878 4661 905 4714 δί
918 4661 960 4724 τάς
970 4662 1035 4734 παρά
1079 4663 1162 4725 δόντες
1184 4665 1305 4734 δημόσια,
1329 4664 1384 4725 το“υς
1403 4663 1430 4716 δί
1452 4663 1479 4716 ίκ
1501 4666 1710 4737 προστιμημάτων
1728 4670 1858 4739 τυγχάνειν

254 4745 306 4803 τοῖς
318 4742 453 4809 διαιτηταῖς
468 4744 540 4814 πέρας
554 4741 684 4804 λαόοθσας.
702 4743 879 4795 ACDGRTV.
1079 4740 1188 4803 ἀνέσεως·
1208 4739 1314 4811 ἔμελλον
1325 4740 1373 4810 γάρ
1385 4741 1549 4795 καταόάλλειν
1561 4742 1609 4814 οθχ
1622 4744 1638 4795 ά
1650 4743 1788 4815 εἰλήφασιν,
1803 4745 1861 4799 ἀλλ’

288 4824 350 4891 7ι8,
367 4824 393 4876 8.
412 4820 460 4885 Τδις
471 4822 553 4893 δίκας]
570 4823 625 4885 Πῶς
641 4822 670 4874 οθ
682 4822 796 4892 βούλεται
814 4820 896 4893 κυρίας
914 4816 979 4873 εἶναι
992 4821 1035 4883 τάς
1079 4822 1138 4890 ἅπερ
1152 4820 1178 4873 ἔτι
1197 4826 1246 4872 τῶν
1260 4819 1327 4871 ἰδίων
1340 4820 1456 4889 ὤφειλον.
1468 4822 1549 4877 ch.

252 4900 320 4963 δίκας
331 4901 396 4972 δςγε
407 4900 527 4973 εἴσπραξιν
538 4902 657 4957 ίπιτάττει
667 4904 719 4963 τοῖς
731 4901 869 4971 ὀφείλουσιν
880 4900 908 4955 ίκ
921 4902 1036 4969 δικαστη-
1114 4917 1176 4969 719,
1189 4900 1234 4953 οδ.
1250 4896 1285 4951 Ἦ
1302 4899 1326 4951 οί
1341 4898 1374 4970 μὴ
1393 4900 1499 4970 καθαράς
1511 4901 1554 4962 τάς
1567 4903 1653 4973 χεῖρας
1668 4899 1785 4974 ἔχοντες]
1799 4900 1861 4956 Οίον

252 4981 319 5050 μίσος
335 4979 357 5034 εἰ
380 4982 422 5053 μὲν
438 4981 487 5054 γάρ
507 4982 595 5045 τελίως
620 4983 663 5036 τδν
682 4983 772 5052 δεσμδν
798 4981 930 5054 ἀφῃρεῖτο,
953 4982 1036 5034 δίκαια
1078 4979 1101 5032 οί
1112 4981 1203 5049 φονεῖς.
1221 4983 1253 5034 Α.
1266 4979 1298 5032 Οί
1318 4978 1463 5050 ἀνδροφόνοι
1478 4975 1515 5042 οίς
1532 4981 1575 5035 οθκ
1595 4982 1649 5049 ἐξῆν
1669 4982 1767 5037 εἰσιέναι
1786 4982 1863 5045 ιίςτά

253 5059 365 5129 ἐγκαλῶν
379 5062 394 5113 6
407 5062 562 5133 Δημοσθένης
576 5061 655 5124 ἔδοξεν
670 5062 709 5114 ἀν·
726 5059 748 5114 εἰ
760 5061 786 5115 δί
804 5062 863 5131 πρδς
881 5062 924 5133 μάν
941 5062 1033 5133 χρόνον
1078 5059 1140 5129 ίερά.
1156 5058 1234 5113 TCV.
1248 5058 1327 5111 Τοῦτο
1347 5059 1388 5111 καί
1403 5059 1462 5129 πρὸς
1474 5059 1547 5113 αἰντίιν
1567 5060 1609 5113 καί
1621 5062 1679 5131 πρδς
1702 5060 1862 5133 Ἀνδροτίωνα

253 5138 335 5206 ἀνίησι
341 5179 349 5205 ,
372 5141 433 5212 μετὰ
454 5147 530 5196 ταῦτα
549 5142 576 5195 δί
596 5143 692 5195 δεῖσθαι
713 5142 872 5212 προστάττει,
893 5143 968 5210 δῆλός
983 5141 1034 5196 ἔστι
1077 5140 1161 5210 λίγει,
1174 5140 1213 5191 δτι
1225 5138 1331 5210 καθαρὰς
1344 5139 1387 5209 μὲν
1404 5139 1456 5210 ἔχω
1470 5139 1509 5194 ἀεί
1524 5139 1566 5203 τάς
1576 5147 1672 5212 χεῖρας,
1685 5145 1862 5205 κατασκευάζει

253 5217 371 5288 σύμφωνα
384 5211 480 5289 μᾶλλον
494 5221 510 5288 ἰ]
527 5219 626 5295 ίγαντία
639 5220 789 5291 νομοθετῶν.
802 5220 860 5275 RY.
1078 5218 1104 5273 δί
1117 5223 1189 5273 τοῦτο
1203 5218 1243 5271 καί
1254 5217 1293 5270 διά
1308 5223 1352 5272 τοῖν
1367 5218 1487 5274 ἐναντίου.
1535 5219 1568 5274 Εἰ
1587 5219 1635 5291 γάρ
1649 5221 1791 5292 κατατράχει
1811 5227 1862 5278 ’.ι’ἐν
