3967 5967
234 448 290 501 ιιι
762 437 912 510 ,κνοιιιι
933 399 999 497 m
1018 434 1294 497 ιιικοειιενιιιι.

227 568 368 639 κεφαλαίου,
377 566 521 639 ύπιδόμενος
531 566 604 621 αύτοῦ
616 567 645 621 τδ
654 566 785 622 ἀπίθανον·
797 567 854 620 ἀλλ’
867 568 1007 631 είτοιοῦτος
1086 570 1154 639 672,
1172 586 1214 625 ια.
1226 568 1377 639 Διαόιόοῖτε]
1392 564 1455 620 'Ant
1466 568 1510 620 τοῦ
1520 560 1681 621 διαόιόάσετε.
1697 566 1727 621 1¹.

225 643 270 713 ήν,
291 646 336 701 ούκ
353 649 382 699 ἂν
401 648 504 714 πολίτην
518 646 593 700 αύτδν
611 647 793 719 ἐποιησάμεθα,
808 648 859 701 οὔδ’
874 650 904 701 ἀν
922 654 1007 719 χρυσῷ
1086 654 1156 718 67ν,
1172 654 1216 713 αή.
1236 646 1279 699 Ἐκ
1293 646 1342 718 γάρ
1358 644 1474 719 Ἆόύδου]
1488 646 1590 713 Σησιός.
1606 646 1637 698 Β.
1716 692 1720 697 .

221 726 332 796 στεφάνῳ
352 725 562 796 ἐστεφανώσαμεν.
602 726 676 795 Ἔθος
689 727 715 779 δὲ
728 733 764 798 τῷ
779 728 929 797 Δημοσθένει
944 727 1006 797 μετὰ
1087 730 1218 792 680,·ιή.
1244 727 1279 780 To
1301 731 1397 796 πρῶτον
1411 723 1490 791 ἠδίκει
1512 724 1696 795 Κηφισόδοτον]
1719 721 1840 794 Συλλεγή

221 801 266 867 τὴν
284 802 380 856 εἴσοδον
395 810 443 857 τῶν
469 804 609 874 κεφαλαίων
628 806 719 858 τιθίναι
736 805 878 870 ἀντιθύαεις,
896 806 929 867 ώς
947 806 1006 858 κάν·
1050 812 1099 859 τῶν
1113 807 1246 878 εἰρημένων
1259 807 1311 859 ἀνω
1325 806 1368 858 καί
1380 808 1456 859 κάτω·
1473 803 1514 857 διά
1524 804 1631 875 γάρτῶν
1644 804 1688 857 δύο
1700 803 1784 874 ἀρχῶν
1796 804 1841 856 καλ

220 885 299 934 ταῦθσ
308 884 437 949 πεποίηκεν
444 924 452 948 ,
459 885 503 937 ἵνα
514 882 656 945 ἀκολούθως
669 884 730 955 μετὰ
741 883 785 950 τὴν
801 885 950 956 ἐπαγγελίαν
962 890 1006 939 τοῦ
1050 886 1079 939 τδ
1090 887 1164 957 μίσον
1175 885 1445 957 συμπεριλαμόάνεται,
1461 883 1540 949 δηλοῖ
1547 883 1574 936 δέ
1585 882 1627 936 καί
1637 882 1667 935 τδ
1678 886 1818 952 πανταχοῦ.

222 961 307 1022 δείξειν
320 960 393 1014 αύτδν
409 963 517 1034 πονηρὸν
531 961 670 1029 ἀντιπίσοι,
692 970 742 1025 πῶς
757 961 800 1017 ούν
814 964 1007 1028 ίλαθετοιοῦτος
1086 970 1154 1029 680,
1172 983 1216 1036 27.
1233 965 1263 1017 Εἰ
1278 963 1310 1036 μή
1325 965 1357 1017 δι’
1371 964 1436 1034 ἡμᾶς
1455 962 1497 1014 καί
1510 963 1618 1031 ταύτην]
1637 962 1710 1015 Τοῦτ’
1724 960 1801 1027 ἔστιν,
1816 959 1841 1014 εί

220 1043 254 1093 ῶν
271 1041 344 1107 ίηνίκα
363 1042 522 1113 ἐστεφανοῦτο
540 1043 582 1095 καί
602 1043 716 1115 ἐπῃνεῖτο
729 1044 771 1097 καὶ
788 1044 912 1106 πολιτείας
930 1042 1003 1115 ἀτύγ-
1052 1042 1167 1115 μὴίημιῖς
1180 1045 1270 1110 ταύτην
1285 1041 1330 1107 τήν
1346 1041 1440 1113 γραφήν
1455 1041 1630 1110 ἐποιησάμεθα.
1648 1043 1678 1096 Ρ.

221 1141 240 1191 χ
241 1141 298 1185 ανες
310 1121 326 1188 ἡ
343 1122 410 1183 λύσις
424 1123 601 1194 μιτσστατική·
620 1124 661 1175 διὰ
674 1124 731 1186 τούς
743 1125 800 1196 παρ’
816 1123 878 1195 ήμῖν
891 1124 1003 1197 ῥήτορας.
1086 1127 1135 1177 681
1145 1163 1152 1188 ,
1171 1126 1213 1179 ιδ.
1226 1124 1269 1194 Τῷ
1279 1124 1348 1195 τόπῳ
1358 1126 1400 1188 τῆς
1414 1122 1533 1192 Εύόοίας]
1546 1120 1629 1192 ’ίίπερ
1638 1118 1784 1189 καταντικρύ
1793 1121 1840 1184 τής

225 1201 384 1269 Ἵπτιότητος
400 1204 428 1254 δύ
440 1203 627 1273 περιπεσούσης
641 1202 667 1255 ἐν
688 1205 743 1266 τοῖς
761 1204 899 1274 διηγήμασι
918 1205 959 1256 διὰ
976 1205 1006 1257 τ“ο
1052 1204 1167 1265 Βοιωτίας
1180 1208 1253 1270 νῆσος
1265 1204 1383 1274 τυγχάνει
1402 1203 1443 1255 καί
1460 1201 1604 1272 χρησιμεύει
1618 1201 1676 1269 πρδς
1693 1197 1739 1264 τὴν
1749 1201 1838 1264 κτῆσιν

223 1286 277 1352 περὶ
297 1282 374 1336 πάλαι
387 1284 528 1353 γεγονότων
548 1282 706 1354 ἀδικημάτων
722 1283 804 1354 λίγειν
813 1323 821 1349 ,
842 1284 886 1336 ίνα
906 1282 939 1355 μὴ
962 1284 1006 1337 τ“ον
1050 1287 1092 1349 τῆς
1105 1284 1222 1345 Βοιωτίας
1235 1289 1270 1355 τῷ
1290 1282 1434 1354 βουλομένῳ
1445 1281 1484 1351 ύφ’
1497 1280 1582 1333 ἐαντδν
1597 1279 1665 1349 ίχειν
1679 1279 1770 1343 αύτήν·
1791 1277 1839 1330 είσδ

221 1359 298 1430 λόγον
308 1360 429 1430 ίστορικδν
441 1360 589 1431 ἐργάσηται,
602 1364 654 1424 τοῖς
668 1362 781 1433 σχήμασι
793 1361 835 1414 καί
847 1364 901 1422 ταῖς
908 1365 1005 1433 τομαῖς,
1050 1365 1099 1434 γὰρ
1114 1365 1289 1435 καταντιπέραν
1303 1363 1432 1429 ἀλλήλων,
1447 1361 1463 1426 ἢ
1484 1360 1527 1431 μέν
1543 1364 1629 1426 νῆσος,
1652 1358 1667 1424 ή
1689 1359 1715 1411 δέ
1730 1357 1836 1427 ἤπειρος.

225 1443 279 1500 ταῖς
291 1458 317 1492 τε
329 1439 476 1502 ἐξαλλαγαῖς
491 1441 532 1493 καί
544 1442 597 1502 ταῖς
613 1441 762 1494 ἀποστάσεσι
775 1441 817 1493 καλ
825 1442 880 1504 ταῖς
890 1440 1007 1512 παραλεί-
1051 1444 1122 1496 Ούτω
1135 1445 1177 1497 καὶ
1197 1449 1233 1514 τῷ
1255 1443 1400 1514 βουλομένην
1411 1442 1564 1511 Χερρόνησον
1584 1439 1652 1508 ἐχειν
1665 1437 1681 1503 ἡ
1696 1430 1838 1507 Καρδιανῶν

224 1518 293 1588 ήεσι,
310 1520 488 1589 παραμυθεῖται
504 1519 532 1572 εδ
545 1519 639 1573 ύπτιον.
673 1521 811 1591 ’ίίανταχοῦ
832 1520 858 1573 δέ
875 1521 1007 1590 σεμπλίκει
1051 1523 1121 1583 πόλις
1134 1522 1271 1575 λυσιτελεῖ·
1288 1521 1329 1573 διὰ
1341 1519 1390 1591 γάρ
1408 1518 1481 1584 αύτῆς
1495 1517 1543 1571 ἀπὸ
1557 1522 1600 1584 τῆς
1617 1516 1714 1587 θρᾴεης
1731 1517 1839 1586 βίῧίίῑῑ*

222 1598 254 1650 τά
268 1600 403 1667 πρόσωπα,
419 1600 483 1651 τότε
495 1603 538 1652 τοῖν
551 1601 693 1671 Χαριδήμου
704 1601 746 1653 καί
758 1604 801 1652 τοῦ
814 1600 1005 1669 ίίερσοδλίπτου,
1053 1601 1118 1653 ἔστιν
1131 1600 1170 1655 ἐπὶ
1180 1600 1224 1666 τήν
1239 1601 1406 1671 Χερρόνησον·
1422 1597 1438 1664 ἦ
1452 1596 1479 1650 δέ
1493 1596 1605 1668 ἐκφρασις
1618 1594 1642 1658 ἐξ
1655 1595 1743 1667 όμοίου
1759 1613 1839 1664 παρα·

221 1677 264 1728 ἵνα
276 1678 377 1746 γίνηται
388 1677 466 1739 πίστις
476 1682 519 1743 τῆς
531 1678 661 1745 διαόολής·
682 1679 711 1732 τδ
729 1679 756 1732 δδ
772 1680 854 1748 ἕτερον
867 1682 910 1733 τοῦ
926 1678 1007 1749 ἐτέρου
1054 1681 1140 1741 θέσεως
1154 1680 1195 1732 καί
1209 1680 1256 1733 ἀπὸ
1269 1678 1395 1750 γνωρίμου
1406 1677 1481 1728 τόπου
1495 1675 1534 1729 ἐπὶ
1548 1673 1740 1744 τδνάγνωστσν.
1831 1742 1833 1747 ,

223 1755 383 1817 συστατικδν,
405 1760 448 1808 τοῦ
472 1756 516 1827 μίν
537 1758 680 1828 Χαριδήμου
703 1757 899 1829 ίίερσοόλίπτης,
918 1763 961 1811 τοῦ
980 1759 1008 1811 δὲ
1087 1763 1153 1822 68ή,
1169 1779 1196 1828 9.
1213 1758 1283 1810 Ἔστι
1297 1757 1379 1809 τοίνυν
1397 1754 1480 1815 αύτοῖς
1496 1758 1604 1815 τοιοῦτος
1615 1754 1708 1823 λόγος]
1731 1751 1839 1805 Ἆντιπῖ·

223 1832 405 1903 ίίερσοόλίπτου
424 1836 573 1904 Χαρίδημος·
602 1837 644 1889 καί
667 1837 806 1906 Χαρίδημος
832 1836 875 1907 μίν
894 1838 952 1901 ότι,
974 1838 1008 1899 ὣς
1051 1855 1112 1890 πτον
1127 1836 1176 1891 ἀπδ
1188 1841 1231 1890 τοῦ
1243 1838 1413 1907 συμφέροντος.
1452 1831 1694 1903 Μετέόηγάρπάλιν
1707 1831 1742 1901 ἐφ’
1755 1829 1839 1902 ίτύραν

227 1911 359 1980 Ἀθηναίων
376 1909 411 1976 είς
429 1916 479 1978 ὢν,
497 1914 587 1976 οἰκεῖος
597 1912 628 1982 ήν
648 1917 690 1969 καί
707 1916 787 1978 εύνους
804 1915 890 1988 ίκείνιρ
901 1916 943 1968 καὶ
962 1921 1006 1983 τῆς
1052 1915 1187 1970 ἀντίθεσιν·
1210 1917 1284 1970 πάλιν
1302 1916 1328 1967 δὲ
1347 1913 1471 1966 κάνταῦθα
1492 1913 1607 1981 συζυγίαν
1628 1917 1677 1964 τῶν
1700 1913 1839 1980 προσιόντων

223 1993 355 2062 παρανοίας
363 1997 405 2059 τῆς
424 1993 607 2063 ίίερσοόλὲπτου
620 1995 764 2064 προσθήκη,
782 1994 964 2065 Ιίερσοόλέπτης
982 1996 1008 2049 δέ
1051 1998 1165 2048 ποιεῖται.
1203 1995 1276 2065 Μίγα
1295 1993 1344 2064 γάρ
1366 1992 1432 2063 αύτῷ
1451 1990 1621 2063 συμβάλλεται
1641 1990 1700 2059 πρδς
1722 1990 1839 2042 σύστασιν

226 2073 265 2124 ὅτι
279 2073 383 2144 πονηρδς
397 2072 440 2125 καὶ
452 2072 571 2143 βάρόαρος
587 2075 629 2126 καὶ
643 2074 673 2127 τδ
690 2075 786 2144 σύμπαν
806 2073 955 2142 πλεονίκτης
967 2077 1009 2128 καί
1052 2080 1100 2127 τῶν
1112 2073 1208 2126 οίκείων
1219 2073 1347 2143 λογισμῶν
1360 2071 1375 2139 ίη
1389 2071 1466 2139 ἀθρόα
1477 2076 1527 2123 τῶν
1540 2072 1677 2140 προσώπων
1688 2067 1838 2139 παράληψις.

226 2152 350 2221 τύραννος.
1052 2155 1145 2207 Γίνεται
1161 2153 1210 2226 γάρ
1227 2157 1271 2206 τοῦ
1287 2151 1368 2222 ἐτέρου
1379 2152 1408 2203 τ“ο
1421 2152 1504 2220 ἕτερον
1524 2148 1676 2219 ἐλεγκτικόν.
1716 2145 1840 2216 Ἔγειατά·

260 2233 327 2292 668,
342 2232 369 2291 ή.
381 2227 411 2279 Εἰ
428 2227 459 2280 τὰ
472 2227 607 2294 τηλικαῦτα
619 2229 696 2292 ούτως
709 2229 878 2301 ἐξηπάτησθε]
894 2228 1008 2283 Ἆκόλου·
1052 2252 1135 2295 σκευος
1154 2232 1181 2285 δί
1196 2232 1211 2298 ἦ
1224 2232 1356 2294 ἀντίθεσις,
1372 2231 1416 2282 ίνα
1432 2228 1459 2282 ἐκ
1476 2233 1519 2294 τῆς
1542 2231 1692 2293 κατασκευῆς
1708 2223 1754 2291 τὴν
1767 2227 1839 2278 λύσιν

224 2308 267 2359 θον
279 2303 308 2372 ήν
330 2305 416 2370 εἰπεῖν,
438 2308 476 2359 δτι
490 2306 559 2367 δείξω
574 2307 618 2361 ούκ
630 2309 691 2361 όντιι
702 2308 785 2362 νύνουν
801 2309 833 2371 είς
847 2309 910 2380 ύμᾶς
923 2309 1007 2375 αύτδν,
1052 2311 1126 2385 λάόῃ.
1164 2311 1225 2381 Περὶ
1240 2310 1290 2383 γάρ
1309 2309 1449 2381 συμμαχίας
1462 2309 1504 2361 καί
1525 2307 1637 2378 βοηθείας
1654 2305 1671 2372 fi
1684 2305 1821 2372 κατασκευή
1829 2323 1837 2337 ·

226 2385 283 2436 ἀλλ’
294 2384 479 2451 ἐξαπατηθέντες
492 2383 561 2454 ύμεῖς
571 2385 698 2457 ίνομίσατι
707 2385 782 2440 αθτδν
791 2392 913 2441 τοιοῦτον.
927 2387 1009 2442 Ἐπει·
1053 2390 1127 2461 λόγος
1138 2390 1165 2443 δέ
1178 2389 1252 2443 αὐτοῦ
1266 2387 1413 2458 ἀντίρρησις.

224 2465 300 2533 δήπερ
316 2459 359 2516 ούν
374 2465 453 2534 τραχύ
465 2465 495 2518 εδ
509 2464 590 2534 λέγειν
602 2464 766 2533 ἐξηπάτησθε,
781 2467 824 2520 καί
837 2467 908 2529 αύτδς
922 2467 1008 2522 λοιπδν
1088 2474 1155 2535 684,
1172 2473 1213 2523 18.
1229 2468 1299 2540 Ἐγὼ
1311 2470 1333 2520 δ’
1345 2467 1454 2538 ἡγοῦμαι
1463 2470 1550 2519 τοῦτον
1562 2464 1606 2518 τδν
1618 2464 1717 2536 λόγον]
1731 2462 1776 2515 Ἐκ
1786 2464 1840 2516 δια·

225 2542 368 2597 ἐπιόεόαιῶν
388 2543 416 2596 τὸ
436 2543 583 2615 λεγόμενον,
606 2543 720 2610 εἰκότως,
741 2547 824 2617 φησίν,
848 2546 1007 2616 ἐξηπάτησθε.
1052 2547 1235 2619 φορᾶςῆλύσις
1248 2546 1536 2617 κατάἀντιπαράστασιν.
1575 2545 1646 2615 Λέγει
1659 2543 1722 2613 γάρ,
1739 2541 1761 2594 εί
1776 2541 1838 2595 ἐκιν·

228 2622 388 2692 Ἐπιτιμήσοις
401 2622 427 2675 δὲ
439 2623 507 2686 λύει,
520 2622 565 2689 τὴν
578 2624 657 2678 αίτίοιν
668 2625 749 2698 λέγων
762 2630 806 2693 τῆς
818 2626 920 2695 ἀπάτης.
944 2629 1010 2699 ίίρο-
1052 2627 1193 2681 δύνευσενύ
1212 2626 1395 2697 ίίερσοόλέπτης
1410 2626 1452 2677 καί
1474 2625 1612 2695 Χαρίδημος
1629 2622 1765 2693 πῦδῑμίωνν
1782 2621 1839 2674 Εἶτα

226 2702 379 2772 θεραπείαδέ
393 2707 436 2755 τοῦ
451 2704 553 2755 δικαίου.
1053 2707 1168 2778 ἐγράφετε
1183 2706 1296 2776 βοήθειαν
1311 2705 1392 2776 οώτῷ,
1408 2702 1459 2773 ἐγὼ
1469 2702 1497 2756 δέ
1507 2702 1615 2756 ἐκώλυον
1630 2700 1839 2771 ἀναλογιζόμενος

261 2786 329 2847 668,
346 2784 390 2835 23.
404 2781 470 2834 Ὅσα
484 2780 564 2853 μὲνδὴ
576 2785 741 2855 στρατιώτης]
757 2781 831 2854 ἰίρχή
843 2787 887 2837 τοῦ
904 2786 1006 2839 δικαίου.
1053 2785 1094 2838 καὶ
1112 2786 1189 2856 φέρων
1210 2784 1243 2846 είς
1265 2786 1337 2854 μέσον
1353 2785 1400 2835 όσα
1419 2783 1481 2853 ύμιῖς
1498 2779 1624 2847 ἠδίκησεν,
1639 2779 1749 2849 εὔκαιρον
1763 2780 1793 2830 ἀν
1807 2775 1838 2845 ήν

261 2867 331 2930 669,
358 2863 400 2915 13.
417 2862 604 2934 ίίίισθουμίνοο]
625 2861 682 2916 Ἐπί
695 2864 774 2934 μισθῷ
792 2863 1009 2934 λαμόάνοντος,ή
1053 2863 1253 2935 ἀπολογούμενον
1265 2865 1365 2933 φάσκειν
1379 2860 1453 2923 ώςού
1471 2860 1513 2914 δεῖ
1522 2860 1692 2932 μνησικακεῖν.
1728 2857 1796 2919 Τινὲς
1812 2856 1839 2910 δί

224 2941 359 3011 λαμόάνειν
372 2941 531 3012 βουλόμενος.
546 2945 575 2995 Ρ,
1053 2944 1163 2997 τοιούτου
1183 2943 1226 3014 μέν
1241 2941 1344 3015 μηδενδς
1358 2943 1428 3003 ὄντος
1443 2940 1567 3003 κινδύνου,
1587 2937 1732 3008 βουλόμενοι
1747 2935 1773 2990 δί
1787 2937 1841 3007 μτί·

262 3025 329 3089 669,
351 3022 392 3075 15.
415 3020 449 3074 Ού
473 3022 575 3093 μισθοῖ]
597 3020 649 3073 Ούκ
661 3020 701 3075 ἐπὶ
715 3021 794 3092 μισθῷ
807 3021 956 3090 παραδίδωσι
975 3027 1011 3093 τῷ
1053 3027 1113 3085 ζονα
1126 3026 1235 3089 ποιήσαι,
1249 3021 1350 3088 αύξήσαί
1366 3040 1392 3073 τε
1409 3019 1482 3072 αύτδν
1497 3019 1685 3080 σπουδάζοντες,
1701 3016 1783 3068 ἀδειαν
1797 3015 1841 3069 καί

224 3099 346 3169 Τιμοθέῳ.
360 3102 389 3152 P.
1054 3102 1161 3163 ἐξουσίαν
1176 3105 1220 3153 τοῦ
1231 3102 1344 3171 πράττειν
1356 3099 1409 3158 τοῖς
1422 3096 1514 3149 ἐκείνου
1533 3096 1680 3165 στρατηγοῖς
1699 3093 1755 3164 παρ’
1769 3093 1839 3163 ύμῶν

260 3183 328 3246 669,
356 3184 397 3231 ι6.
413 3178 462 3232 Ὃν
482 3177 586 3249 ἀκριόῶς
607 3178 681 3250 ήδει]
700 3177 756 3231 Ἵνα
774 3178 823 3249 γάρ
841 3176 874 3249 μὴ
894 3177 994 3249 ἀντείπῃ
1001 3218 1009 3243 ,
1054 3180 1276 3250 πραγματεύονται.
1313 3178 1348 3229 To
1359 3176 1386 3229 δέ
1401 3176 1568 3242 πληθυντικῶς
1582 3173 1658 3227 εἰπεῖν
1676 3174 1731 3234 τοῦς
1744 3171 1839 3225 ἐκείνου

226 3256 292 3308 ἀλλά
306 3258 364 3327 πρδς
373 3258 444 3327 φίλον
454 3257 636 3328 ηύτομόλησεν,
647 3256 661 3310 ό
673 3257 699 3310 δὲ
712 3258 753 3310 καί
768 3257 856 3328 ἐχθρδν
866 3260 1009 3327 προσέθηκε.
1054 3258 1217 3329 στρατηγούς,
1230 3258 1310 3310 καίτοι
1325 3275 1355 3327 γε
1372 3254 1425 3317 ίνδς
1438 3255 1509 3317 όντος
1521 3257 1565 3306 τοῦ
1585 3252 1741 3323 Χαριδήμου,
1762 3252 1841 3322 χαλε·

261 3342 330 3404 670,
348 3338 389 3390 13.
403 3337 552 3407 Πολλαχόσε
567 3337 659 3391 ἀλλοσε
672 3340 810 3409 μισθῶσαι]
827 3338 881 3390 Ἵνα
896 3334 929 3408 μὴ
943 3338 1009 3391 ἀντι·
1054 3337 1101 3404 τήν
1113 3334 1263 3407 ἐμποιεῖτήν
1275 3335 1401 3387 ύπόνοιαν.

161 3471 166 3479 ,
225 3417 286 3487 πέσῃ
299 3416 337 3468 ότι
355 3417 454 3478 δικαίως
469 3415 527 3487 πρὸς
540 3420 628 3470 τοῦτον
649 3416 735 3470 ἐαυτδν
753 3417 904 3488 ἐμίσθωσεν·
921 3419 949 3470 ού
962 3420 1010 3491 γάρ
1090 3418 1155 3480 685,
1172 3421 1197 3470 6.
1217 3412 1248 3467 '0
1259 3415 1302 3484 μὲν
1320 3414 1392 3465 ἕνεκα
1408 3414 1453 3466 τοῦ
1472 3413 1547 3464 κακόν
1560 3431 1584 3464 τι
1597 3411 1697 3480 ποιεῖν]
1716 3407 1840 3480 Ὅρίζεται

226 3486 285 3558 ήκεν
300 3493 427 3564 ἀλλαχοῦ,
442 3495 528 3565 χρείαν
550 3494 577 3548 δέ
593 3495 663 3566 εἶχεν
675 3495 689 3549 ό
705 3496 840 3566 στρατηγδς
859 3499 1008 3566 χρημάτων·
1054 3497 1140 3550 λοιπδν
1153 3497 1177 3549 τί
1189 3494 1239 3548 ἐστι
1250 3494 1279 3546 τδ
1293 3495 1463 3564 μνησικακεῖν,
1478 3492 1520 3543 καί
1530 3490 1603 3561 φησίν
1618 3492 1656 3543 δτι
1672 3490 1686 3542 ό
1700 3488 1797 3559 ἐρωτῶν
1808 3487 1841 3541 τά

226 3571 267 3624 διά
280 3577 353 3626 τοῦτο
373 3572 452 3637 είπεν,
473 3573 530 3640 ἐνῆν
549 3574 666 3645 ἀλλαχοῦ
682 3577 794 3646 μισθοῦν,
811 3574 868 3626 ἀλλ’
882 3574 926 3628 ούκ
939 3575 1012 3642 ἠόου-
1054 3577 1119 3635 τινδς
1133 3574 1288 3645 ἀδικήματα,
1307 3574 1370 3625 ὥστε
1384 3589 1408 3623 τι
1423 3571 1539 3641 βλάπτειν
1554 3569 1596 3621 καί
1608 3568 1740 3641 ἀμύνεσθαι
1753 3567 1839 3631 αύτδν,

226 3649 276 3716 λίίί
294 3691 302 3705 ·
643 3656 646 3659 ’
1056 3657 1210 3725 μνησικακεῖ
1223 3653 1238 3705 ό
1249 3651 1276 3705 δὲ
1292 3650 1451 3723 μνημονεύων
1465 3649 1509 3702 ούκ
1520 3649 1559 3703 ἐπί
1569 3655 1605 3720 τῷ
1618 3650 1770 3713 κακοποιεῖν,
1781 3644 1841 3698 ἀλλ’

263 3735 333 3798 670,
348 3747 393 3784 αα.
409 3729 515 3784 Μᾶλλον
530 3732 552 3782 δ’
567 3731 624 3801 ούχί
637 3731 696 3802 πρδς
708 3733 789 3803 ύμῖις]
805 3732 859 3785 Ἵνα
878 3733 935 3806 δόξῃ
950 3734 1012 3788 ἀπο·
1055 3735 1093 3788 ἐπὶ
1105 3740 1141 3805 τῷ
1153 3732 1301 3803 φυλάξασθαι
1317 3728 1362 3795 τήν
1376 3728 1464 3800 όμοίαν
1475 3730 1572 3799 πεῖραν,
1585 3733 1715 3798 σωφρονεῖ.

227 3809 365 3877 σχεδιάζειν
379 3810 421 3861 καί
435 3806 468 3880 μὴ
482 3811 637 3880 κακουργεῖν,
653 3810 806 3881 ύποκρίνεται
821 3812 933 3881 άγνοιαν.
951 3814 1011 3866 Δέον
1091 3816 1158 3878 685,
1171 3833 1197 3882 9.
1215 3813 1287 3873 Ἴσως
1299 3809 1433 3864 τοίνυνκαὶ
1447 3809 1560 3875 τοιαύτην
1572 3806 1627 3860 τινά
1639 3806 1754 3878 ἐροῦσιν]
1766 3804 1843 3858 Ἆντί·

227 3886 275 3956 γάρ
290 3885 366 3939 εἰπεῖν
385 3885 475 3958 ἔπεμψε
487 3888 545 3957 πρὸς
558 3887 601 3941 τδν
622 3890 707 3952 δεῖνα,
723 3888 777 3942 όδί
791 3888 846 3942 εἶπε
862 3890 920 3960 πρός
933 3891 1010 3962 ύμάς,
1055 3892 1118 3954 θεσις
1135 3891 1209 3945 πάλιν
1233 3889 1281 3943 ἀπδ
1301 3892 1344 3943 τοῦ
1357 3888 1518 3957 συμφέροντος
1540 3884 1646 3956 ἐχομένη
1670 3885 1842 3955 τῆςπρῠῐὲρῦζ

226 3965 270 4019 ἰ’να
283 3963 368 4026 αύτούς
382 3965 536 4033 ἐπιλάόηται.
575 3967 612 4037 Τῇ
624 3966 672 4035 γάρ
686 3966 899 4038 άληθείᾳούτρδς
912 3970 1010 4033 αύτούς,
1055 3972 1205 4031 ἀντιθέσεως.
1238 3968 1360 4035 Ἐπῆκται
1368 3966 1395 4018 δέ
1406 3969 1492 4018 τοῦτον
1504 3967 1547 4017 τδν
1559 3967 1657 4034 τρόπον.
1685 3961 1843 4033 Ἀνωγάρεί·

228 4044 295 4096 ἀλλά
313 4045 371 4115 πρδς
387 4045 553 4117 Κηφισόδοτον
567 4045 611 4113 τὴν
633 4047 764 4113 ἐπιστολὴν
784 4047 899 4120 ἔπεμψεν.
937 4045 1014 4112 Ούτος
1054 4052 1107 4105 πὼν
1119 4049 1240 4112 ύιςούδεῖ
1247 4047 1405 4118 μνησικακεῖν
1418 4043 1439 4097 εί
1445 4043 1488 4096 καί
1498 4043 1557 4097 ποτὲ
1566 4041 1677 4109 ἠδίκησε,
1688 4046 1731 4093 νῦν
1739 4042 1841 4111 προσ-εί·

227 4123 254 4178 δὲ
276 4120 307 4192 ήν
329 4126 465 4196 στρατηγὸς
482 4124 624 4194 Ἀθηναίων,
646 4126 733 4197 ἀχθρδς
754 4128 780 4181 δί
802 4127 949 4199 Ἰφικράτους
971 4131 1013 4182 καί
1055 4132 1136 4198 θησιν,
1152 4120 1524 4194 είκαλάληθῶςῑύπῡῑέῗίῦμᾶς
1536 4121 1841 4194 νννλπροήρηται.’ίναδὲ

118 4280 120 4284 ⁴
226 4204 328 4267 ίίύτυος.
1056 4208 1089 4281 μὴ
1101 4215 1137 4281 τῷ
1150 4212 1193 4273 τῆς
1205 4205 1310 4267 εύποιῒας
1321 4204 1484 4258 δελεασθῶσιν
1499 4203 1523 4255 οἱ
1535 4201 1663 4262 ἀκούοντες
1673 4203 1725 4261 τοῖς
1734 4199 1840 4269 όνόμασι

261 4288 326 4351 57¹,
343 4300 368 4336 1.
380 4280 422 4344 Ὧς
431 4283 489 4355 ύμῖν
499 4282 540 4337 ἀπ’
548 4281 625 4353 ἆθήῆς
638 4285 772 4357 ϊίχρηται]
784 4284 884 4353 Ἐπειδή
893 4286 942 4359 γάρ
952 4290 1014 4342 πολ·
1055 4290 1097 4344 καί
1108 4286 1270 4349 ταῖςλίξεσιν,
1281 4286 1327 4355 όρα
1342 4289 1392 4346 πῶς
1404 4282 1563 4349 διαόέόληκεν
1572 4280 1643 4334 αύτά.
1681 4280 1782 4349 Πρῶτον
1797 4277 1842 4350 μέν

227 4359 298 4423 λάκις
309 4360 350 4412 διά
362 4362 447 4430 χρείαν
460 4361 521 4423 τινὲς
534 4361 575 4415 καί
587 4361 623 4425 οἷς
637 4363 665 4417 ού
682 4364 815 4434 βούλονται
831 4365 1011 4433 ἐναντιοῦνται,
1057 4367 1115 4429 ἴσως
1133 4366 1207 4420 εἰπὼν
1220 4365 1262 4417 καλ
1275 4365 1422 4424 διστάζοντα
1440 4362 1558 4427 ποιήσας·
1575 4358 1630 4414 εἶτα
1653 4360 1695 4411 καί
1711 4360 1838 4421 ύπόνοιαν,

227 4441 270 4494 καλ
280 4446 360 4502 ποσῶς
375 4439 427 4510 ἔχει
442 4440 471 4493 ῑί)
484 4446 595 4494 τῠῑῠῦῖνν
609 4446 772 4516 συγγνώμην,
787 4445 855 4517 λίγει
872 4448 910 4500 ότι
928 4446 952 4509 ἐξ
970 4447 1013 4519 ἀρ·
1056 4445 1084 4498 ού
1103 4444 1189 4499 πιστδν
1201 4444 1279 4515 φήσας
1298 4441 1364 4496 εἶναι
1380 4443 1408 4495 τδ
1428 4445 1545 4512 πρᾶγμα·
1560 4440 1603 4492 καί
1617 4439 1646 4492 τδ
1663 4438 1797 4509 ὡρμηκότα
1815 4437 1842 4490 δά

227 4525 275 4591 χῆς
285 4520 326 4573 καὶ
341 4522 413 4589 &w
425 4522 605 4584 ”32221‘520125-
1057 4524 1150 4594 άλογον
1164 4523 1206 4577 καλ
1219 4522 1407 4594 τδμετακίνητον
1421 4522 1524 4591 γνώμην
1538 4517 1656 4589 ἐμφαίνει.
1695 4516 1726 4569 θί
1744 4515 1792 4587 γάρ
1807 4515 1840 4586 μή

265 4604 333 4668 671,
346 4603 373 4651 6·
393 4597 563 4669 Ὀλῑῖωθύΰᾱς
574 4602 733 4673 τῶνύρκων]
748 4602 856 4669 ίίλήττει
873 4605 929 4667 τούς
945 4603 1014 4671 Ἇθη·
1057 4605 1179 4676 κρίναντες
1190 4602 1232 4656 καί
1241 4602 1432 4673 μελετήσαντες,
1446 4598 1503 4651 ἀλλ’
1518 4595 1545 4649 ἔκ
1556 4595 1698 4667 προπετείας
1716 4594 1842 4666 όρμήσαν·

228 4681 325 4743 ναίους,
347 4678 439 4750 λέγων,
457 4679 479 4732 εί
491 4685 539 4733 τῶν
555 4682 617 4736 θεῶν
635 4683 813 4753 κατεφρόνησε,
828 4684 898 4756 πόσῳ
916 4683 1014 4755 μᾶλλον
1056 4704 1110 4749 τες,
1133 4683 1227 4754 ἀθρόως
1239 4682 1281 4736 καί
1299 4681 1505 4752 μεταόάλλονται.
1544 4676 1579 4729 Ού
1597 4676 1645 4748 μην
1664 4675 1782 4728 ἀλλὰκαὶ
1798 4680 1843 4728 τοῦ

227 4765 277 4813 τῶν
289 4760 384 4832 φίλωθὶ
1059 4762 1209 4833 βουλομένου
1222 4781 1247 4815 τι
1264 4763 1343 4815 ποιεῖν
1361 4759 1455 4830 ἀγαθδν
1474 4755 1610 4809 συνέστειλε
1626 4754 1670 4821 τήν
1695 4753 1843 4808 ἐλπίδα·ού

264 4843 326 4907 671,
343 4839 387 4893 23·
403 4837 458 4892 Είτ’
472 4838 543 4902 αύτδς
556 4841 660 4912 συνιείς]
677 4841 785 4908 Ποιήσας
796 4843 812 4894 δ
825 4840 941 4895 ίόούλετο
957 4860 1014 4894 συν-
1056 4842 1104 4914 γάρ
1116 4840 1184 4896 εἶπεν
1197 4839 1278 4912 ἀγαθά
1290 4838 1388 4903 πολλὰ,
1404 4836 1470 4890 ἀλλά
1484 4836 1508 4889 τί
1522 4834 1626 4904 ἀγαθόν,

228 4920 323 4988 τρέχει,
343 4918 386 4970 ἵνα
406 4916 440 4989 μὴ
460 4920 605 4990 φιλονεικῶν
620 4919 705 4988 οίηται
727 4922 806 4992 μωρίᾳ
824 4925 896 4974 τοῦτο
915 4924 1012 4975 ποιεῖν·
1093 4921 1159 4985 685,
1186 4921 1228 4974 ιδ.
1251 4918 1320 4990 Ἐγὼ
1340 4919 1373 4980 δ’,
1396 4915 1418 4972 ὦ
1440 4918 1524 4987 ἀνδρες
1546 4914 1682 4984 Ἀθηναῖοι,
1701 4912 1842 4986 θεάσασθε]

228 5000 309 5067 σιωπᾷ
321 4996 347 5050 δί
354 5036 362 5062 ,
373 4998 417 5049 ἵνα
430 4996 463 5069 μή
478 4999 624 5069 τραχύτερος
634 4997 699 5052 εἶναι
710 5002 781 5072 δοκῇ.
1058 4999 1143 5060 ίίαλῶς
1156 4998 1243 5060 αύτούς
1257 4998 1289 5060 είς
1301 4998 1429 5051 κοινωνίαν
1449 4998 1503 5067 άγει
1517 5002 1566 5049 τῶν
1587 4997 1727 5067 λογισμῶν,
1742 4994 1784 5046 καί
1797 4992 1843 5047 ούκ

264 5082 326 5145 671,
341 5093 387 5145 ²7·
406 5076 462 5130 Είθ’
476 5080 528 5132 ότι
545 5078 653 5148 δήποτε]
671 5077 852 5146 Ἄποσιώπησις.
894 5079 1014 5147 ’ίίθέλησε
1057 5079 1129 5141 αύτδς
1143 5078 1191 5149 ἰδία
1205 5078 1235 5131 τά
1244 5080 1363 5131 δοκοῦντα
1375 5076 1542 5146 ἀποφαίνεται.
1585 5075 1785 5143 Ἆννστικώτερον
1798 5090 1843 5143 μεν

229 5156 251 5208 δ’
265 5155 342 5209 εἰπεῖν
353 5155 475 5223 εύήθειαν,
487 5157 502 5225 ή
514 5177 538 5212 τι
549 5162 656 5213 τοιοῦτο·
671 5158 799 5226 ηύλαόήθη
808 5158 835 5213 δέ
847 5159 890 5213 οὗκ
902 5159 927 5213 ἐν
938 5165 1015 5232 καιρῷ
1057 5158 1203 5230 γάρτοῦτο,
1217 5157 1410 5228 φιλονεικότερον
1425 5155 1451 5208 δὲ
1464 5155 1579 5227 [ἐκεῖνο]

229 5233 409 5305 Μάίθῦίάζῑῑί·
426 5239 457 5293 P·
1096 5240 1165 5303 685,
1184 5254 1226 5308 19.
1245 5235 1344 5302 Ἐπειδὴ
1361 5235 1387 5288 δὲ
1400 5236 1441 5288 καί
1452 5236 1605 5307 φενακίζων]
1620 5233 1666 5287 Ἐκ
1676 5237 1719 5288 τοῦ
1732 5230 1843 5286 ίναντίου
