3967 5967
770 480 1085 543 11.(111ειθίλιιοε·
1108 481 1142 541 Β.
1701 490 1758 542 5³²

153 604 308 669 Μυνύκωλος
320 604 478 679 σχοινοτενης
498 607 608 679 περίοδος
626 606 652 661 ἐν
665 606 795 679 ύπερθατῶ
812 626 935 681 σχημστι·
1015 615 1058 678 16,
1071 616 1115 666 εδ.
1129 610 1190 665 θύδί
1204 610 1282 683 λόγου
1300 612 1415 682 προσδεῖν
1428 609 1552 684 ἡγοῦμαι]
1567 610 1596 663 ού
1609 609 1658 682 γδρ
1670 611 1719 679 Ιδεῖ
1729 611 1760 665 τά

154 688 249 740 σθεῖσα.
287 685 321 739 Tb
339 689 426 759 σχῆμα
448 686 474 741 δέ
488 685 632 759 ἐπιτίμησις.
650 687 731 741 TCV.
746 687 781 740 Τδ
792 687 818 742 δέ
831 689 934 760 συνάραι·
977 688 1167 761 ὁμολογούμενα
1184 691 1388 752 κατασκευάζειν·
1412 692 1454 744 καί
1471 692 1515 743 δύο
1532 695 1614 743 κακῶν
1635 692 1761 762 προκειμί·

155 767 224 831 σθαι,
244 764 376 819 συλλαδεῖν
394 766 436 817 καί
449 765 569 836 άρπάσαι,
585 765 743 837 συνάβασθαι.
760 768 792 822 Ρ.
977 770 1138 823 νων-κακον
1148 764 1760 840 γδρύπόλεμος-,αίρεῖταιτδῆττον.ΗΒ8Τΰν.

191 850 233 910 16,
248 849 274 901 6.
296 844 518 916 Πρεσύευομένους]
537 845 714 917 Πρεσύεύεσθαί
733 864 805 918 φησιν
828 844 867 901 ἐπί
885 852 933 900 τῶν
1017 853 1060 917 16,
1075 848 1308 920 17.Βίγὰρύμσ“ις]
1326 847 1469 920 Ἐπίλογος.
1479 852 1511 906 Β.

153 922 309 996 ἀγνοούντων
336 922 379 977 τόν
399 924 534 991 Φίλιππον,
562 923 606 976 ἵνα
631 922 715 996 διδάξῃ
737 923 824 987 αύτούς
845 922 878 996 μὴ
899 945 936 979 πι-
1016 932 1058 991 16,
1076 931 1119 982 28.
1137 928 1204 990 'Hem
1216 929 1343 999 γενέσθω]
1359 927 1414 998 Ούχ
1428 928 1511 991 ἁπλῶς
1520 928 1589 1000 λέγει
1600 928 1647 991 ἐξω
1660 931 1704 996 τῆς
1713 930 1759 983 πό·

153 1004 244 1058 στεύειν
258 1003 334 1075 αύτῷ·
351 1005 391 1058 ἐπί
402 1004 428 1058 δέ
446 1009 494 1058 τῶν
505 1003 605 1058 εἰδότων
619 1004 673 1075 μέν,
687 1003 843 1074 φοθουμένων
858 1003 894 1069 δέ,
905 1005 934 1058 εδ
977 1004 1055 1071 λεως,
1071 1004 1128 1057 ἀλλ’
1144 1006 1190 1068 ἔξω
1203 1011 1246 1074 τῆς
1258 1008 1341 1077 χώρας
1355 1005 1381 1058 ἐν
1392 1007 1543 1077 Μακεδονία.
1557 1009 1677 1062 Bsch.

152 1083 317 1156 ἀγγέλλεσθαι
328 1082 390 1154 ύμῖις
403 1085 441 1137 δτι
454 1083 622 1156 στρατεύεσθε,
633 1083 676 1135 ἵνα
685 1082 863 1154 παροξυνθῶσιν
877 1083 935 1156 ύπέρ
1016 1101 1058 1155 17,
1072 1100 1099 1138 2.
1113 1085 1178 1146 Τούς
1190 1087 1376 1156 γεωργοῦντας]
1392 1084 1440 1155 ούχ
1448 1085 1532 1148 ἁπλῶς
1541 1086 1598 1148 τούς
1611 1087 1762 1148 σκάπτοντας

152 1168 196 1216 τοῦ
209 1164 294 1234 μηκέτι
305 1164 408 1216 δεδιέναι
422 1162 505 1219 αι’ντόν.
519 1164 693 1217 ACHRTCV.
977 1160 1023 1230 τὴν
1042 1167 1100 1235 γῆν,
1121 1163 1187 1217 ἀλλὰ
1201 1165 1244 1217 καὶ
1257 1164 1312 1227 τούς
1326 1165 1487 1235 κεκτημένους
1503 1164 1600 1235 ἀγρούς.
1612 1166 1741 1219 BHTCV.

194 1247 236 1307 16,
252 1245 278 1297 Β.
292 1242 369 1295 Δάύοι
378 1242 432 1295 καθ’
446 1242 513 1314 ύμῶν
524 1248 635 1295 τοιοῦτον
645 1240 746 1312 καιρδν]
757 1235 809 1303 οίος
819 1244 861 1295 νῦν
875 1240 935 1313 ύμῖν
1017 1260 1060 1313 17,
1083 1244 1109 1297 3.
1125 1244 1174 1297 Τδν
1193 1244 1239 1314 πφδ
1252 1247 1295 1297 τοῦ
1307 1242 1432 1316 πόλεμον]
1447 1244 1488 1297 τδν
1510 1244 1542 1296 δι’
1558 1242 1699 1315 Ἀμφίπολιν
1719 1245 1759 1297 λε’·

154 1319 207 1375 έστλ
217 1321 272 1374 κατ’
288 1319 395 1374 ἐκείνου·
416 1322 458 1375 καί
468 1321 575 1393 πόλεμος
587 1322 684 1392 γένοιτο
696 1319 755 1391 πρὸς
767 1321 799 1390 ,τῇ
819 1321 891 1392 χώρᾳ
903 1323 935 1394 τῇ
978 1341 1033 1392 γει,
1050 1321 1083 1385 είς
1100 1324 1128 1375 δν
1147 1322 1218 1393 χίλια
1232 1324 1343 1375 διακόσια
1356 1323 1466 1376 τάλαντα
1480 1322 1606 1390 ἀναλώθη.
1620 1324 1741 1377 BSTCV.

153 1399 273 1472 ίημετέρφ,
287 1401 394 1471 καθάπερ
415 1405 456 1454 νῦν
475 1405 506 1474 τῇ
527 1401 632 1455 ἐκείνου·
653 1398 731 1471 ἡγὰρ
750 1398 870 1463 Ὄλυνθος
883 1402 935 1472 γεί-
1017 1418 1060 1471 17,
1077 1404 1102 1455 5.
1117 1401 1252 1472 Πρύσεοθ]
1264 1406 1295 1472 τῇ
1307 1403 1385 1474 ζημίη
1397 1403 1574 1474 περιφρόνησις.
1588 1405 1617 1459 P.

153 1497 202 1532 των
223 1478 298 1551 αύτῷ.
323 1482 354 1533 Ρ.
370 1477 401 1531 Et
422 1484 548 1543 τοιαῦται,
569 1479 652 1549 φησίν,
674 1477 740 1550 αύτῷ
761 1481 935 1550 προσγένοιντο
1017 1498 1059 1552 17,
1074 1500 1100 1551 7.
1113 1482 1241 1552 Σώφροσι]
1256 1483 1308 1544 τοῖς
1326 1482 1435 1543 συνετοῖς
1445 1482 1486 1534 καί
1498 1484 1603 1544 σώζουσι
1612 1479 1656 1543 τὰς
1664 1483 1759 1553 φρένας.

153 1557 247 1612 πολλαί
259 1556 382 1629 εύπορίαι,
404 1552 455 1611 οίαι
475 1561 517 1611 νῦν
538 1555 614 1627 ίγμῖν·
632 1555 674 1609 καλ
686 1555 770 1623 πάλιν,
785 1555 808 1610 εί
825 1557 935 1629 πόλεμόν
978 1562 1075 1615 BTCP.

153 1658 208 1693 τινα
219 1638 340 1709 σχοίημεν
352 1640 454 1711 δμορον,
467 1639 500 1702 ὡς
512 1638 584 1701 αύτδς
594 1641 636 1691 νῦν
649 1636 709 1708 ἔσχε
718 1638 762 1692 τδν
775 1640 807 1711 τῇ
824 1636 936 1714 Ὀλύνθῳ
1014 1640 1099 1692 Πάντα
1112 1636 1142 1706 δὴ
1154 1641 1247 1711 ταῦτα]
1270 1638 1397 1693 Ἐντεῦθεν
1415 1640 1430 1693 δ
1444 1638 1567 1711 ἐπίλογος.
1587 1642 1639 1694 ΒΡ.
1658 1637 1704 1692 Ἐκ
1718 1644 1762 1693 τοῦ

155 1719 335 1792 γειτνιάζοντα.
346 1720 428 1774 TCV.
979 1720 1141 1790 συμφέροντος
1164 1718 1297 1790 κεφαλαίου
1319 1719 1375 1780 τοῦς
1393 1718 1521 1790 ἐπιλόγους
1541 1717 1638 1791 εἴληφε·
1655 1720 1697 1772 δεῖ
1713 1719 1762 1791 γάρ

191 1802 233 1864 ιθ,
251 1815 293 1852 ιο.
306 1797 369 1867 Ιίρδς
379 1800 410 1869 τῇ
426 1796 513 1868 χώρᾳ]
526 1795 602 1868 ἤγουν
622 1794 720 1867 όμορῖνν
731 1799 762 1868 τῇ
776 1799 860 1868 χιύρφ,
872 1797 905 1860 ὡς
920 1797 934 1852 ό
979 1797 1007 1851 ἐκ
1016 1803 1064 1851 τῶν
1078 1797 1183 1870 ἰσχυρῶν
1193 1796 1232 1853 ἀεί
1242 1800 1284 1852 καί
1297 1804 1345 1853 τῶν
1357 1804 1502 1863 σννεκτικιῦν
1515 1798 1558 1861 τίς
1570 1797 1758 1871 ἀνακεφαλαιώ-

154 1876 277 1938 Φίλιππος
301 1879 343 1928 νῦν
371 1873 426 1947 έχει
449 1877 492 1930 τδν
520 1881 568 1929 τῶν
594 1874 730 1928 Ὀλυνθίων
754 1878 933 1945 γειτνιάζοντα.
980 1894 1030 1939 σεις
1042 1876 1289 1948 καλτοίιςίπιλόγους
1302 1877 1447 1948 λαμύάνειν.
1466 1878 1588 1934 ABTCV.

155 1957 231 2010 HRS.
1018 1971 1059 2023 17,
1075 1957 1101 2009 8.
1116 1953 1229 2025 Ἐκεῖσε]
1245 1954 1278 2017 είς
1294 1953 1338 2022 την
1351 1955 1516 2009 Μακεδονίαν.
1532 1956 1563 2010 P.

193 2039 236 2099 16,
253 2050 295 2087 11.
308 2030 365 2086 Εἶτ’
377 2031 421 2086 οθκ
434 2032 589 2104 αἰσχύνεσθε]
606 2030 637 2087 Ἦ
646 2033 756 2105 περίοδος
772 2033 935 2106 έπιτιμητικὴ,
1017 2049 1059 2101 17,
1078 2051 1120 2088 11.
1140 2034 1201 2096 Τούς
1218 2034 1240 2085 δ’
1252 2033 1277 2086 ἐν
1292 2033 1392 2105 ἡλικίᾳ]
1409 2034 1465 2097 τούς
1484 2035 1629 2105 δυναμίνους
1642 2031 1708 2087 θπλα
1720 2032 1760 2104 φέ·

154 2112 171 2179 ί]
184 2114 236 2167 ίστι
250 2111 408 2183 μονόκωλος,
421 2114 494 2184 φησίν
511 2110 670 2184 Ἑρμογένης.
690 2114 742 2169 CP.
759 2111 855 2185 Ἀσαφίς
872 2112 937 2169 είναι
979 2132 1029 2185 ρειν
1042 2114 1083 2168 καί
1101 2114 1232 2185 μάχεσθαι.
1249 2116 1279 2169 Ρ.
1293 2113 1356 2176 Τούς
1375 2115 1523 2181 νεωτέρους·
1539 2111 1626 2179 ἡλικία
1640 2111 1688 2185 γάρ
1702 2111 1761 2173 ἐξαι·

154 2191 227 2245 δοκεῖ
245 2192 273 2245 τδ
295 2192 401 2262 χωρίον·
426 2191 519 2260 ἀδηλον
538 2191 586 2265 γὰρ
605 2192 653 2246 τίνι
674 2189 722 2263 χρὴ
742 2194 887 2264 προσνεῖμαι
908 2193 936 2247 τδ
980 2194 1053 2262 ρέτως
1074 2191 1113 2247 ἐπί
1130 2197 1179 2245 τῶν
1201 2193 1341 2263 νεωτέρων·
1362 2190 1387 2245 ἐν
1408 2192 1470 2265 αὐτῇ
1487 2192 1535 2263 γάρ
1552 2192 1631 2245 πάντα
1647 2191 1761 2262 πράττειν

157 2274 261 2324 ιταῦτα
283 2274 399 2338 ποιῆσαι,
425 2272 556 2342 »πότερον
574 2273 627 2335 τοῖς
652 2269 818 2340 ’λθηναίοιςὴ
840 2272 935 2344 εῷΦι·
978 2271 1111 2343 δυνάμεθα.
1127 2272 1173 2325 CV
1177 2312 1185 2327 .
1197 2272 1258 2334 Τοῦς
1269 2271 1291 2323 δ’
1302 2269 1348 2333 ἔξω
1362 2269 1723 2341 τῆςηλικίας,ἤεοιγίρογτας.

152 2346 248 2420 λίπασμ·
265 2349 337 2401 δοκεῖ
346 2348 394 2419 γάρ
408 2348 443 2420 ἐφ’
458 2348 576 2421 ἑκατέρων
598 2349 723 2421 ἁρμόζειν.
760 2346 811 2421 Χρὴ
832 2344 875 2403 οῦν
897 2349 937 2405 ἐπί
1018 2368 1059 2421 17,
1073 2351 1116 2407 13.
1127 2350 1189 2413 Τοίνς
1202 2350 1229 2404 δέ
1242 2350 1370 2423 λέγοντας]
1382 2349 1458 2422 ἤγουν
1470 2351 1526 2414 τούς
1536 2349 1649 2422 ῥήτορας.
1661 2349 1759 2403 HRSP.

154 2432 202 2480 τῶν
214 2427 330 2480 τοιούτων
341 2426 439 2498 ἀσαφῶν
450 2427 491 2481 καί
500 2427 697 2499 ἐπαμφοτερίζειν
708 2429 845 2482 δοκούντων
855 2428 882 2485 έκ
893 2434 937 2483 τοῦ
982 2428 1039 2484 ‘Aah
1056 2433 1140 2484 κοινοῦ
1161 2428 1293 2495 ίκληπτίον
1308 2430 1337 2484 τδ
1352 2431 1404 2482 δεῖν
1420 2431 1520 2500 βοηθεῖν
1532 2429 1575 2483 καί
1591 2427 1699 2482 ἀποδεῖν
1710 2427 1763 2482 ἐκεῖ

153 2504 289 2568 τίλουςίπλ
302 2505 347 2573 τὴν
372 2504 452 2577 ἀρχὴν
475 2505 581 2561 ἀνιέναι·
606 2507 739 2574 λυθήσεται
757 2507 806 2579 γάρ
824 2507 935 2578 ούτωςὴ
978 2509 1021 2562 τόν
1038 2508 1159 2580 πόλεμον.
1173 2509 1249 2562 ΗΒΒ.

154 2582 265 2655 ἀσάφεια.
303 2578 364 2637 Οίον
377 2582 417 2638 ἐπί
430 2587 472 2637 τοῦ
490 2587 609 2657 παρόντος
621 2585 688 2649 εθθύς
700 2587 809 2641 κάτωθεν
832 2585 936 2658 ἀρξάμε·
1017 2605 1060 2657 17,
1084 2592 1126 2652 14.
1144 2586 1267 2659 Εύθυναι]
1289 2585 1421 2657 ἀπολογίαι
1443 2587 1484 2640 καί
1497 2588 1585 2659 κρίσεις
1602 2586 1703 2658 φανεραί
1719 2585 1761 2638 καί

154 2680 195 2725 νος
207 2662 278 2733 λέγε·
298 2661 353 2715 κού
371 2662 509 2733 τολμήσετε
528 2667 613 2735 καιρὸν
629 2664 728 2736 ἔχοντες
745 2669 821 2719 ταῦτα
835 2669 936 2732 ποιῆσαι
979 2665 1110 2720 κάλλισται
1125 2668 1255 2738 γένωνται.
1273 2669 1303 2721 Ρ.
1317 2667 1342 2719 αί
1358 2667 1470 2737 βάσανοι.
1481 2668 1507 2721 S.

157 2763 169 2790 ι
184 2742 200 2793 θ
214 2741 308 2794 πάθοιτ’
320 2741 349 2793 δν
362 2739 383 2794 εί
392 2741 490 2794 δύναιτο
505 2741 615 2809 ἐκεῖνος;
635 2766 646 2793 ν
661 2744 690 2798 αδ
709 2745 757 2815 γὰρ
766 2744 883 2815 πρότερον
898 2743 935 2799 ἐπ’
1017 2763 1060 2815 17,
1076 2752 1118 2817 17.
1133 2745 1236 2817 λύτοῖς]
1252 2746 1304 2807 τοῖς
1314 2745 1423 2815 λέγουσι.
1440 2747 1470 2799 P.

155 2820 298 2892 ἀμφοτέρων
311 2819 427 2892 λέγεσθαι
445 2820 532 2871 δοκοῦν
553 2824 595 2874 νῦν
615 2820 690 2892 ἐφάνη
708 2822 764 2893 περὶ
785 2822 867 2894 μόνων
887 2830 936 2878 τῶν
1014 2823 1113 2893 Χρηστά
1130 2824 1157 2878 δέ
1170 2823 1223 2892 είη,
1247 2823 1336 2885 παντὸς
1352 2824 1440 2895 ἕνεκα]
1463 2821 1551 2893 Εὗχὴν
1571 2822 1715 2893 προστίθησι
1728 2827 1760 2894 τη

158 2899 292 2967 Ἀθηναίων
307 2897 443 2970 εἰρημένον.
458 2899 551 2952 13ch
553 2940 560 2956 .
980 2902 1125 2974 συμύουλῇ,
1136 2898 1201 2968 οίον,
1212 2902 1261 2956 είθε
1275 2904 1388 2972 γε’νοιτο,
1399 2903 1472 2974 φησὶ,
1483 2899 1590 2972 χρηστά,
1601 2901 1642 2953 καί
1655 2900 1759 2969 προύαίη

189 2977 220 3030 Βί
238 2977 295 3050 μηδ’
308 2978 323 3029 ά
335 2977 431 3031 πάθοιτ’
443 2977 492 3049 ἂν]
505 2978 534 3031 εδ
546 2975 580 3050 μὴ
599 2978 728 3050 περισσόν·
747 2980 764 3047 ἢ
778 2980 807 3035 τδ
820 2979 842 3034 εί
855 2978 889 3053 μὴ
903 2980 936 3046 εἰς
979 2980 1060 3042 καλῶς
1073 2980 1113 3033 διὰ
1127 2982 1233 3049 πάντας,
1253 2976 1317 3046 οίον,
1329 2980 1370 3033 διδ
1385 2982 1440 3044 τούς
1454 2980 1593 3047 πλουσίους,
1605 2981 1661 3041 τούς
1673 2979 1760 3031 νεωτέ·

155 3056 184 3111 εδ
197 3056 226 3109 ού
237 3054 384 3128 τολμήσετε.
401 3059 432 3111 Ρ.
981 3079 1053 3130 ρους,
1067 3061 1123 3123 τούς
1136 3060 1249 3133 ῥήτορας.
1259 3062 1339 3114 PCV.

192 3140 292 3201 16,1α.
309 3130 936 3207 Ἔτιτοίνυν,ὦάνδφες’λθηναῖοι]Μετάύασιςέπί
1014 3138 1120 3212 Είνεκα]
1142 3140 1177 3193 θῦ
1197 3141 1282 3212 κυρίως
1299 3142 1328 3195 εδ
1349 3141 1432 3194 εἵνεκα
1455 3140 1499 3194 σύν
1523 3143 1560 3212 τῷ
1582 3158 1598 3191 ι·
1624 3137 1751 3206 ποιητικὸν

155 3212 184 3266 τδ
198 3211 346 3286 ἀναγκαῖον.
360 3215 458 3268 BTCP.
496 3211 591 3285 Ὠσπερ
605 3214 634 3268 τδ
646 3216 767 3286 συμφέρον
779 3215 812 3279 είς
823 3217 866 3270 δύο
877 3220 935 3290 τέμ-
979 3217 1038 3287 γάρ.
1051 3218 1081 3270 Β.

155 3294 238 3347 νεσθαι
248 3291 341 3365 φαμέν,
355 3291 389 3355 είς
400 3313 426 3347 τε
439 3292 499 3347 αύτδ
513 3294 542 3347 τδ
555 3294 674 3365 συμφέρον
687 3294 729 3348 καί
742 3296 771 3348 τδ
786 3294 932 3369 ἀναγκαῖον,

154 3372 219 3426 ούτω
230 3372 272 3425 καλ
284 3373 314 3425 τδ
324 3373 427 3426 δυνατδν
440 3370 474 3434 είς
485 3391 511 3426 τε
523 3371 582 3426 αύτδ
595 3373 624 3426 εδ
642 3374 745 3427 δυνατόν
756 3373 838 3437 ἁπλῶς
849 3376 891 3429 καί
904 3378 934 3431 εδ

154 3449 236 3523 βᾴδιον
250 3450 291 3504 καί
303 3449 336 3512 είς
344 3451 372 3504 τδ
392 3450 541 3521 ἀναγκαῖον·
557 3452 616 3521 ὅπερ
626 3450 739 3523 ἐντούτῳ
749 3458 785 3524 τῷ
795 3454 880 3526 χωρίῳ
893 3460 935 3508 νῦν
1213 3465 1245 3518 11,
1264 3462 1466 3520 ΟΛΥΝΘΙᾸΚΟΣ
1483 3463 1514 3516 Β.

157 3529 309 3591 ἐξετάζεσθαί
324 3549 416 3601 φαμεν.
452 3530 543 3582 Δίδωσι
559 3528 608 3601 γάρ
620 3532 673 3591 τοῖς
694 3528 826 3598 Ἀθηναίοις
841 3534 934 3604 αἵρεσιν

155 3612 202 3662 ποῦ
212 3605 261 3679 χρὴ
275 3609 405 3679 πολεμεῖν,
421 3608 463 3661 καί
473 3609 516 3662 τδν
530 3606 555 3661 ίν
565 3609 708 3679 Μακεδονίᾳ
715 3608 824 3681 πόλεμον
833 3611 935 3667 εύκολον
1016 3617 1058 3682 18,
1075 3616 1100 3669 5.
1119 3613 1176 3670 Ἐπί
1189 3615 1289 3671 πολλῶν
1303 3616 1346 3689 μέν
1358 3618 1388 3670 ἀν
1402 3616 1553 3685 τις]Τοῦτσν
1567 3613 1692 3676 Διονύσιος
1702 3634 1760 3685 προ-

157 3686 278 3753 δείκνυσι,
293 3687 336 3741 τδν
351 3687 378 3741 δί
394 3687 435 3742 ἐπί
447 3691 491 3754 τῆς
515 3686 622 3753 Ἀττικῆς
634 3687 745 3758 χαλεπδν
763 3688 805 3742 καί
820 3691 934 3763 φούερόν.
977 3695 1059 3749 τάττει
1069 3701 1117 3748 τῶν
1131 3693 1307 3761 Ὀλυνθιακκῖιν,
1317 3696 1439 3767 ἀρχοντάς
1450 3696 1477 3748 τέ
1489 3712 1556 3756 τινας
1566 3691 1708 3763 καταλέγων
1719 3693 1761 3746 καλ

155 3765 256 3820 PTCV·
979 3771 1006 3827 ἐκ
1026 3776 1070 3827 τοῦ
1087 3777 1215 3845 προοιμίου
1227 3774 1386 3847 πιστούμενος
1404 3773 1431 3828 ίκ
1444 3773 1597 3845 περιχαρείας
1615 3770 1758 3843 ληφθέντος.

192 3848 234 3910 16,
250 3861 292 3913 17.
300 3841 355 3909 Τὴν
366 3843 523 3916 ύπάρχουσαν
532 3848 542 3913 ]
550 3843 628 3916 ἤγουν
637 3844 766 3917 ἡμετέραν.
779 3849 809 3902 Ρ.
979 3852 1103 3915 Καικίλιος
1114 3852 1140 3906 δέ
1154 3851 1377 3925 ἀντιλέγειπρῶτον
1390 3851 1461 3915 ἀξιῶν
1473 3853 1516 3906 τδν
1525 3856 1621 3924 πρῶτον
1630 3851 1760 3923 νομιζόμε-

186 3927 242 3986 16,
254 3939 299 3977 εο.
315 3921 436 3995 θηῦαῖοι]
450 3923 520 3976 Πολύ
530 3923 559 3976 τδ
573 3926 617 3990 τῆς
628 3924 779 3995 γοργότητος
789 3925 830 3977 διὰ
840 3927 870 3981 τδ
882 3930 936 3991 ταῖς
979 3950 1032 3985 νυν.
1048 3931 1083 3984 Τδ
1093 3931 1136 4003 μέν
1148 3928 1192 3984 ούν
1203 3931 1266 3985 κατὰ
1279 3932 1334 3995 τούς
1346 3931 1467 4002 ἄρχοντας
1479 3929 1505 3984 ἐν
1519 3930 1614 4001 ἱστορία
1624 3932 1703 3983 κεῖται
1715 3928 1756 3982 καί

155 3999 304 4067 ἆπανῐθῦεθῑ
316 4001 424 4071 melam
434 4003 541 4073 χρῆσθαί
555 4001 596 4054 καί
611 4002 743 4073 melate·
753 4005 827 4058 BHS·
978 4009 1037 4073 ἴσως
1045 4010 1089 4064 ούκ
1100 4010 1186 4082 ἀκριῦῆ
1200 4012 1243 4065 τόν
1251 4010 1359 4083 ἔλεγχον
1369 4010 1431 4082 έχει·
1446 4011 1474 4064 τδ
1482 4010 1508 4064 δέ
1521 4008 1621 4063 κατάτδ
1629 4009 1758 4079 προοίμιον

190 4077 233 4146 Μὴ
246 4078 324 4149 λίαν]
336 4080 469 4151 φοθοῦμαι,
487 4080 585 4142 ἐξωθεν.
603 4083 634 4136 Ρ.
978 4089 1022 4145 οῦκ
1038 4090 1152 4162 αὔταρκες
1166 4090 1198 4153 είς
1215 4089 1345 4153 ἀπόδειξιν.
1387 4088 1487 4161 Ἑτέραν
1500 4088 1549 4161 γάρ
1568 4087 1621 4159 ίχει
1640 4089 1759 4159 πρόφασιν

193 4164 234 4223 ιθ,
257 4175 300 4213 21.
321 4160 542 4233 Συνεισύαλοῦσιν]
563 4160 596 4222 ιὀς
618 4160 733 4234 πολέμιοι
757 4159 935 4218 εἰσελεύσονται
977 4168 1007 4223 τί)
1029 4171 1119 4242 νόημα.
1165 4168 1207 4231 Ἐξ
1225 4168 1304 4223 αύτῶν
1326 4170 1353 4224 δέ
1374 4175 1423 4223 τῶν
1442 4170 1611 4240 Δημοσθένους
1626 4166 1759 4238 ιύρίσκετσι

156 4234 189 4298 είς
202 4235 246 4302 τὴν
261 4238 344 4292 πόλιν.
357 4242 386 4292 P.
755 4282 763 4297 .
977 4256 1071 4321 πρῶτος
1088 4251 1131 4304 δι
1157 4248 1219 4304 ’ἀντὶ
1231 4250 1345 4303 πολλῶν·
1365 4270 1376 4299 ιι
1398 4248 1452 4302 ἐκεῖ
1460 4248 1509 4319 γάρ
1530 4248 1559 4300 τό
1577 4248 1697 4318 συμφέρον
1712 4248 1759 4317 μά·

193 4319 240 4379 16,
264 4316 309 4369 ²3·
333 4314 399 4369 ’ἀλλ’
419 4313 440 4371 ὦ
458 4320 524 4390 τᾶν]
543 4318 698 4391 ἀνθυποφῳά
718 4320 883 4392 στοχαστικὴ,
903 4325 934 4393 ἣν
977 4329 1050 4382 λιστα
1063 4329 1107 4396 τὴν
1120 4329 1237 4397 πλείστην
1252 4328 1357 4390 ἐξέτασιν
1369 4326 1479 4397 είληφεν,
1492 4326 1596 4380 ἐνταῦθα
1607 4325 1634 4379 δέ
1648 4324 1678 4378 τδ
1688 4326 1759 4378 δυνα-

155 4391 207 4444 λύει
221 4390 248 4445 ἐκ
266 4395 412 4464 τεκμηρίων.
434 4396 582 4453 ABHTCV.
602 4399 637 4451 Τδ
657 4399 684 4451 δέ
701 4395 723 4452 ὦ
742 4402 786 4453 ταῖν
807 4401 851 4456 δύο
871 4404 931 4475 μέρη
978 4407 1033 4474 τδν,
1047 4407 1124 4470 ούδείς
1136 4407 1162 4461 δέ
1175 4408 1229 4479 περί
1240 4411 1284 4460 τοῦ
1295 4408 1398 4458 δυνατοῦ
1413 4404 1553 4476 βουλεύεται
1566 4401 1599 4474 μὴ
1609 4405 1724 4474 πρότερον
1736 4402 1759 4457 εί

154 4470 232 4541 λόγου
244 4470 315 4538 είσίν,
327 4466 349 4525 ὦ
359 4473 401 4525 καί
410 4471 477 4540 ίτᾶν,
491 4476 505 4527 θ
517 4474 581 4529 ἐστιν
595 4474 714 4548 ὦέταῖρε.
725 4480 826 4532 B'PCV.
978 4488 1090 4557 συμφέρει
1104 4485 1237 4553 σκοπήσας.
1276 4485 1378 4539 Ἔπειτα
1397 4482 1543 4555 παρεΒηφεν
1558 4480 1583 4535 έν
1604 4486 1641 4552 τῷ
1655 4481 1758 4553 δευτέρην

190 4549 255 4621 Οὗλί
270 4549 432 4622 βουλθσῑῖαίί
451 4552 465 4605 θ
483 4554 607 4616 Φίλιππος
620 4556 745 4623 δηλονότι.
761 4559 792 4612 Ρ.
976 4564 1032 4618 τινὰ
1045 4565 1077 4627 ὡς
1089 4565 1292 4637 ὁμολογούμενα,
1305 4564 1365 4634 ὅπερ
1375 4562 1400 4616 ἐν
1413 4568 1449 4634 τῷ
1461 4565 1570 4633 προτέρην
1584 4559 1645 4632 μετὰ
1655 4559 1756 4614 πολλῶν

192 4635 235 4696 16,
250 4634 295 4693 κέ.
307 4627 361 4682 EM
373 4631 435 4702 νῦν]
449 4632 478 4684 τδ
487 4630 523 4702 ἐφ’
535 4631 599 4704 ἡμᾶς
612 4633 703 4687 ἐλθεῖν.
718 4639 748 4689 Ρ.
978 4642 1123 4705 ἀποδείξεων
1136 4643 1319 4707 κατεσκεύασεν,
1330 4638 1384 4695 οίον
1398 4640 1466 4704 εύθύς
1478 4641 1507 4694 τδ
1515 4640 1570 4712 περί
1582 4643 1626 4707 τῆς
1636 4646 1684 4694 τῶν
1696 4642 1758 4695 θεῶν

191 4707 267 4761 Ἤτοι
287 4708 327 4760 δτι
345 4706 453 4779 ἔρχομαι
471 4707 511 4762 ἐπί
525 4708 570 4776 τὴν
588 4709 705 4779 Ἀττικήν.
715 4712 775 4784 1’λρα
787 4714 829 4768 ἐάν
842 4718 934 4790 δυνηθῇ
979 4721 1071 4785 εύνοίας
1084 4721 1187 4775 ἐνταῦθα
1201 4721 1245 4793 μέν
1258 4723 1291 4784 ὡς
1304 4721 1504 4794 ὁμολογούμενον
1515 4719 1540 4776 έν
1552 4721 1672 4791 προοιμίῳ
1682 4721 1758 4773 τέθει-

155 4794 231 4840 ταῦτιι
247 4789 347 4854 ποιῆσαι
358 4786 387 4840 ού
400 4785 498 4856 πράξεις
513 4790 615 4843 BTCV.
638 4790 758 4859 Ζητητέον
771 4799 821 4857 πῶς
838 4794 864 4848 ίν
884 4799 935 4859 τοῖς
978 4819 1031 4862 κεν,
1049 4798 1103 4853 ἐκεῖ
1113 4800 1139 4853 δὲ
1157 4799 1205 4871 (p.
1229 4817 1279 4865 11,
1295 4804 1346 4870 29)
1360 4800 1454 4853 δίκαιον
1467 4795 1585 4869 λογιστλν
1601 4796 1705 4865 ίζήτησε
1717 4795 1759 4851 καί

154 4864 206 4918 ἀνω
218 4864 297 4917 διινδν
312 4862 385 4919 αύτδν
400 4863 474 4918 εἴκαθον
486 4864 528 4918 καί
543 4864 625 4920 εἰδότα
638 4866 776 4938 χρήσασθαι
793 4871 933 4942 πράγμασιν
977 4878 1072 4939 πολλὰς
1083 4877 1214 4941 ἀποδείξεις
1227 4877 1325 4950 ἐκόμισε
1338 4883 1382 4933 τοῦ
1393 4880 1537 4951 συμμάχους
1547 4875 1613 4930 είναι
1623 4876 1678 4938 τούς
1691 4877 1759 4939 θεούς

154 4942 257 4999 ίνταύθα
274 4945 357 5015 μωρδν
373 4943 503 4999 ἀποκαλεῖ.
541 4947 650 5018 Δέγομεν
663 4946 700 4998 θτι
714 4945 763 5001 ἀπδ
774 4949 869 5016 πολλῆς
882 4950 934 5004 ἐπι·
978 4958 1104 5029 ιῇπόλει.
1143 4957 1271 5027 Πρόδηλον
1285 4951 1329 5010 ούν
1341 4958 1379 5011 ότι
1392 4957 1433 5010 διὰ
1444 4961 1517 5010 τοῦτο
1531 4959 1574 5009 νῦν
1586 4954 1615 5011 ού
1628 4953 1757 5007 κατεσκεύ·

155 5023 239 5092 θυμίας
249 5026 293 5076 τοῦ
307 5022 436 5094 βούλεσθαι
447 5022 520 5078 αύτδν
536 5023 575 5078 ἐπὶ
586 5023 630 5089 τὴν
649 5023 757 5091 Ἀττικὴν
773 5024 855 5081 ἐλθεῖν
869 5038 935 5085 ποιεῖ
977 5054 1035 5089 ασεν
1052 5036 1091 5088 δτι
1103 5031 1134 5102 ἦν
1148 5034 1173 5089 ἐν
1188 5034 1272 5107 ἐκείνῳ
1284 5037 1399 5106 πρότερον
1410 5034 1545 5096 ἀποδείξας.
1583 5031 1758 5104 ίίεφάλαιονδί

155 5101 227 5154 αύτδν
245 5100 424 5174 μὴδυνάμενον
441 5102 527 5158 έσυτοῦ
547 5106 691 5175 κατασχεῖν,
707 5103 773 5157 ἀλλά
793 5105 837 5173 τὴν
853 5107 934 5163 ἐπιθυ·
978 5112 1004 5167 ἐν
1018 5120 1053 5185 τῷ
1065 5113 1135 5185 λόγῳ
1144 5112 1327 5184 προηγούμενον
1342 5112 1382 5165 καί
1396 5113 1472 5184 μόνον
1481 5111 1532 5165 ἐστί
1543 5111 1572 5164 εδ
1584 5110 1698 5175 δυναεδν,
1713 5130 1757 5163 κα-

156 5181 213 5251 μίαν
228 5180 360 5239 ἐκλέγοντα
372 5183 491 5237 τελειοῦν.
505 5185 673 5237 BHRSTCV.
978 5190 1083 5260 θαίρεσιν
1096 5190 1155 5261 ἔχον
1169 5195 1212 5243 τοῦ
1225 5191 1359 5244 Φιλίππου.
1397 5190 1489 5243 Τούτου
1503 5189 1530 5242 δέ
1551 5189 1613 5243 κατά
1628 5189 1757 5260 σύμπαντα

167 5302 172 5307 .
192 5265 241 5324 16,
256 5260 300 5315 25.
325 5260 459 5336 Ἐγκαλεῖ]
474 5263 530 5317 ἀντί
543 5266 585 5318 τοῦ
597 5263 704 5319 ἀπειλεῖ.
723 5266 753 5318 Β.
979 5269 1021 5322 τδν
1035 5269 1113 5342 λόγον
1131 5268 1302 5343 έξετκξομένου
1315 5272 1380 5343 τρεῖς
1393 5269 1433 5325 ἀπ)
1449 5270 1524 5325 αύτυύ
1542 5271 1695 5325 πεπτώκασιν
1714 5266 1757 5319 ἀν·
