3967 5967
853 426 1112 512 renouauit]

161 575 191 631 in
204 593 249 632 or.
264 572 300 632 de
314 567 424 630 caronis
434 569 589 645 heridateS
604 570 796 646 integrantur,
809 571 938 648 adquam

161 663 257 719 locum
269 680 297 719 ι.
312 659 492 716 Sehoemann.

528 749 574 807 δυ.

204 850 413 923 Harpocratio:
434 842 678 923 ΙΠοιρηγγύησεν
692 844 736 902 καὶ
750 867 938 925 παρεγγυη-

163 934 283 1000 θέντος·
297 934 393 1001 Ἰσαῖος
409 935 435 990 lu
448 937 481 1011 τῇ
495 933 560 1012 πρὸς
572 931 703 1009 Διοφάνην
719 936 860 1012 ἐπιτροπῆς
873 934 939 990 dno·

161 1019 236 1100 λογύφ
260 1018 338 1100 φησύ·
359 1045 371 1071 ι
393 1018 423 1075 τδ
438 1018 486 1094 μὲν
509 1018 592 1098 παρὸν
609 1018 848 1098 (παρὼνῖὃαιιφ.)
868 1019 897 1077 τὸ
911 1018 938 1077 δὲ

163 1109 253 1184 «παρ’
273 1105 366 1184 ἑτέρων
387 1104 544 1180 μιταλαύεῖν
560 1103 755 1184 παρηγγύησεν,
778 1131 790 1157 ν
813 1105 872 1164 ἀντὶ
893 1110 939 1164 τοῦ

162 1193 312 1270 παρέδωκεν
335 1192 511 1270 ἐντειλάμενος
527 1191 656 1272 ἑκατέρῳ,
673 1196 710 1271 τῷ
731 1191 779 1269 μὲν
792 1192 881 1250 λαθεῖν
901 1194 939 1273 τῷ

163 1277 190 1336 dd
209 1279 306 1339 δοῦναι.
326 1279 378 1338 Καὶ
390 1279 467 1336 παλιν
482 1278 561 1356 φησί·
581 1302 592 1331 ι
608 1277 641 1335 τὰ
657 1277 703 1354 μὲν
718 1280 781 1355 ἐμοῦ
800 1277 940 1338 διαλύσαν-

164 1391 177 1416 ι
188 1388 242 1438 τος,
256 1365 279 1442 β’
291 1364 407 1423 τάλαντα
417 1363 461 1422 καλ
471 1362 495 1422 λ’
509 1370 586 1439 μνᾶς,
601 1363 634 1421 τὰ
648 1364 675 1422 δὲ
685 1370 729 1423 τοῦ
742 1370 857 1445 γεωργοῦ
871 1389 938 1445 παρ·

164 1478 177 1502 ι
192 1452 374 1529 εγγυηθύντος,
390 1479 401 1502 ν
413 1449 470 1509 ἀντὶ
481 1456 526 1509 τοῦ
536 1451 744 1529 παραλαόόντος.

525 1547 574 1607 31.

203 1642 280 1700 Idem
295 1662 304 1703 ι
320 1639 412 1720 Ἱερδι
424 1641 509 1707 ὁδός·
522 1641 619 1709 Ἰσαῖος
633 1643 659 1702 ἓν
673 1667 706 1723 τη
726 1642 790 1722 πρὸς
807 1644 938 1722 Διοφάνην

164 1727 301 1808 ἆπολογύφ.
327 1726 397 1810 Ἱερὰ
418 1727 475 1795 ὁδός
490 1729 558 1786 ἐστιν
579 1730 611 1800 ἣν
625 1731 648 1788 οἱ
670 1731 766 1807 μύσται
787 1730 940 1809 πορεύονται

164 1813 217 1871 terh
229 1822 273 1873 τοῦ
285 1816 374 1880 ἄστεος
382 1817 423 1872 ἐπ’
439 1814 589 1876 Ἐλευσῖνα.
605 1815 712 1875 Βιύλίον
725 1807 769 1875 σύν
783 1819 841 1877 όλον
856 1818 937 1876 Πολύ·

166 1924 233 1978 μωνι
253 1901 398 1979 γέγραπται
417 1901 477 1981 περὶ
491 1905 537 1971 τῆς
557 1903 628 1981 ἱερᾶς
645 1904 713 1965 ὁδοῦ.
729 1905 893 1979 Μνημονεύει
916 1905 938 1962 δ’

163 1990 242 2060 αὐτῆς
258 1991 383 2068 Κρατῖνος
396 1989 423 2045 ἐν
434 1987 603 2065 Δραπέτισιν.

120 2181 132 2204 ⁹
240 2119 290 2178 XI.
316 2118 419 2177 ΠΡΟΣ
437 2119 643 2179 ΔΩΡΟΘΕΟΝ
665 2119 852 2181 ΕΞΟΥΛΗΣ.

525 2214 573 2272 3ο.

202 2307 302 2364 Suidas
324 2326 331 2361 t
357 2305 616 2386 Ὃμοῦ,ἐγγύς....
634 2306 688 2366 Καὶ
712 2306 881 2381 Δημοσθένης
901 2310 939 2387 τῷ

164 2396 229 2469 ipat
248 2393 306 2450 ἀντὶ
321 2397 366 2450 τοῦ
385 2392 458 2470 ύγγδς
472 2393 598 2471 κέχρηται
613 2395 638 2450 ἓν
649 2397 687 2470 τῷ
701 2395 768 2452 κατὰ
783 2394 938 2473 ’λριστογιύι

163 2503 266 2546 resecr
280 2479 343 2537 εἰσὶν
355 2483 419 2556 ὁμοῦ
435 2482 567 2560 δισμύριαι
573 2479 688 2560 χιλιάδες
702 2480 839 2549 Ἀθηναίων
853 2482 936 2555 (δισμ.

163 2569 257 2634 πάντες
267 2568 395 2639 Ἀθηναῖοι
406 2572 487 2629 Deru.
501 2581 529 2626 et
541 2572 623 2626 Phot.
632 2571 652 2644 l.
667 2564 678 2620 ν
690 2567 774 2629 Ἔνθα
786 2569 837 2647 γὰρ
849 2571 939 2648 βούλε-

163 2679 206 2713 ται
221 2657 326 2726 δηλοῦν,
341 2654 381 2713 ότι
395 2654 470 2732 ἐγγύς
482 2659 533 2713 τῶν
548 2657 689 2734 δισμυρίων
704 2657 779 2732 εἰσίν,
791 2659 846 2717 ἐπεὶ
858 2662 898 2716 ὅτι
909 2681 939 2736 γι

163 2745 209 2801 οὐκ
228 2734 294 2813 ἦσαν
314 2742 444 2821 δισμύριοι
461 2742 580 2820 φανερόν.
596 2743 692 2809 Ἰσαῖος
712 2744 738 2802 dl
760 2743 790 2801 τὸ
810 2747 875 2819 ὁμοῦ
892 2745 936 2803 ἐπὶ

162 2831 254 2909 χρόνου
269 2829 357 2897 ἔταξεν
369 2833 395 2888 ἐν
409 2833 447 2907 τῷ
461 2830 523 2907 πρὸς
539 2830 683 2908 Δωρόθεον·
698 2859 709 2884 ι
724 2836 748 2897 ἐς
758 2839 879 2891 τοσοῦτον
890 2857 938 2892 πο·

162 2916 251 2994 νηρύας
260 2920 323 2990 ὁμσῦ
335 2916 380 2973 καλ
389 2916 487 2993 τόλμης
497 2917 603 2987 ἐλήλυθε
615 2949 638 2992 υ,
650 2919 695 2977 καὶ
705 2921 731 2976 ἐν
743 2924 781 3000 τῷ
790 2921 853 2998 πρὸς
867 2923 939 2980 Καλ·

162 3002 297 3078 λικράτην·
307 3028 319 3054 ι
331 3003 361 3059 ού
374 3002 426 3078 μὴν
442 3002 509 3060 ἀλλὰ
519 3003 610 3061 τούτου
619 3004 706 3063 πάντα
716 3009 780 3082 δμοῦ
791 3012 872 3064 ταῦτα
882 3009 938 3065 ἐπι-

162 3087 293 3154 τάξαντος.
303 3113 315 3139 »
325 3088 424 3156 Λυσίας
435 3089 462 3147 δὲ
474 3089 517 3148 ἐπὶ
525 3092 606 3150 τόπου
614 3097 688 3151 τοῦτο
700 3091 788 3160 ἔταξεν
799 3096 824 3151 ἐν
834 3099 866 3172 τῇ
877 3095 939 3175 πρὸς

162 3176 325 3254 Μετάνειραν
339 3178 477 3255 ἐπιστολῇ·
493 3206 503 3228 ι
518 3184 646 3257 γυναικῶν
663 3180 690 3238 δὲ
705 3183 810 3240 πολλῶν
824 3183 869 3240 καὶ
889 3186 938 3240 αἰν·

162 3264 228 3339 δρῶν
241 3265 306 3339 δμσῦ
319 3265 524 3342 κατακειμένων.
538 3270 580 3327 cf.
597 3269 718 3328 Photius
731 3275 799 3328 Lex.
813 3291 844 3346 p.
862 3271 936 3346 334,

166 3352 325 3423 163sch01.
341 3354 452 3414 Platon.
465 3375 495 3430 p.
511 3355 567 3412 380
579 3358 668 3413 Beklr.

526 3452 571 3508 33.

200 3541 277 3597 Idem
293 3563 299 3598 :
316 3540 523 3615 Ἐπιτήθηὴ
541 3548 587 3616 τῆς
599 3543 679 3616 τήθης
697 3545 798 3625 Adita,
812 3544 879 3604 ὥστε
898 3550 935 3604 εἰ-

527 3712 566 3756 30.

190 3782 358 3842 Ηαρηγγύησεν
367 3785 391 3833 et
409 3785 620 3847 παρεγγυηθέντος,
634 3786 709 3834 isaeus
722 3784 746 3832 in
763 3784 844 3833 totelae
855 3783 935 3832 delen-

159 3852 225 3900 sione
238 3854 354 3901 adversus
374 3854 521 3915 Diophanem
537 3854 595 3903 dicit
615 3870 621 3903 ε
643 3872 655 3897 α
678 3858 734 3904 l‘ars
749 3860 836 3915 prasio
855 3854 936 3903 aderat

161 3924 283 3987 (παρῆν),
297 3925 388 3986 partem
399 3938 454 3974 raro
466 3926 496 3973 ab
505 3925 557 3973 aliis
565 3926 671 3986 accipere
686 3924 885 3987 prescriptionem
896 3923 935 3972 de·

160 3995 211 4054 dit,
225 4017 237 4040 ι
252 3998 276 4047 id
290 4003 328 4047 est
336 3998 433 4047 tradidit
451 3999 590 4060 praecipiens
605 3999 672 4049 alteri
691 4002 717 4047 ut
729 4000 857 4060 acciperet,
869 3997 936 4046 alteri

159 4070 188 4116 ut
196 4067 261 4118 daret
272 4082 334 4118 eam.
348 4072 379 4119 Et
392 4070 478 4118 iterum
490 4071 589 4118 dictita
604 4074 697 4119 Partem
709 4083 748 4118 me
760 4069 877 4128 solvente,
887 4068 936 4116 duo

160 4137 247 4187 talanta
259 4142 284 4189 et
295 4139 391 4201 triginta
402 4141 490 4201 minus,
502 4143 591 4202 partem
602 4140 685 4189 colono
694 4139 832 4201 accipiente.
845 4156 857 4180 ν

545 4222 583 4267 31.

189 4294 260 4341 saera
274 4293 327 4353 rie,
339 4292 407 4354 carius
416 4296 492 4343 isaeus
506 4294 530 4342 iu
546 4294 681 4342 detonsione
692 4297 773 4341 contra
788 4291 935 4353 Diophanem

159 4363 279 4420 meminit,
288 4374 315 4410 ea
325 4368 362 4412 est
370 4376 419 4424 qua
431 4367 516 4425 mystae
528 4364 627 4412 Athenis
638 4363 771 4413 Eleusinem
784 4363 935 4423 proticiscen-

159 4432 206 4478 tur.
219 4430 314 4478 Polemo
328 4431 445 4488 toronum
457 4433 568 4481 volumen
578 4431 608 4480 de
618 4433 655 4479 via
669 4435 741 4482 sacra
753 4432 855 4494 scripsIt.
871 4434 936 4481 hieu·

160 4501 195 4551 tin
203 4503 254 4564 ejus
264 4503 291 4553 sit
301 4505 364 4566 apud
375 4506 498 4556 cratinum
512 4507 535 4555 in
546 4506 668 4568 Fugitiuis.

269 4621 313 4669 Xl.
329 4622 487 4673 ADVERSUS
502 4621 696 4672 oenomaum
711 4621 754 4669 DE
769 4622 811 4669 vt.

190 4787 360 4839 θεανοιθιοοεε
371 4802 466 4852 quoque
480 4791 539 4853 ὁμοῦ
551 4803 608 4839 roca
618 4790 649 4838 ita
660 4803 719 4839 usos
727 4793 765 4839 est
776 4791 804 4839 ut
820 4788 936 4850 significet

157 4857 353 4918 proponodom,
368 4859 391 4907 in
406 4859 512 4908 oratione
523 4862 606 4907 contra
618 4859 801 4922 Aristogitonem
818 4858 851 4921 (§
865 4865 891 4907 51
905 4860 913 4917 )
928 4877 933 4906 :

160 4940 173 4965 ι
185 4927 246 4974 Sunt
264 4929 346 4977 autem
366 4929 523 4980 Athenienses
543 4929 644 4979 universi
669 4929 841 4993 propemodum
862 4928 935 4977 vicies

159 4992 232 5043 inille.
246 5017 258 5036 ι
274 4997 324 5046 iilic
335 4999 398 5047 enim
410 5003 489 5048 orator
502 4998 634 5059 significare
647 5000 711 5058 ruli,
725 5000 878 5050 Athenienses
889 5011 934 5046 nu·

159 5072 224 5139 nuere
237 5064 299 5113 haue
312 5068 417 5116 molium
431 5081 445 5116 a
463 5069 535 5118 vicies
546 5069 611 5118 mitte
621 5070 712 5118 abesse.
730 5072 782 5119 lton
794 5069 858 5117 enim
873 5070 936 5130 ipsos

159 5130 231 5180 vicies
243 5135 308 5184 mille
322 5137 394 5187 tuiue
404 5139 557 5188 manitestuoa
573 5141 617 5210 est.
635 5143 712 5189 issem
722 5153 780 5189 aero
793 5141 817 5188 in
829 5141 935 5189 oratione

159 5196 274 5254 Adversus
287 5208 438 5258 Dorotheum
449 5211 509 5259 θοοῦ
522 5209 553 5261 de
566 5210 763 5273 temporeneas:
777 5229 786 5254 ι
800 5214 835 5260 Fon
846 5211 934 5273 impro-

1698 461 1755 513 ata

982 594 1024 630 ναι
1038 571 1085 643 τὴν
1108 569 1155 647 μδν
1169 569 1250 644 elisur
1264 570 1360 649 μητρδς
1374 569 1392 642 ἢ
1411 570 1509 652 πατρὸς
1523 569 1648 652 μητέρα,
1667 572 1716 644 τὴν
1729 571 1757 632 δδ

983 656 1109 729 ἰπιτήθην
1128 661 1174 728 τῆς
1191 663 1237 717 τοῦ
1259 658 1385 737 πατρδςῆ
1400 663 1446 729 τῆς
1468 659 1565 737 μητρδς
1586 661 1683 739 μητρδς
1701 684 1758 737 μη-

982 744 1054 825 τέρα.
1067 743 1159 811 Οὕτως
1176 744 1268 812 Ἰσαῖος
1282 746 1309 803 όν
1325 750 1361 826 τῷ
1375 745 1437 824 πρὸς
1449 746 1589 824 Δωρόθεον.
1603 748 1645 806 Cf.
1662 752 1754 824 Etym.

982 836 1022 889 Μ.
1039 853 1069 908 p.
1087 833 1223 907 366,11.
1377 837 1384 852 '

1023 945 1035 968 r
1046 923 1087 976 De
1101 922 1210 986 radone
1223 921 1380 990 actionum,
1392 940 1453 994 quae
1466 932 1555 977 essent
1564 922 1686 996 primum
1697 925 1759 980 luor-

982 1004 1039 1064 κύου
1051 1019 1079 1064 et
1091 1011 1211 1085 καρποῦ,
1223 1008 1324 1065 deinde
1334 1008 1436 1085 cristae,
1447 1010 1570 1082 denique
1584 1006 1698 1080 ἐξούλης,
1710 1029 1758 1067 ac·

983 1098 1154 1152 curatissime
1178 1098 1208 1150 in
1229 1098 1289 1151 isaei
1311 1098 1438 1152 oratioue
1462 1107 1560 1152 contm
1581 1098 1758 1152 Dorotheum

984 1186 1141 1258 expositum
1158 1184 1240 1239 luisse
1252 1186 1440 1257 Harpocratio
1452 1195 1568 1240 testatur
1578 1203 1609 1257 p.
1625 1191 1690 1252 ria,
1707 1184 1755 1243 ού.

982 1273 1025 1328 CI.
1041 1274 1101 1327 Isaei
1116 1273 1169 1346 seg.
1185 1292 1228 1329 or.
1240 1272 1347 1328 XLIII.
1363 1271 1448 1344 Quod
1461 1273 1646 1346 Harpocratio
1657 1291 1688 1345 p.
1704 1271 1756 1341 75,

984 1376 1021 1412 ao
1038 1360 1122 1415 tradit
1140 1362 1238 1414 Isaenm
1252 1360 1409 1414 luculenter
1422 1361 1581 1433 exposuisse
1596 1360 1631 1415 de
1648 1360 1759 1414 actione

983 1442 1087 1514 ἐξούλης
1101 1447 1151 1520 (cf.
1160 1449 1249 1518 Lysiae
1260 1446 1312 1519 srg.
1326 1445 1398 1522 uta)
1408 1447 1499 1502 arrtad
1509 1447 1580 1503 hanc
1599 1449 1758 1502 orationem

982 1535 1105 1607 pertinet
1119 1544 1167 1588 aut
1178 1532 1214 1588 ad
1228 1535 1385 1588 orationem
1395 1534 1531 1607 Calydoni
1541 1545 1637 1590 contra
1646 1537 1759 1609 Hagno·

983 1620 1078 1675 iheum
1092 1622 1236 1694 scriptam.
1252 1643 1264 1670 ι
1281 1620 1427 1678 Sauamus.

1014 1740 1084 1803 XII.
1106 1736 1194 1799 AAT’
1211 1738 1441 1886 Efflffiff
1464 1737 1530 1797 KAt
1551 1739 1729 1797 Antiooh-

1023 1946 1034 1972 ι
1049 1920 1187 1994 Conjiclo,
1206 1922 1373 1994 inquilinum
1384 1920 1486 1989 ἰσοτελῆ
1498 1921 1576 1976 urbis
1585 1922 1758 1977 Athenarum

982 2006 1018 2061 ab
1041 2009 1181 2082 Elpagora
1201 2018 1229 2063 et
1247 2009 1429 2081 Demophane
1450 2007 1581 2080 injuriam
1601 2011 1756 2084 accepisse,

983 2112 1066 2166 quarn
1081 2096 1134 2150 hac
1149 2096 1278 2150 oratione
1290 2097 1457 2170 propulsare
1472 2097 1565 2155 uellet.
1580 2099 1700 2153 hiaxime
1713 2099 1758 2151 νί-

982 2179 1067 2235 detur
1080 2180 1116 2237 de
1129 2199 1197 2255 agro
1207 2181 1303 2254 aliquo
1314 2182 1459 2256 publicato
1473 2193 1501 2237 et
1515 2181 1550 2237 ab
1560 2182 1698 2255 inquilino
1709 2183 1757 2236 illo

982 2278 1058 2321 emto
1072 2278 1165 2322 aetum
1183 2285 1250 2330 esse.
1265 2293 1278 2319 a
1294 2267 1441 2325 Suoaaws.

1022 2461 1209 2534 Harpocratio
1224 2478 1231 2515 ι
1245 2456 1404 2517 Σύνδικοι
1414 2502 1422 2519 .
1433 2457 1563 2522 Ἰσαῖοςέν
1576 2458 1614 2534 τῷ
1626 2455 1684 2514 κατ’
1696 2455 1759 2516 Ἐλ-
1775 2497 1779 2502 ε

981 2544 1097 2623 παγόρου
1108 2545 1154 2603 καὶ
1167 2543 1337 2624 Δημοφάνους
1352 2544 1446 2623 φησίν·
1458 2570 1471 2597 r
1485 2542 1510 2602 ol
1524 2543 1591 2621 μετὰ
1604 2543 1637 2601 τδι
1650 2547 1680 2603 ἐκ
1694 2545 1758 2601 Πει·

983 2657 996 2681 r
1012 2636 1106 2708 φαιῶς,
1121 2635 1156 2697 ὡς
1173 2634 1224 2709 ἐγὼ
1244 2629 1347 2704 ἀκούω,
1363 2632 1476 2691 σύνδικοι
1489 2624 1568 2705 ἦσαν,
1586 2632 1650 2710 πρδς
1665 2630 1707 2698 οῦς
1724 2630 1759 2690 τὰ

984 2744 995 2770 ι
1008 2719 1172 2796 δημευόμενα
1181 2718 1334 2799 ἀπεφέρετο.
1348 2723 1475 2778 »Eadem
1489 2721 1581 2795 Erym.
1594 2724 1633 2778 Μ.
1649 2739 1678 2795 p.
1691 2721 1758 2793 734,

984 2806 1033 2879 57.
1048 2809 1090 2867 ei.
1105 2811 1194 2883 Lysiae
1205 2809 1260 2884 fag.
1274 2810 1323 2880 67.

1023 2998 1102 3054 Idem
1117 3015 1124 3056 τ
1140 2994 1438 3074 Ἅλουργοπωλικὴ
1452 2998 1469 3066 ἡ
1484 2994 1703 3075 πορφυροπιυλικὴ
1715 2999 1758 3077 ὑφ’

983 3087 1057 3158 ἡμῶν
1076 3082 1218 3158 λεγομένη·
1239 3082 1335 3149 Ἰσαῖος
1357 3084 1384 3140 ἐν
1402 3086 1439 3162 τῷ
1458 3086 1516 3140 κατ’
1534 3080 1699 3162 Ἐλπαγόρου
1713 3083 1758 3141 καλ

982 3171 1164 3250 Δημοφάνους.
1182 3172 1225 3230 Cf.
1242 3173 1328 3229 Belrlr.
1340 3175 1393 3231 An.
1404 3193 1436 3248 p.
1455 3172 1527 3247 379,
1542 3171 1590 3229 25.

1021 3373 1101 3428 Idem
1119 3390 1127 3430 ε
1148 3370 1178 3429 'A
1190 3368 1355 3448 ραφήνιος·
1371 3369 1464 3434 Ἰσαῖος
1478 3370 1504 3427 ἐν
1524 3370 1562 3446 τῷ
1580 3367 1640 3427 κατ’
1651 3367 1756 3428 Ἐλπα-

981 3455 1059 3602 γόρου
1074 3456 1119 3515 καὶ
1130 3456 1312 3537 Δημοφύνυυς.
1325 3455 1414 3534 Δῆμός
1434 3457 1489 3514 ἐστι
1505 3455 1586 3535 φυλῆς
1600 3459 1647 3522 τῆς
1662 3454 1757 3532 Alunt-

997 3568 1031 3612 ος.

979 3707 1059 3755 bitatis
1071 3706 1142 3755 simui
1154 3711 1179 3754 et
1194 3704 1299 3755 audacia
1311 3717 1447 3768 progressus
1460 3707 1506 3754 est.
1522 3723 1535 3748 ν
1559 3707 1589 3755 itt
1609 3706 1632 3753 in
1651 3705 1757 3754 oratione

979 3776 1096 3826 adversus
1119 3776 1269 3825 Callicratem
1290 3793 1296 3825 a
1319 3794 1332 3819 r
1358 3778 1529 3825 Verumtamen
1553 3788 1628 3836 nunni
1648 3776 1691 3824 iste
1704 3775 1756 3824 haec

982 3850 1141 3899 omniasirnut
1150 3851 1296 3912 imperasset.
1317 3867 1330 3893 ν
1344 3849 1427 3911 Lysias
1437 3862 1495 3900 rere
1511 3850 1534 3898 in
1548 3850 1652 3911 Epistola
1663 3849 1692 3898 ari
1704 3851 1756 3899 iis·

978 3921 1081 3969 taniram
1096 3922 1156 3982 ὁμοῦ
1169 3921 1247 3983 poenit
1258 3920 1289 3969 ds
1305 3919 1389 3968 eodem
1405 3921 1457 3969 loeo
1477 3938 1483 3968 ι
1500 3937 1512 3963 ι
1525 3920 1663 3970 Melioribus
1673 3922 1755 3970 autem

979 3990 1061 4040 multis
1074 3996 1100 4040 et
1111 3990 1167 4040 ririn
1178 3990 1249 4040 umal
1259 3989 1471 4040 discumbentibus.
1483 4009 1496 4034 a

1010 4139 1133 4199 Ἑπιιήθη,
1145 4139 1207 4188 ariao
1227 4143 1314 4197 nutem
1328 4139 1386 4196 τήθη
1404 4139 1467 4189 enim
1483 4139 1565 4187 rnairis
1578 4143 1616 4188 est
1631 4136 1669 4187 rei
1684 4136 1756 4200 patris

979 4213 1069 4272 mater;
1093 4211 1190 4267 ἐπιτήθη
1207 4213 1287 4259 antem
1313 4212 1389 4259 mater
1404 4209 1456 4270 ejus
1466 4222 1520 4269 quae
1537 4213 1574 4257 est
1590 4214 1664 4257 muter
1683 4209 1756 4270 patris

980 4279 1017 4329 rei
1029 4280 1124 4328 matris:
1133 4279 1173 4326 Sic
1183 4281 1256 4327 haene
1268 4279 1291 4326 in
1302 4278 1408 4327 oratione
1418 4282 1501 4328 eontra
1512 4278 1668 4327 Dorotheum.

1017 4378 1072 4425 xit.
1089 4376 1214 4426 contus
1230 4375 1419 4423 theudonem
1436 4375 1475 4423 ΕΤ
1491 4374 1714 4424 eahoaflshuu.

1346 4452 1376 4497 at

1011 4521 1115 4570 Σύνδικοι
1128 4519 1206 4566 isaeus
1219 4514 1326 4564 oratione
1337 4518 1418 4564 contra
1432 4517 1569 4578 Eipagoreru
1582 4520 1606 4565 et
1617 4515 1753 4577 Demopho-

978 4603 1033 4638 ῃηη
1051 4608 1083 4638 :a
1096 4586 1205 4649 syndici,
1218 4585 1302 4645 audio,
1322 4590 1375 4646 post
1390 4585 1492 4634 reditum
1509 4599 1523 4634 e
1539 4589 1635 4646 i‘yraeeo
1647 4586 1712 4633 tuero
1723 4585 1754 4633 sd

978 4671 1039 4720 quos
1052 4669 1129 4707 eausae
1143 4657 1173 4706 ele
1182 4656 1249 4704 bonis
1260 4653 1348 4703 ciuium
1360 4654 1486 4717 puhiieahs
1499 4654 1669 4704 reserebantur.
1681 4670 1694 4696 ι

1008 4795 1218 4861 Ἆλουργοπωλική,
1233 4807 1272 4843 ars
1283 4807 1355 4857 qnam
1369 4795 1480 4846 exercent
1498 4793 1672 4856 purpurante
1686 4791 1755 4842 nohis

978 4868 1170 4933 πορρυροπωλικη
1184 4864 1256 4913 dicta.
1269 4867 1345 4915 lsoeus
1355 4865 1379 4914 ln
1395 4865 1501 4914 oratioue
1515 4867 1601 4924 contra
1614 4863 1754 4924 Elpagoram

978 4945 1003 4989 et
1016 4940 1204 5002 Demophanem.

1009 5069 1147 5132 Apauortene,
1158 5067 1330 5131 Araphensrn.
1346 5003 1424 5115 Idaeus
1435 5065 1459 5113 in
1470 5063 1577 5113 oratione
1590 5063 1673 5112 contra
1682 5060 1754 5121 iiipa-

978 5152 1060 5200 goram
1080 5141 1104 5189 et
1122 5137 1311 5200 Demophanem.
1334 5138 1411 5197 aanor
1430 5136 1466 5184 cst
1487 5132 1627 5196 (Araphen)
1651 5130 1754 5193 AEtgeidis
1843 5182 1849 5191 ,

978 5209 1062 5260 tribus.
