3967 5967
230 455 289 505 ονε)
777 444 918 506 ΣΧΟΔΙΑ
940 444 1296 519 mmmmm.

226 573 342 646 ῥημάτων
356 574 443 639 αθτολνς
456 575 545 630 κωλόει
565 576 682 647 χρήματα
695 575 840 647 λαμόάεειν.
876 575 964 648 Ιλγόιρ
979 577 1010 629 δν
1028 616 1030 621 -
1054 575 1192 639 πλουσίους
1230 575 1366 648 Προδιίλυις
1384 575 1411 630 δὲ
1424 565 1529 631 ίνταῖνθα
1544 578 1691 649 μετάστασιν
1704 580 1749 646 τίς
1764 577 1839 635 πολι-

227 656 296 710 αθιοί
307 657 424 718 παθόντες
439 655 545 722 ἠξίωσαν
558 656 615 717 τοὶις
630 655 757 718 δικαστθις,
775 654 809 726 μὴ
823 656 955 727 προδσθναι
965 656 1009 710 τόν
1053 658 1118 720 τείας
1131 658 1173 711 καί
1193 656 1342 728 ὀλιγαρχίαν
1358 655 1501 712 αἰνίττεται.
1538 657 1569 710 Εἰ
1586 657 1634 729 γθιρ
1652 665 1702 712 τῶν
1723 658 1783 713 ίσονν
1808 659 1839 713 οό

228 736 328 808 ἀγῶνα,
350 737 467 804 δηλονότι
481 735 522 789 καί
536 741 593 801 νῦν,
609 738 638 790 ἀν
652 735 717 790 οθτω
730 737 872 791 διατεθῶσιν
887 736 920 799 ῶς
940 735 1011 790 αθτολ
1054 738 1150 808 μίτεστι
1162 738 1216 799 τοῖς
1228 738 1314 805 πίνησι
1326 736 1712 807 αρόςτοόςπλουσίονς,είάλλο
1725 739 1741 806 ἢ
1754 738 1839 813 τάτῆγ

227 816 389 879 πεπονθότες,
401 814 429 867 σθ
443 815 563 885 λήψονται
576 814 703 885 χρήματα.
1053 813 1217 885 δημοκρατίας
1227 812 1340 884 οίχιται;

261 894 322 957 550,
335 910 359 962 7.
386 891 455 964 Ἐγὼ
474 893 522 964 γάρ
537 893 662 965 ἔνηνοχῶς
681 894 815 967 χαλεπῶς]
831 894 973 967 Ἀναγκαῖος
995 894 1010 948 ό
1089 897 1151 959 551,
1164 910 1207 947 ει.
1224 891 1299 947 ’λλλά
1310 892 1352 946 καί
1369 896 1455 965 χρόνοι
1472 892 1566 953 τούτοις
1578 896 1622 945 τοῦ
1633 889 1678 958 τὴν
1693 894 1764 961 δίκην
1778 893 1838 948 ίτιο·

225 972 351 1045 οίκτισμδς
360 974 401 1026 καί
413 972 429 1040 ίγ
440 974 549 1036 δείνιινσις
561 980 609 1028 τῶν
618 977 711 1029 παθῶν·
723 974 937 1048 ἀξιοῖγάραθτοὶις
945 975 1010 1028 σίτου
1052 976 1143 1045 σχεῖν]
1158 972 1254 1045 Ὥσπερ
1267 973 1412 1028 ἀντιπῖπτον
1421 974 1475 1027 λθει
1486 975 1539 1037 ότι,
1551 974 1597 1027 κάν
1611 973 1698 1047 ίόρίοη
1711 994 1746 1036 τις
1759 973 1836 1045 ίγμιὶς,

226 1054 366 1120 διατεθῆναι
378 1054 410 1116 ῶς
426 1054 512 1115 αθτσίνς
531 1057 690 1118 πεπονθότας.
731 1056 785 1118 Πιῖις
803 1057 826 1108 δ’
850 1057 878 1109 ἀν
899 1057 1011 1126 γίνοιντο
1052 1051 1077 1117 ίξ
1087 1054 1161 1122 αυλτῆς
1174 1055 1377 1126 κατηγορησομιν
1391 1055 1432 1107 καλ
1444 1055 1515 1122 δίκην
1529 1054 1666 1126 ληψόμεθα.
1708 1052 1739 1108 '0
1753 1055 1835 1126 δίρη·

225 1135 381 1203 περιπαθεῖς,
403 1132 437 1204 μὴ
451 1134 551 1189 πολλῶν
567 1132 679 1189 ἐλεεινῶν
694 1135 736 1188 καί
747 1135 952 1206 θπιρόαλλόντενν
966 1133 1009 1186 οιί-
1052 1153 1090 1187 σιν
1102 1136 1141 1187 ότι
1154 1132 1279 1196 ἀναόολός
1291 1133 1475 1205 καλίπιρθίσεις
1489 1133 1654 1205 είιρίσκουσιν,
1670 1135 1703 1197 ῶς
1720 1136 1749 1187 ἀν
1760 1134 1835 1201 συνῆ·

226 1215 278 1275 τοῖς
289 1219 370 1266 κακῶν
389 1211 599 1283 θεοδιιχθίντοινς
1053 1214 1105 1267 θεια
1119 1216 1218 1285 γίνηται
1232 1217 1276 1268 τοῦ
1300 1212 1460 1285 ἀδικήματος.
1498 1215 1569 1284 Λίγει
1587 1213 1613 1267 δί
1628 1217 1702 1267 τοῦτο
1725 1214 1766 1266 διί
1788 1213 1834 1281 τὴν

261 1294 323 1354 550,
340 1297 383 1349 16.
396 1292 444 1345 ίίαί
458 1298 541 1363 χρῷτο
555 1299 590 1364 τῷ
603 1291 739 1364 πλουτεῖν]
758 1291 857 1358 Ἐπειδὴ
870 1295 924 1354 τοῖς
933 1292 1009 1346 πλου·
1051 1291 1169 1360 ίξοίλην,
1188 1291 1270 1359 ίπειδῆ
1287 1292 1314 1347 ίκ
1335 1294 1389 1356 νίας
1400 1291 1497 1361 ῆλικίατ
1512 1292 1579 1363 ίχοεν
1591 1291 1636 1360 τῆν
1655 1293 1725 1361 δίκην
1739 1292 1834 1349 οίδίιαι

225 1371 285 1432 σίοις
302 1370 431 1443 ἐπίφθονον
447 1372 616 1441 παραιτεῖσθαι
628 1367 672 1436 τὴν
686 1371 806 1437 δαπάνην.
1052 1372 1218 1440 είαελῆλυθεν.

261 1452 323 1515 550,
334 1468 379 1504 αι.
392 1450 438 1504 ίίαλ
448 1450 497 1522 γὰρ
511 1450 591 1505 αίτίαν
605 1449 714 1522 ίπῆγαγί
725 1452 789 1523 μοι]
801 1450 837 1502 Τό
851 1449 967 1521 ίγνιλημα
980 1449 1009 1501 τθ
1087 1454 1149 1515 55ι,
1164 1455 1205 1507 13.
1220 1452 1266 1505 ίίαλ
1279 1451 1433 1523 τάδικήματα
1447 1452 1515 1505 ίωλα
1527 1451 1559 1504 τό
1571 1450 1664 1505 τοίτοιν
1675 1451 1708 1513 ῶς
1720 1451 1783 1522 ὑμᾶς
1793 1454 1835 1505 καὶ

224 1530 279 1583 καθ’
288 1530 375 1584 ἑαυτοῦ
383 1533 498 1604 μεγίστης
507 1531 655 1602 κατηγορίας
665 1527 777 1602 ἀφορμὴν
784 1528 846 1584 κατά
853 1533 898 1583 τοῖι
908 1528 1009 1582 Μειδίου
1050 1529 1131 1602 ψυχρὰ
1145 1530 1298 1604 ἀρικνιῖται]
1309 1532 1418 1602 Τροπικῆ
1431 1529 1493 1592 λίξει
1502 1529 1625 1601 ἐχρῆσατο
1635 1530 1684 1585 ἀκό
1695 1536 1744 1584 τῶν
1756 1551 1834 1600 ποτη·

224 1612 365 1678 πεποίηται.
1050 1611 1123 1681 ρίοιν,
1137 1610 1244 1682 ἀνίαχρδ
1258 1612 1352 1683 γίνεται
1365 1610 1407 1662 διά
1420 1609 1450 1662 τό
1462 1611 1595 1680 χρονίζειν.

260 1690 321 1755 550,
336 1692 380 1745 23·
395 1690 438 1753 Ὧς
448 1690 478 1744 τί)
488 1694 590 1763 πρᾶγμά
606 1689 667 1744 &nb
678 1690 919 1762 ίῧίλωπνίᾘιῑ
932 1690 981 1761 γὰρ
994 1690 1009 1743 ὅ
1087 1695 1151 1759 551,
1169 1695 1211 1748 15.
1226 1694 1369 1765 Πρόσριιτος
1381 1694 1498 1764 κρίνεται]
1508 1692 1612 1763 Ἕτερον
1625 1692 1657 1745 δι’
1666 1692 1747 1764 ίτίρου
1758 1713 1834 1747 κατα-

228 1766 382 1842 Ἆρίσταρχος
392 1771 440 1842 οίχ
454 1771 586 1842 διαμείνας
602 1767 647 1835 τὴν
660 1771 752 1840 κρίσιν’
767 1770 855 1823 οθκοῖιν
872 1768 964 1831 ίκιῖνος
977 1767 1008 1837 ῆν
1050 1774 1171 1836 σκευάζει.
1207 1774 1285 1827 Δοκεῖ
1295 1771 1339 1843 μίν
1348 1772 1397 1843 γάρ
1408 1772 1492 1835 ἀτελῶς
1499 1772 1554 1843 περὶ
1565 1772 1688 1826 πλουσίοιν
1700 1773 1780 1844 λίγειν
1792 1775 1833 1827 καὶ

224 1849 364 1915 όποιῆσας.
401 1851 465 1905 Ποτί
484 1849 528 1921 μίν
541 1849 589 1921 γὰρ
612 1849 706 1904 ἐκεῖνον
723 1848 789 1904 εἶναί
803 1869 862 1920 ρηαι
875 1849 919 1904 τόν
935 1850 1008 1917 ποιεί·
1051 1852 1178 1918 πενῆτιον,
1193 1852 1262 1906 τόδὲ
1275 1851 1380 1920 ἀληθὲς,
1398 1852 1518 1905 δείκνυσιν
1531 1853 1585 1916 ότι,
1609 1849 1630 1904 εί
1644 1853 1697 1913 τοῖς
1709 1850 1834 1913 πλουσίοις

224 1947 316 1994 σαντα,
330 1931 374 1983 ίνα
387 1929 413 1983 δί
424 1931 483 2001 μηδ
493 1928 585 1992 ἀκεῖνος
596 1927 741 2000 δοκῆ,ποτί
754 1928 795 1982 καί
806 1926 847 1982 ἀπ’
858 1928 950 1982 ίκείνου
962 1926 1007 1995 τῆν
1051 1931 1105 1995 ίθος
1121 1935 1264 2004 προσφάτοις
1276 1934 1355 2004 ρίρειν
1375 1933 1431 1994 το“υς
1452 1931 1628 1998 ἀδικήσαντας,
1643 1932 1720 1999 δῆλον
1731 1933 1771 1985 ότι
1792 1933 1834 1986 καὶ

223 2006 302 2061 αἰτίαν
312 2007 451 2079 ίνποθραιίει.
490 2007 552 2061 Μετ’
568 2006 657 2078 ὀλίγον
676 2005 724 2078 γάρ
746 2008 820 2061 πάλιν
843 2007 1007 2079 ἀπολογεῖται
1050 2011 1151 2075 Μειδίας
1161 2011 1295 2084 ίκρινενάν
1308 2032 1338 2083 με
1351 2013 1482 2083 τοῦρόνου
1495 2013 1550 2066 τότε
1562 2012 1760 2083 καλπαραυτίκα.
1780 2013 1834 2066 Νῦν

223 2086 280 2157 ίιπίρ
294 2095 338 2139 τοῦ
352 2086 519 2158 Ἀριστάρχου.
1050 2090 1077 2142 δὲ
1090 2096 1126 2161 τῷ
1141 2092 1274 2145 συνειδίναι
1288 2090 1364 2162 μηδὲν
1379 2091 1477 2157 ὤκνησε
1496 2087 1541 2155 τὴν
1555 2090 1714 2159 κατηγορίαν.
1752 2091 1787 2143 Το
1806 2091 1833 2145 δι

259 2168 321 2232 550,
334 2172 379 2231 κῆ.
399 2168 445 2219 ίίαλ
458 2165 556 2238 γραφὴν
571 2165 712 2227 λιποταξίου
726 2185 755 2236 με
769 2166 908 2238 ἐγράψατο]
923 2167 1008 2229 Δειλός
1053 2188 1064 2216 ι
1085 2171 1223 2239 πρόσφατον
1240 2191 1252 2217 ε
1269 2166 1321 2221 ἔστί
1335 2166 1525 2238 μθνςτροπικδν,
1540 2168 1659 2238 κίχρηται
1670 2167 1697 2221 δλ
1710 2168 1778 2240 αίτῷ
1791 2170 1833 2223 καὶ

223 2245 406 2317 όΔημοσθίνης
421 2245 516 2310 ίδόκει,
532 2245 604 2307 αὖτός
617 2245 643 2298 δί
657 2244 702 2311 τῆν
716 2247 809 2300 δειλίαν
821 2247 854 2310 είς
873 2245 917 2312 τὴν
929 2266 1008 2318 παρα·
1050 2243 1075 2299 ίν
1085 2245 1190 2317 τῷκαεά
1202 2244 1411 2316 Ἀριστογείτονος.

224 2328 337 2397 κειμένην
361 2324 449 2397 ἀρετὴν
475 2325 641 2396 μεταόάλλει,
665 2326 695 2380 τό
716 2325 791 2380 αίιτδν
816 2327 908 2394 ιθλαόῆ
930 2325 1005 2381 εἶναι.
1086 2323 1134 2375 ίίαὶ
1148 2326 1263 2395 μάρτυρές
1281 2323 1341 2378 εἰσιν
1356 2323 1466 2395 ἕτοιμοι]
1492 2322 1572 2377 Πάλιν
1590 2323 1771 2396 ίτσομιμνῆσκει
1783 2331 1833 2379 τῶν

223 2409 384 2461 Λιποτακτεῖν
397 2406 424 2460 δθ
434 2405 516 2468 ίδοξεν
530 2405 556 2458 ἐν
570 2407 622 2467 τοῖς
636 2406 690 2475 περὶ
700 2404 815 2459 Εθόοιαν.
1051 2405 1177 2475 μαρτύρων
1187 2445 1194 2469 ,
1205 2405 1303 2476 μέλλειν
1321 2403 1498 2475 ἀναγινώσκειν
1514 2405 1558 2457 τόν
1571 2407 1664 2476 νόμον,
1679 2404 1721 2457 καλ
1733 2404 1833 2458 ἀντικα-

257 2487 329 2557 Τρεῖς
340 2485 497 2548 αδτδςτάξεις
510 2485 649 2556 λελοιπὼς]
662 2483 857 2556 ’Πρεῖτάςτριῖς
868 2483 940 2546 αδτός
953 2485 1007 2555 μετ’
1050 2486 1156 2555 τηγορεῖ
1165 2488 1209 2539 τοῖν
1227 2484 1330 2538 Μειδίου
1344 2488 1437 2548 ταῦτα,
1459 2483 1520 2554 άπερ
1542 2482 1614 2546 αὗτός
1630 2484 1779 2550 πεποίηκεν,
1793 2485 1833 2537 ότι

222 2564 327 2635 ὀλίγον,
348 2566 388 2618 ότι
409 2565 533 2634 ἵππαρχος
555 2564 737 2634 χειροτονηθεὶς
758 2562 787 2617 οό
806 2561 936 2629 συνεξῆλθε
955 2565 1009 2624 τοῖς
1050 2566 1170 2636 μάρτυρας
1182 2564 1235 2636 ίχει
1247 2566 1495 2635 παρεσκευαηείνους.

222 2646 394 2716 στρατιώταις,
409 2646 448 2698 ότι
456 2644 603 2715 τριήραρχος
612 2646 647 2698 ῶν
661 2641 686 2706 ίξ
699 2642 802 2706 Είόοίας
813 2641 842 2697 οδ
853 2644 1007 2713 παρίπεμπιν
1086 2646 1148 2710 55ι,
1166 2651 1209 2701 16.
1225 2646 1317 2707 Πάντες
1330 2646 1386 2699 καθ’
1400 2644 1472 2716 ίγμῶν
1484 2644 1622 2715 εθτρεπεῖς]
1635 2642 1666 2695 Et
1676 2644 1763 2706 πάντες
1776 2644 1832 2696 καθ’

222 2722 249 2776 ἐκ
263 2723 362 2795 Στύρων
374 2725 448 2796 μόνος
461 2729 517 2777 τῶν
523 2722 610 2775 ἀλλων
625 2723 791 2795 τριηράρχων.
1048 2723 1120 2795 ίγμῶν
1134 2723 1195 2790 ιίσι,
1207 2724 1331 2795 πρόδηλον
1345 2726 1384 2778 ότι
1395 2724 1420 2777 σί
1433 2728 1476 2777 νῦν
1488 2726 1663 2795 μαρτυροῦντες
1673 2722 1718 2777 οθκ
1731 2723 1761 2775 ιἰν
1775 2719 1832 2788 ἠθέ-

257 2804 319 2865 550,
341 2802 385 2859 εί.
407 2803 454 2856 ίίαί
467 2807 516 2856 τῶν
531 2800 557 2857 ίν
580 2802 673 2874 Εθόσίρ
686 2802 855 2874 πραγμάτων]
880 2800 962 2855 Ὅπου
976 2801 1007 2855 εδ
1049 2803 1128 2871 λησαν
1143 2806 1284 2875 μαρτυρεῖν,
1299 2799 1364 2874 είμῆ
1377 2801 1419 2854 διά
1431 2801 1476 2869 τὴν
1488 2800 1794 2873 ἀλῆθειανῆναγκάζοντο.

221 2883 359 2953 στράτευμα
372 2888 420 2936 τῶν
439 2881 584 2949 Ἀθηναίαν.
1085 2884 1149 2952 551,
1165 2900 1206 2951 17.
1225 2880 1337 2953 Ἐμολδί
1351 2882 1408 2936 οθδθ
1418 2880 1515 2949 τάληθῆ
1530 2882 1679 2953 μαρτυρεῖν]
1695 2881 1832 2934 Φαίνονται

257 2963 319 3028 55ο,
338 2962 412 3015 affl
426 2959 612 3032 Πλούταρχοςό
623 2959 710 3013 τοίτου
733 2958 811 3031 ξίνος]
829 2956 916 3013 Αίτίαν
931 2957 1006 3029 ίσχεν
1049 2967 1098 3016 τῶν
1108 2962 1235 3033 μαρτίρειν
1246 2962 1415 3033 Δημοσθένους
1425 2961 1450 3014 οί
1464 2980 1508 3033 μεν
1521 2960 1643 3026 εἰπόντες,
1653 2960 1678 3014 οί
1688 2959 1715 3015 δί
1726 2959 1833 3031 ἀρνησά-

220 3040 403 3114 όΔημοσθένης
419 3040 454 3102 ὡς
475 3038 553 3102 αίτιος
570 3042 613 3105 τῆς
634 3039 745 3092 Εθόοίονν
760 3037 926 3100 ἀποστάσεως.
962 3037 1006 3091 At·
1049 3058 1119 3108 μινοι
1132 3038 1176 3105 τὴν
1189 3040 1339 3111 μαρτυρίαν,
1352 3042 1395 3094 καλ
1404 3044 1477 3095 τοῦτο
1490 3039 1553 3094 κατὰ
1564 3041 1654 3110 τίχνην
1666 3044 1710 3093 τοῦ
1718 3039 1832 3111 ῥήτορος

221 3120 379 3192 τοῖντοςγάρ
389 3119 551 3190 Πλουτάρχου
561 3119 676 3189 βοῆθιιαν
690 3117 804 3171 ἀντεῖπεν
815 3117 1004 3188 όΔημοσθίνης.
1049 3116 1104 3170 Ἷνα
1119 3118 1163 3189 ρλν
1178 3117 1272 3191 γάρμὴ
1288 3119 1347 3191 δόξη
1366 3119 1549 3190 διεφθαρκέναι,
1566 3117 1670 3181 τινάςίξ
1689 3116 1769 3171 αδτῶν
1789 3120 1833 3172 καλ

220 3200 251 3255 Οί
268 3201 295 3254 δλ
315 3199 437 3268 Ἀθηναῖοι
451 3198 520 3253 ολδλν
534 3191 609 3265 ἧττον
626 3195 782 3251 ἀπίστιιλαν.
823 3194 1005 3251 ’Υποπιείσαο
1048 3195 1210 3268 ἀρνουμίνσυς
1227 3198 1375 3265 πεποίηκεν·
1389 3198 1433 3250 ίνα
1453 3197 1480 3251 δλ
1494 3196 1591 3268 μᾶλλον
1604 3198 1759 3268 εερόσθοννεαι
1778 3201 1833 3261 τοῖς

219 3297 258 3343 τις
270 3274 314 3334 οόν
326 3280 351 3334 οί
364 3280 466 3341 Εόόοεῖς
478 3277 519 3332 ὀπί
530 3276 712 3331 καταδουλώσει
725 3280 769 3344 τῆς
787 3276 863 3343 νῆσοι
883 3276 1005 3347 βεόοηθη·
1048 3276 1287 3348 καταμκρτορῆυασι,
1300 3274 1831 3348 μίμριταιτολςάρνησαμίνοεςτῆνμαρτυ·

219 3360 287 3414 κίνει
304 3359 383 3413 καλοί
399 3357 441 3411 διά
451 3356 497 3424 τῆν
510 3355 535 3419 ίξ
547 3354 625 3427 ἀρχῆς
637 3355 739 3427 ριλίαν,
754 3354 903 3424 ἀτείστησαν.
1048 3356 1118 3427 ρίαν,
1131 3358 1170 3410 ότι
1183 3356 1224 3410 διὰ
1237 3356 1281 3411 εόν
1293 3355 1370 3427 ρόόον
1382 3361 1431 3410 τῶν
1445 3355 1571 3410 πλουσίοιν
1585 3354 1762 3424 οόκῆθίλησαν
1775 3355 1833 3410 σθδί

257 3439 320 3506 550,
342 3436 448 3509 α9,Διά
468 3436 632 3507 Πλουτάρχου
651 3435 771 3506 γεγονός]
790 3435 901 3503 Ταύτην,
913 3436 1004 3507 ρησλν,
1047 3435 1143 3504 τάληθῆ
1157 3438 1316 3509 μαρτυρῆσαι.

220 3519 312 3573 ἔλαθον
328 3516 373 3584 τὴν
388 3516 523 3582 θπόνοιαν,
538 3511 561 3570 ὦ
573 3516 742 3587 Δημόσθενες,
759 3513 800 3567 διὰ
818 3514 848 3568 τό
861 3514 888 3571 σί
900 3515 1004 3569 κονλόειν
1086 3517 1135 3571 551
1140 3557 1148 3584 ‚
1167 3521 1210 3573 ιθ.
1223 3518 1306 3571 Ταῦτα
1320 3515 1364 3588 μλν
1375 3511 1420 3571 σίν
1434 3514 1543 3578 είκοιτις
1558 3516 1605 3579 ἀν,
1621 3513 1718 3588 οἶμαι]
1741 3514 1832 3587 Ὗκίμ·

221 3600 332 3669 βοηθεῖν.
373 3596 404 3649 ‘0
420 3596 447 3650 δί
471 3596 643 3667 Δημοσθίνης,
664 3596 704 3649 ότι
722 3594 882 3665 Πλούταρχός
899 3594 965 3649 ίστιν
989 3598 1006 3650 ὀ
1051 3615 1110 3664 νησε
1123 3597 1198 3651 πάλιν
1212 3601 1257 3651 τοῦ
1274 3594 1417 3658 τάθοιςκαλ
1429 3595 1567 3668 ᾠκτίσατο,
1588 3591 1687 3663 μίλλοιε
1707 3592 1831 3665 ἀναγινιίε·

220 3677 358 3743 ἀποστήσας
376 3674 420 3742 τὴν
444 3680 534 3743 νῆσον,
552 3674 595 3727 καλ
607 3674 685 3741 δῆλον
705 3673 733 3728 ίκ
746 3676 791 3727 τοῖν
804 3674 861 3736 τους
876 3674 1005 3747 θμετίροος
1048 3694 1115 3729 σκειν
1124 3676 1167 3729 τόν
1179 3679 1272 3748 νόμον,
1283 3676 1328 3729 ἵνα
1338 3674 1480 3731 διθτοίτυνν
1491 3672 1625 3745 δυσουπῆση
1633 3671 1689 3735 τολνς
1699 3671 1833 3736 ἀκούοντας

219 3759 367 3829 στρατιώτας
379 3755 452 3809 αὐτόν
462 3755 612 3826 παραδοῦναι
623 3755 675 3816 τοῖς
690 3754 845 3825 μισθοφόροις
854 3756 906 3816 τοῖς
918 3753 1005 3809 ἑαυτοῦ
1048 3756 1176 3823 πεισθῆναι
1189 3762 1226 3828 τῶ
1237 3757 1318 3828 νόμιρ.

220 3838 278 3909 πρός
293 3837 322 3891 εδ
337 3836 431 3890 ἐκτῖσαι
445 3835 487 3888 τόν
501 3836 598 3906 μισθόν.
635 3833 731 3888 Οὐκοῦν
745 3833 767 3887 εί
778 3833 938 3906 Πλοιίταρχος
951 3835 1006 3891 ἀπί-
1085 3837 1148 3901 55ε,
1164 3841 1209 3889 τό.
1229 3835 1302 3889 Οθεω
1315 3834 1398 3889 τοίνυν
1413 3831 1484 3895 οὗτός
1497 3833 1562 3888 ίστιν
1577 3829 1686 3903 ἀοιδῆς]
1704 3830 1834 3901 Ἆναγνοὶνς

220 3936 310 3985 στησε,
322 3915 392 3987 ρίλος
403 3915 430 3968 δί
443 3915 545 3976 Μειδίας
557 3914 738 3985 Πλουτάρχου,
756 3914 858 3977 Μειδίας
866 3914 913 3985 άρα
927 3913 1006 3979 αίτιος
1048 3917 1091 3970 τόν
1104 3918 1182 3989 νόμον
1195 3915 1240 3969 οθκ
1257 3915 1294 3970 ίτι
1306 3914 1350 3987 μἰν
1362 3913 1534 3985 ίπεσημῆνατο
1550 3911 1605 3981 περὶ
1616 3909 1691 3964 αθτοθ
1698 3949 1707 3976 ,
1724 3910 1832 3981 νομίζον

220 3999 264 4062 τῆς
276 3993 442 4056 ἀποστάσεως·
1048 3994 1155 4066 αίεάρκη
1169 3994 1201 4048 τθ
1211 3996 1392 4066 αρορρηθίντα,
1403 3993 1544 4065 μεταόαίνει
1559 3991 1586 4045 δλ
1600 3989 1636 4061 ίρ’
1650 3991 1733 4060 ἕτερον
1748 3991 1830 4060 μέρος,

259 4073 307 4127 Παλ
319 4073 439 4128 τελευτῶν
458 4072 582 4142 βουλειίειν
603 4092 649 4142 μοι
665 4071 806 4142 λαχόντος]
819 4073 943 4143 Σιωπᾷτδ
961 4074 1004 4146 ἔγ·
1048 4075 1077 4128 τό
1094 4073 1150 4144 περὶ
1164 4078 1209 4128 τοῖν
1220 4075 1306 4144 φόνου.
1343 4073 1462 4127 Βοίλεται
1480 4071 1529 4143 γάρ
1542 4069 1667 4123 καλαθτόν
1679 4068 1723 4122 τόν
1738 4067 1831 4121 ἀνιίδι·

219 4156 319 4228 κλημα,
338 4151 411 4227 ίρίί]
436 4152 511 4207 αιἰτοῦ
532 4153 663 4225 κατηγόρει
684 4153 856 4218 Μειδίας,ίνα
881 4153 1006 4225 μῆαθτδς
1048 4175 1092 4207 κον
1108 4156 1218 4225 μάρτυρα
1239 4153 1409 4224 παρασχίσθαι
1424 4156 1470 4206 τοῦ
1493 4151 1569 4223 μηδὲν
1591 4149 1664 4204 αὖτόν
1684 4150 1833 4219 πεπραχίναι

220 4235 412 4307 ἀναμιμνήσκειν
426 4234 487 4288 καθ’-
496 4233 582 4285 ἑαυτοῦ
593 4234 665 4305 δοκῆ.
1048 4239 1161 4287 τοιοῦτον
1175 4228 1230 4286 οἷον
1240 4231 1396 4303 ἐγκαλοῦσιν.
1436 4232 1482 4285 Παλ
1495 4230 1536 4284 διὰ
1550 4233 1623 4283 τοῦτο
1635 4229 1715 4298 βίαιον
1730 4227 1833 4281 καλοῖσι

256 4315 317 4380 551,
331 4319 357 4369 ό,
368 4313 419 4367 (λὐκ
429 4316 464 4366 ῶν
477 4311 533 4365 οὔτε
546 4318 594 4365 τῶν
607 4312 782 4383 ίρημστάτοεν]
797 4309 919 4366 Ἐνταῦθα
928 4313 1002 4366 πάλιν
1048 4314 1091 4368 τόν
1111 4313 1218 4385 ῥήτορα,
1234 4313 1282 4384 οδχ
1302 4313 1341 4365 ότι
1366 4312 1450 4383 βιαίοις
1467 4311 1623 4382 ἐνθυμεῖται,
1639 4308 1697 4360 ἀλλ’
1718 4309 1757 4361 ότι
1777 4306 1833 4371 τολς

218 4394 359 4463 ρσόεῖτολς
376 4391 524 4460 Ἀθηναίους.
563 4392 648 4445 Μόνου
662 4392 710 4464 γόρ
724 4392 956 4463 Δημοσθένουςίστλ
975 4393 1004 4447 τδ
1049 4394 1150 4465 ίχθρους
1167 4391 1299 4460 ἀναγκάζει
1312 4390 1520 4462 συναγωνίζεσθαι
1531 4391 1584 4451 τοῖς
1601 4387 1687 4442 ίαυτοῖ
1700 4388 1794 4458 λόγοις.

220 4472 260 4525 διόι
273 4479 322 4526 τῶν
335 4471 452 4526 ἐναντίων
469 4470 549 4523 ἀνίειν
559 4472 588 4525 εδ
602 4472 809 4542 σπουδαζόμενον.
848 4472 951 4544 Παλπρδ
965 4494 1004 4544 μι-
1084 4473 1147 4536 551,
1167 4474 1212 4525 αθ.
1240 4467 1271 4522 Et
1285 4469 1312 4523 δὲ
1326 4468 1445 4536 ἀληθίςί]
1471 4469 1556 4540 ψεῦδος
1562 4470 1571 4538 ]
1590 4465 1669 4537 Ὁμοῦ
1686 4467 1767 4519 πᾶσαν
1791 4465 1833 4517 αλ·

220 4556 279 4623 κροθ
295 4551 337 4625 μίν
351 4552 458 4615 ίκίεευε,
472 4552 645 4623 νῦνδέρσόεῖ.
683 4550 730 4603 Διά
741 4555 814 4605 εσῖετο
833 4551 882 4624 γάρ
893 4554 936 4606 καί
947 4554 1004 4607 Διο-
1048 4557 1093 4606 τοῖι
1105 4551 1191 4605 κακίαν
1210 4550 1396 4620 κατηγόρησεν,
1408 4550 1447 4602 ότι
1460 4547 1576 4619 εὗχερῆς,
1600 4549 1638 4601 ότι
1655 4547 1772 4612 ἀπιοτος,
1793 4547 1832 4598 ότι

220 4635 300 4697 νθσιος
320 4636 364 4703 (ιζ
386 4639 413 4698 θ,
433 4651 461 4706 μ.
477 4633 551 4703 975)
566 4633 639 4687 οθτδν
658 4633 760 4703 Πρωτία
774 4631 904 4699 ίκάλεσεν,
920 4635 959 4687 ότι
972 4633 1006 4697 είς
1019 4691 1027 4720 ⁸
1048 4634 1190 4702 δύστροπος.

220 4712 302 4767 πολλά
315 4712 356 4765 καλ
370 4712 400 4765 τὰ
412 4712 511 4765 ἐναντία
523 4709 1004 4785 μορροῖτόνλόγον,νθνμλνίκετείιυν,
1087 4714 1150 4777 55ο,
1167 4728 1191 4765 1.
1206 4708 1279 4762 Ἵλατ’
1294 4710 1495 4780 ἐπαιτιασάμενός
1513 4728 1543 4780 με
1556 4709 1650 4779 ρόνου]
1663 4706 1788 4761 Ἐνταῦθα
1800 4707 1833 4767 ῶς

220 4796 263 4845 νῦν
277 4791 303 4845 δὲ
325 4791 508 4862 οἰκτιζόμενός,
524 4792 577 4862 μετ’
591 4791 679 4862 ὀλίγον
702 4790 860 4861 προτρίπιυν,
877 4784 945 4851 αὖθις
964 4810 1007 4861 ρο-
1049 4793 1178 4865 μαρτόριον
1194 4789 1324 4858 ἀπαίτησιν
1339 4788 1522 4860 ίκπεπλιίρονκε.
1561 4786 1775 4859 Μαρτθμεταιγίιρ
1791 4787 1833 4838 καί

220 4872 279 4927 όῶν.
320 4871 352 4925 Ὃ
373 4870 403 4938 δὴ
425 4872 473 4925 καλ
485 4875 529 4925 νῖνν
545 4874 676 4938 πεποίηκε’
699 4871 774 4942 ροόεῖ
786 4869 834 4942 γόρ
859 4871 915 4933 τσλες
935 4869 1004 4939 Ἀθη-
1048 4871 1117 4932 θεσλς
1126 4870 1168 4922 κοιλ
1180 4870 1260 4940 δῆμον
1275 4866 1370 4934 καλτὴν
1383 4867 1407 4931 ίξ
1420 4866 1509 4938 Ἀρείου
1520 4868 1600 4937 πάγου
1613 4864 1832 4937 βοολῆν,ότιίαί·

220 4955 301 5016 ναίους
321 4952 361 5007 ἐπί
374 4956 427 5015 τοῖς
453 4952 600 5024 μέλλουσιν·
622 4976 633 5003 ι
650 4951 673 5007 εί
691 4952 739 5025 γὰρ
754 4951 806 5023 ίγῶ
820 4953 901 5005 καίτοι
920 4952 1005 5024 ρίλους
1048 4950 1117 5022 τρῆί
1129 4968 1172 5020 μοι
1192 4949 1257 5002 θίειν
1270 4950 1325 5010 ταῖς
1338 4946 1468 5018 Είνμινίσι,
1482 4946 1525 5000 τδν
1538 4947 1565 5001 δὲ
1579 4946 1719 5011 ἀντίδικον,
1733 4946 1771 4998 ότι
1789 4944 1831 4997 σθ-

222 5056 233 5083 ε
257 5032 323 5104 ίχειν
335 5035 415 5087 δοκῶν
428 5033 469 5086 καί
483 5030 516 5104 μὴ
534 5036 570 5086 ὢν
585 5035 738 5087 παντάπασιν
751 5031 840 5103 ίρημος
856 5030 886 5083 οὗ
899 5030 1005 5102 δίναμαι
1048 5030 1128 5101 δαμοῦ
1141 5027 1248 5082 ίκώλυσί
1263 5046 1293 5098 με
1307 5030 1384 5079 ταῦτα
1397 5028 1543 5097 πράττοντα.
1557 5028 1636 5080 ΒΥΡ.

222 5137 234 5164 ιι
253 5113 324 5180 δίκην
343 5112 447 5178 λαόεῖν,
466 5114 490 5165 τί
513 5113 626 5179 ποιήσετε
649 5113 719 5183 θμεῖς
740 5112 764 5165 οί
782 5112 869 5182 ἀποροι
889 5111 931 5164 καί
950 5109 1007 5182 ἔρη-
1084 5110 1146 5174 552,
1162 5124 1188 5162 2.
1203 5106 1349 5178 Είσιτῆρια]
1371 5105 1450 5159 Ὅταν
1462 5108 1568 5177 ἄρχηται
1582 5105 1706 5176 βουλεύειν
1725 5103 1829 5171 ῆθίειν.

223 5216 235 5238 ⁸
256 5210 319 5336 all„
330 5212 358 5341 ίρ.
372 5270 407 5323 Οθ
422 5272 517 5342 μίτεστι
531 5276 580 5324 τῶν
600 5271 680 5343 ίσων]
692 5272 750 5333 Τοῖς
764 5271 868 5332 πολλοῖς
880 5269 939 5341 πρός
950 5270 1006 5333 τοὶνς
1083 5268 1158 5323 Είασε
1172 5269 1215 5339 μέν
1229 5287 1259 5340 με
1274 5266 1411 5339 είσιτῆρια]
1430 5265 1474 5318 Ἐκ
1489 5265 1646 5337 μεταλῆθεονς
1666 5265 1734 5318 ποιεῖ
1744 5280 1834 5335 μομσι·
