3967 5967
5 5216 7 5231 ν

754 494 777 553 ί.
800 492 1048 554 ΟΛΥΝΘΙΑΚΟΣ
1068 495 1104 553 Α.
1672 512 1730 563 529

162 616 292 692 Ὕμετέρας
311 619 387 691 τύχης
397 619 582 693 ύεεολαμόάνω]
595 622 677 676 Ταῦτα
694 622 736 676 διέι
752 620 898 695 δύοείρηκε
947 621 1020 693 ήμεῖς
1031 624 1066 678 δέ.
1077 624 1169 695 Margo
1178 624 1205 678 S.
1218 623 1351 697 Ἰδσχῆμα
1360 624 1531 696 ύποσυύπησις.
1565 629 1730 706 Συμπέραομα

120 699 153 752 δι’
164 700 192 753 έν
205 699 259 771 μέν,
273 700 318 753 ἵνα
336 701 479 773 προερεθίση
492 702 548 764 τούς
566 700 708 769 ’λθηναίους
718 702 760 757 καί
779 720 901 773 προκατα·
947 703 991 753 τοῦ
1006 701 1144 771 προοιμίου.
1160 704 1190 755 B.

121 779 192 853 πείση
206 777 304 841 έιευτοθς
315 778 425 851 εύτυχεῖς
437 779 581 846 ύπολαόεῖν,
598 782 656 853 όπερ
668 781 775 854 μάλιστα
787 780 902 835 ίόούλετο
987 774 1074 851 Ἧμεῖς
1083 781 1106 831 δ’
1117 780 1161 834 ούκ
1174 779 1224 835 οἷδ’
1234 782 1334 853 ὅντινα]
1344 784 1380 837 Τδ
1394 784 1497 856 ἐπαχθὲς
1511 787 1661 861 βουλόμενος
1676 794 1730 864 φεῦ.

120 861 160 914 διδ
181 859 225 928 τήν
250 860 391 932 ἀπόγνωσιν
403 860 491 915 αύτῶν·
506 862 538 915 δι’
554 863 636 934 έτερον
649 863 691 928 δί,
705 863 749 917 ίνα
764 862 824 937 δόξῃ
833 862 902 918 καίό
947 876 1000 930 γειν
1010 858 1051 911 καί
1064 858 1150 914 έαυτδν
1168 859 1308 933 έγκαεέμιξε
1327 868 1364 934 τῷ
1374 863 1528 937 έγκλήματν,
1546 866 1619 940 θέίῗί
1634 870 1728 942 affl,

120 945 197 1016 λόγος
209 943 311 999 έσκεπτί
321 944 436 1016 λέγεσθαι
444 945 486 998 καὶ
492 944 551 1018 δόξῃ
562 946 604 998 καί
616 946 716 1019 όρήτωρ
728 946 755 1001 έκ
766 953 815 1000 τῶν
827 966 902 1018 πραγ·
947 937 989 990 ναί
1002 937 1050 1009 νίν.
1062 938 1141 1011 ὓρπῖς·
1156 940 1235 993 Τοῦτο
1246 940 1272 993 δέ
1290 941 1319 994 πθ
1335 946 1422 1013 σχῆμα
1437 944 1536 1016 λέγεται
1548 947 1730 1019 ύποσιιύπησις,

122 1024 206 1097 μάτων
219 1024 322 1095 ίσχύειν,
335 1024 377 1078 καί
388 1023 458 1077 αύτοί
470 1026 599 1079 πεισθῶσιν
615 1025 723 1097 εύτυχεῖς
735 1025 860 1092 είναι,ούκ
875 1025 902 1080 έκ
947 1020 1007 1074 ὅταν
1021 1021 1100 1094 μέλλῃ
1111 1042 1147 1084 τις
1160 1021 1276 1092 ίπνρίρννν
1289 1024 1366 1093 τραχύ
1380 1043 1403 1075 τι
1414 1025 1456 1077 καί
1466 1026 1589 1099 λοιδορίας
1598 1028 1729 1101 ἐχόμενον,

120 1109 169 1157 τῶν
180 1103 265 1158 έλλων
276 1105 363 1176 μόνον,
375 1102 441 1156 άλλδ
452 1103 494 1158 καί
504 1105 560 1176 παρ’
568 1104 642 1159 αύτοῦ
653 1110 696 1158 τοῦ
708 1105 786 1177 λόγου
796 1105 903 1169 είκάζυν·
948 1096 982 1171 μὴ
999 1100 1117 1171 βούληταν
1135 1100 1161 1153 δὲ
1179 1099 1219 1152 δνίν
1232 1100 1260 1154 πθ
1274 1099 1376 1171 imo&
1392 1101 1450 1155 αὖπθ
1466 1104 1557 1174 λέγειν,
1571 1105 1637 1161 ἀλλὰ
1648 1110 1680 1160 δι’
1697 1110 1733 1163 αί-

121 1203 168 1246 τες.
218 1182 270 1237 Ούκ
281 1183 311 1236 έν
323 1182 371 1254 γάρ
385 1179 456 1246 ούτος
467 1183 509 1236 καί
520 1184 626 1248 δυνατῶς
637 1185 679 1237 καί
694 1183 815 1256 ιύπρεπῶς
829 1203 901 1239 ωας.
947 1180 1073 1250 νιγμάτιον
1086 1180 1203 1253 σημαίνῃ.
1242 1179 1289 1232 Kal
1302 1179 1350 1251 γάρ
1369 1180 1473 1235 ἐνταῦθα
1485 1184 1634 1256 βουλόμενος
1648 1187 1730 1260 λέγειν

119 1264 177 1330 τίθη
193 1262 269 1334 χωρίς
282 1266 326 1329 τῆς
338 1261 448 1333 τέτυχίας
461 1262 550 1316 αδτῶν,
566 1264 642 1318 HRS.
808 1272 815 1290 ⁸
947 1257 985 1310 ότι
1001 1256 1071 1329 όμὲν
1089 1258 1172 1328 παρὼν
1188 1258 1270 1329 καιρός
1287 1260 1366 1313 πάντα
1383 1262 1452 1313 ποιεῖ
1461 1262 1600 1332 παροξύνων
1611 1265 1675 1336 ήμσῖς
1693 1267 1733 1322 ἐπὶ

156 1343 254 1414 Τύχης]
268 1339 350 1407 ἐπειδή
365 1341 451 1413 μέλλει
470 1341 573 1395 δυνατόν
593 1342 680 1396 καλεῖν
697 1343 740 1397 τδν
758 1342 900 1409 Φίλιππον,
947 1333 991 1401 τόν
1004 1336 1128 1407 ’σωτηρίαν
1143 1342 1191 1390 τῶν
1209 1339 1376 1408 πραγμάτων,
1397 1338 1468 1410 ἡμεῖς
1485 1339 1511 1393 δέ
1522 1340 1676 1415 ῥᾳθυμσῦμιν
1690 1346 1732 1399 καί
1820 1400 1823 1405 ,

120 1422 161 1477 διδ
174 1423 203 1477 εδ
217 1421 282 1476 εἶναι
300 1421 390 1493 εύτυχῆ
398 1460 407 1486 ,
423 1424 593 1492 προσποιεῖται
608 1421 712 1477 ένταῦθα
729 1421 823 1494 άφελῶς
837 1423 902 1478 εύτυ-
947 1415 976 1469 οὗ
986 1417 1140 1487 προσέχομεν
1158 1416 1255 1481 αὗτρῗε,
1273 1415 1340 1470 ἄλλό
1353 1418 1416 1481 θίαν
1428 1438 1455 1472 τε
1467 1420 1509 1472 καί
1522 1425 1621 1493 τρυφαῖς
1635 1425 1731 1495 σχολά·

120 1503 180 1574 χίαν
194 1501 326 1569 Ἆθηναίοις
341 1503 487 1574 μαρτυρεῖν,
501 1501 545 1554 ἵνα
560 1503 639 1555 έκεῖσε
653 1502 785 1574 γενόμενος
800 1502 848 1576 έχη
861 1503 903 1557 αύ·
947 1498 1038 1567 (ow,
1051 1495 1202 1562 θπεσιώπησε
1214 1495 1256 1567 μίν
1267 1500 1339 1551 τοῦτο
1351 1496 1392 1550 διά
1403 1498 1432 1552 τδ
1442 1500 1571 1573 δυσχερές’,
1584 1502 1693 1576 ίπήγαγε
1705 1506 1732 1560 δέ

121 1582 178 1645 τούς
188 1582 384 1654 προειθισμένους
398 1580 510 1646 ἀκούειν,
523 1581 562 1634 ότι
572 1579 614 1634 καί
627 1580 696 1634 αθτοί
714 1581 828 1636 δύνανται
844 1586 904 1653 πρᾶ-
950 1597 962 1625 ε
978 1574 1023 1628 ούκ
1034 1574 1083 1629 οἶδ’
1093 1576 1177 1629 δντινά
1187 1594 1229 1646 μοι
1238 1576 1358 1647 δοκοῦμεν
1373 1576 1440 1646 ἔχειν
1455 1580 1544 1650 τρόπον
1558 1581 1617 1652 πρδς
1630 1582 1700 1636 αύτά.
1717 1607 1728 1633 ι

120 1657 159 1722 ξαι
173 1658 204 1713 τά
214 1660 311 1714 δέοντα.
326 1659 430 1713 YTCV.
948 1656 1057 1726 Διαφέρει
1071 1656 1098 1709 δέ
1108 1659 1151 1722 τῆς
1170 1652 1373 1722 άποσιωπήυεως,
1386 1658 1425 1710 ότι
1444 1657 1523 1727 ἐκείνη
1541 1659 1585 1732 μίν
1606 1663 1731 1726 παντελῶς

156 1758 183 1809 9,
196 1758 223 1809 9.
246 1736 289 1801 Ἐξ
300 1736 433 1809 ἁπάντων]
448 1736 551 1790 καὶτῶν
566 1721 729 1807 έσκεμμένωύ
740 1736 782 1790 καί
796 1743 844 1791 τῶν
859 1760 903 1794 πα-
949 1733 1077 1805 άπυσιωπᾷ
1088 1735 1117 1788 τό
1132 1737 1251 1807 πρᾶγμα,
1268 1736 1301 1798 ῶς
1315 1735 1343 1788 τ“ο
1359 1735 1410 1789 ιού
1430 1738 1551 1810 βούλομαι
1572 1740 1598 1794 δέ
1617 1742 1732 1813 δυσχερές

121 1821 239 1889 ραχρῆμα
248 1815 399 1887 λεχθέντων.
414 1818 445 1872 Ρ.
773 1810 775 1815 ’
951 1836 962 1864 ι
980 1813 1049 1867 ούδὲν
1065 1813 1155 1878 εἰπεῖν,
1174 1836 1185 1862 ν
1206 1813 1262 1880 ήδὶ
1276 1814 1441 1883 ύποσιιύπησις
1456 1816 1588 1872 αἰνίττεταί
1599 1838 1632 1885 τι,
1651 1821 1684 1882 ῶς
1697 1820 1733 1875 έν·

157 1914 184 1966 9,
200 1914 242 1952 ιο.
266 1894 297 1950 ‘0
312 1895 356 1968 μίν
374 1889 480 1967 ούν-]
494 1894 610 1966 Δεύτερον
622 1894 766 1966 προοίμιον,
782 1895 903 1966 σύντομον
948 1896 1034 1948 ταῦθα.
1081 1893 1127 1961 Είη
1149 1895 1178 1946 άν
1200 1888 1244 1946 ούν
1260 1898 1333 1949 τοῦτο
1354 1895 1383 1948 τό
1404 1897 1485 1951 κῶλον
1510 1902 1669 1972 συμπέρασμα
1688 1906 1732 1956 τοῦ

122 1975 164 2029 καί
177 1979 250 2029 τοῦτο
259 1975 351 2047 ὁμοίοις
360 1981 395 2049 τῷ
403 1976 493 2047 πρώτῳ
501 1974 542 2028 διὰ
553 1972 598 2041 τήν
610 1974 695 2045 χρείαν
706 1977 750 2026 τοῦ
763 1978 848 2045 καιροῦ
860 1979 903 2027 τοῦ
948 1975 1093 2046 προοιμίου,
1108 1977 1256 2042 κατασκευῆς
1279 1974 1352 2043 ούσης
1366 1978 1409 2042 τῆς
1431 1999 1442 2027 ι
1462 1976 1528 2050 είπερ
1541 1978 1597 2051 ύπέρ
1612 1983 1731 2055 σωτηρίας

122 2055 376 2126 κατεπείγοντσςπρδς
394 2054 508 2126 βοήθειαν
520 2055 569 2108 BS.
590 2052 735 2107 ’λεόλουθον
747 2057 783 2124 τῷ
795 2054 904 2126 προτέρην
953 2052 1241 2124 ιαύτῶνφροντίέετε.»
1262 2055 1342 2107 BRV.

122 2133 284 2206 προοιμίιμτδ
301 2134 422 2205 δεύτερον.
464 2131 536 2186 Ἐκεῖ
546 2131 595 2204 γὰρ
614 2130 828 2203 προκαλεσάμενος
848 2133 904 2194 τούς
984 2152 1015 2203 9,
1033 2134 1074 2190 τό.
1095 2132 1166 2185 Ἔστι
1183 2130 1264 2205 δή-]
1281 2132 1403 2188 Ἐνταῦθα
1416 2136 1444 2189 τί)
1462 2138 1591 2209 συμφέρον.
1611 2141 1642 2193 Β.
1660 2138 1731 2212 λρχή

123 2213 286 2285 βουλομένους
298 2212 488 2284 συμδουλεύειν,
509 2216 552 2265 νῦν
567 2210 594 2265 έκ
610 2210 746 2282 περιουσίας
762 2210 805 2263 τδν
820 2210 903 2281 καιρόν
949 2216 999 2264 τῶν
1012 2210 1161 2283 κεφαλαίων.
1181 2213 1230 2267 Β8.
1249 2210 1353 2284 Γνώμης
1366 2212 1496 2285 άπόρσσις·
1515 2216 1567 2272 έστί
1580 2218 1606 2273 δέ
1621 2217 1732 2274 ἐντεῦθεν

121 2292 261 2364 σύμόουλον
288 2292 435 2365 εἰσήγαγεν,
455 2294 535 2363 ῶσπερ
556 2291 737 2362 ἐνδεικνύμενος
762 2290 801 2344 ότι
817 2290 842 2343 τί
860 2290 903 2361 μέν
952 2289 1017 2363 άρχή
1030 2290 1072 2344 καί
1086 2289 1187 2358 είοόολή
1199 2294 1243 2343 τοῦ
1257 2294 1426 2363 συμφέροντος.
1439 2295 1496 2347 BV.

122 2369 217 2444 έροῦσιν
238 2373 263 2426 οἱ
283 2371 383 2444 ῥήτορες
401 2372 541 2440 άδηλον,ό
562 2373 645 2444 μέντοι
667 2370 749 2442 καιρός
767 2369 840 2436 τήνδε
859 2368 904 2437 τήν
984 2388 1074 2441 9,17.
1099 2368 1151 2436 Τήν
1173 2370 1308 2442 ταχίστην]
1329 2369 1384 2424 άντὶ
1405 2376 1448 2424 τοῦ
1462 2376 1565 2444 ταχέως.
1602 2375 1638 2428 Τδ
1655 2375 1678 2429 δ’
1697 2374 1733 2430 έν·

121 2452 225 2521 γνώμην
237 2450 404 2523 έποφαίνεται.
443 2451 490 2504 Καὶ
501 2450 567 2505 έστιν
579 2453 660 2521 ὥσπερ
671 2450 697 2504 ίκ
709 2450 906 2521 προσωποποιίας
951 2448 1018 2503 θένδε
1031 2448 1086 2503 άνεί
1099 2453 1144 2502 τοῦ
1156 2448 1271 2522 πολιτικῇ
1282 2449 1383 2521 δυνάμει
1394 2451 1435 2505 καί
1447 2449 1480 2524 μή
1496 2452 1560 2527 ξένῃ.
1573 2454 1642 2511 Bas.

121 2529 231 2603 όλόγος·
247 2531 376 2601 διενήνοχε
387 2530 413 2585 δί
425 2534 468 2598 τῆς
480 2531 546 2602 παρὰ
556 2533 609 2593 τοῖς
623 2532 748 2600 ποιηταῖς,
764 2531 802 2582 ότι
814 2528 905 2583 έκεῖνοι
988 2526 1118 2599 Ἐνθένδε]
1132 2526 1166 2591 είς
1181 2528 1314 2582 Ὄλυνθον.
1329 2530 1358 2583 Ρ.

63 2602 78 2614 ’
123 2610 167 2682 μέν
180 2609 254 2665 αύτδν
269 2610 313 2665 τόν
325 2610 409 2681 καιρόν
422 2615 519 2664 ποιοῦσι
535 2611 720 2682 φθεγγόμενον,
738 2606 789 2673 ήτι
804 2608 886 2679 έτερον
895 2647 903 2674 ,
985 2627 1013 2678 9,
1032 2611 1073 2663 18.
1093 2606 1172 2678 Ὅπερ
1189 2608 1231 2660 καί
1244 2610 1377 2682 πρότερον]
1395 2609 1484 2680 Καιροῦ
1502 2609 1551 2682 γάρ
1573 2611 1661 2682 ὁμοίου
1678 2613 1733 2685 περί

122 2689 160 2753 οἷς
170 2690 199 2744 σθ
216 2692 312 2762 μέτεστι
324 2691 406 2762 φωνῆς
413 2728 421 2755 ,
437 2689 451 2742 ό
470 2690 554 2761 μέντοι
564 2688 644 2760 ῥήτωρ
659 2685 704 2753 τὴν
719 2685 811 2740 ίκείνου
821 2685 904 2758 φωνήν
950 2702 1024 2738 τινων
1037 2686 1122 2738 άλλων
1135 2687 1316 2757 παραπεσόντος
1329 2685 1479 2758 ἠμελήκατε.
1492 2691 1521 2742 P.

121 2769 286 2842 ύποκρίνεται,
297 2768 437 2823 τδπιθανδν
444 2774 480 2840 τῷ
487 2768 559 2840 λόγῳ
568 2768 764 2828 κατασκευάζων.
777 2768 893 2820 BRTCV
896 2810 903 2822 .
988 2783 1037 2830 10,
1056 2783 1079 2819 1.
1093 2764 1164 2827 Ἧτις
1177 2767 1245 2819 ταῦτ’
1254 2764 1319 2836 έρεῖ]
1333 2767 1371 2820 ότι
1382 2766 1512 2836 μέλλουσιν
1528 2765 1610 2821 ἐλθεῖν
1620 2769 1645 2821 οί
1661 2768 1731 2838 Ἆθη·

122 2849 228 2901 Δύναται
240 2847 267 2901 δέ
282 2847 311 2902 εδ
323 2849 367 2914 τῆς
380 2845 507 2914 ἠθοποιίας
521 2845 688 2918 ίμψυχότερον
706 2845 758 2915 άμα
772 2844 813 2898 καί
835 2844 905 2917 ένσρ-
951 2847 1019 2898 ναῖοι
1030 2844 1071 2897 καί
1086 2844 1206 2914 βοηθῆσαι
1222 2843 1293 2915 ύμῖν,
1314 2844 1355 2897 καί
1370 2844 1411 2897 διά
1423 2849 1466 2912 τῆς
1478 2849 1608 2917 παρουσίας
1620 2868 1732 2921 παραμυ·

123 2927 239 2999 γέστερσν
249 2924 391 2996 άποφσίνειν
402 2924 446 2978 τόν
457 2923 545 2994 λόγον.
585 2922 656 2976 Ἔστι
665 2921 691 2976 δέ
701 2923 743 2975 καί
752 2921 781 2975 τδ
792 2922 904 2994 δεύτερον
952 2922 1052 2990 θήσεται
1066 2921 1164 2985 αύτούς·
1179 2921 1220 2974 καί
1234 2921 1267 2993 μή
1282 2925 1367 2994 χώραν
1382 2927 1433 2997 σχῇ
1446 2925 1460 2975 ὁ
1473 2925 1597 2989 Φίλιππος
1610 2927 1732 2997 άπατῆσαι

123 3007 252 3078 προοίμιον
266 3002 351 3070 ήθικδν
365 3003 457 3075 δμοίως
473 3003 516 3056 καὶ
528 3002 706 3075 πραγματικόν·
727 3000 790 3073 δμοῦ
805 3000 853 3074 γὰρ
865 3021 907 3069 ση·
951 3001 1057 3066 αύτούς,
1076 3001 1131 3056 άντί
1146 3000 1262 3072 ένεχύρου
1283 3006 1325 3069 τῆς
1342 3003 1455 3074 βοηθείας
1469 3004 1625 3077 ύπαρχούσης
1649 3007 1732 3073 αότοῖς

125 3086 206 3157 μαίνει
216 3084 258 3137 καί
270 3081 314 3150 τήν
328 3085 410 3155 σκέήιν
424 3086 468 3136 τοῦ
481 3081 597 3154 ῥήτορος,
611 3082 704 3147 καὶτῆς
713 3081 819 3144 παλαιαῖς
832 3081 906 3136 αύτοῦ
951 3081 1030 3137 ἐκεῖσε
1044 3085 1087 3149 τῆς
1099 3082 1233 3154 πρεσόείας.
1245 3083 1298 3137 SV.

124 3163 195 3232 δόξης
207 3162 402 3234 ύπομιμνήσκει,
416 3162 458 3216 καί
468 3161 500 3214 δι’
515 3159 606 3215 ίαυτῶν
620 3161 711 3214 ίκαστα
723 3161 836 3231 πράττειν
848 3181 905 3232 προ-
987 3163 1035 3216 ίίαί
1057 3162 1184 3234 παρέσται]
1203 3160 1290 3233 ήγουν,
1307 3161 1323 3229 ή
1346 3160 1406 3229 αὖτή
1428 3162 1535 3234 άγγελος
1554 3161 1592 3230 είη
1607 3168 1650 3230 τῆς
1673 3167 1730 3236 βοη.

124 3243 244 3314 τρίπεται.
260 3243 292 3295 R.
952 3244 1017 3307 θείας
1030 3244 1072 3298 καί
1085 3244 1183 3315 βοηθός.
1195 3245 1225 3298 Ρ.

165 3319 195 3375 Ὁ
209 3321 253 3393 μίν
267 3315 311 3375 ούν
330 3322 414 3393 παρὼν
425 3320 524 3393 καιρός]
540 3319 625 3389 Σαφῶς
640 3318 743 3373 ίνταῦθα
760 3320 879 3375 δείκνυσιν
892 3321 907 3374 ό
989 3341 1031 3389 ιο,
1048 3341 1074 3380 α,
1093 3321 1152 3394 Ὦς]
1165 3324 1200 3377 Tb
1215 3324 1248 3386 ὡς
1261 3322 1316 3377 άντὶ
1327 3326 1371 3377 τοῦ
1384 3322 1426 3375 καί
1437 3322 1494 3393 γάρ.
1510 3321 1557 3376 fs,

123 3401 204 3475 ῥήτωρ
215 3402 254 3455 ότι
271 3400 443 3473 μεμελέτηκεν·
461 3396 519 3472 ένῷ
533 3398 581 3470 γάρ
596 3397 665 3469 λέγει
678 3397 721 3451 τδν
735 3401 844 3470 παρόντα
853 3419 906 3454 και·
986 3404 1058 3470 Δέος,
1072 3401 1105 3475 μή
1123 3403 1304 3474 πανοῦργος-]
1318 3402 1354 3456 Τά
1368 3400 1411 3472 μίν
1427 3401 1504 3463 όντως
1516 3402 1607 3473 φυόερί
1622 3406 1666 3457 τοῦ
1684 3403 1732 3457 Φι·

124 3481 185 3553 ρδν,
199 3480 314 3551 ἐντούτῳ
326 3479 469 3549 παρίστησιν
484 3479 522 3531 ότι
535 3472 605 3538 σύτος
618 3474 710 3539 ίκεῖνσς
721 3476 735 3529 ό
746 3478 828 3548 καιρδς
839 3480 867 3531 δν
880 3478 907 3532 ίκ
951 3479 1042 3534 λίππου
1054 3481 1209 3546 σεσαύπηκε,
1228 3482 1337 3535 τουτέστι
1358 3479 1403 3546 τήν
1417 3481 1530 3551 δύναμιν,
1547 3483 1603 3545 τούς
1614 3486 1732 3554 στρατιώ·

125 3558 221 3613 πολλοῦ
235 3560 386 3630 περιέμενον.
401 3554 514 3624 Εὔδηλον
524 3549 568 3608 σύν
583 3556 621 3608 ότι
634 3553 663 3607 τδ
678 3555 799 3625 συμφέρον
813 3556 907 3609 άνωθεν
952 3578 1009 3620 τας·
1030 3558 1073 3612 τόν
1093 3558 1120 3611 δὲ
1140 3560 1230 3629 τρόπον
1249 3558 1315 3612 εἶναί
1328 3579 1386 3631 φησι
1399 3560 1513 3631 φοόερδν,
1536 3557 1565 3613 ού
1582 3561 1623 3615 καί
1645 3562 1733 3634 ῥᾳδίως

125 3636 213 3702 έζήτει·
230 3639 277 3690 ποῦ
288 3634 336 3706 γὰρ
348 3635 378 3686 άν
399 3633 493 3705 έπέγνω
513 3634 557 3688 τόν
571 3632 655 3705 καιρδν
675 3634 700 3687 έν
715 3629 737 3705 ᾧ
752 3635 856 3689 δυνατόν
876 3630 907 3701 ήν
952 3639 1118 3709 περιγενέσθαι
1136 3637 1246 3695 δύναται,
1284 3639 1331 3691 ίίαί
1349 3638 1390 3691 διά
1405 3644 1453 3692 τῶν
1470 3638 1548 3693 αύτῶν
1563 3640 1604 3693 καί
1623 3638 1668 3709 τήν
1684 3642 1732 3695 Φι·

125 3717 178 3777 τοῖς
192 3713 324 3782 Ἀθηναίοις
339 3712 473 3767 άναλαόεῖν
491 3712 523 3767 τά
541 3714 690 3785 πράγματας
705 3713 808 3783 πότερον
829 3713 856 3767 δέ
876 3713 907 3768 τά
952 3715 1043 3770 λίππου
1062 3716 1164 3788 δύναμιν
1183 3718 1295 3788 καθαιρεῖ
1312 3718 1354 3771 καί
1373 3716 1418 3784 τήν
1434 3717 1514 3771 αἰτίαν
1532 3718 1666 3774 ἀποδίδωσι
1687 3721 1732 3788 τήν

124 3801 173 3849 τῶν
188 3794 353 3862 Ὀλυνθίωνή
369 3793 401 3849 τά
414 3797 457 3861 τῆς
470 3794 574 3858 πόλεως.
587 3795 645 3848 HR.
660 3793 690 3847 Εἰ
702 3794 745 3866 μέν
757 3789 800 3849 σύν
814 3794 846 3849 τά
859 3801 908 3849 τῶν
952 3799 996 3863 τῆς
1013 3798 1165 3867 χειροτονίας
1182 3802 1230 3850 τῶν
1247 3798 1381 3868 πρέσόεων,
1404 3795 1438 3869 μή
1452 3803 1588 3869 πανοῦργος
1601 3801 1645 3856 ῶν.
1688 3800 1733 3854 Ἐκ

129 3873 265 3929 Ὀλυνθίων
275 3872 378 3944 έλεγεν,
394 3871 476 3926 οθκάν
489 3870 544 3928 είπε
553 3878 601 3926 τῶν
613 3875 764 3945 πραγμάτων
775 3874 834 3945 ύμῖν
846 3873 908 3929 έκεί·
952 3880 996 3944 τῆς
1015 3877 1191 3949 παρακειμένης
1207 3878 1234 3931 δέ
1252 3880 1284 3948 τῇ
1308 3878 1380 3948 σοφία
1393 3877 1477 3939 κακίας
1497 3879 1611 3951 ὠνόμασε
1627 3880 1670 3934 τόν
1684 3881 1732 3935 Φί-

90 3951 94 3959 ’
126 3972 185 4019 νων,
199 3951 375 4006 άλλλτούτων·
390 3951 553 4024 ήρμοττεγάρ
567 3952 664 4025 μᾶλλον
672 3952 701 4007 τό
712 3953 831 4008 δεικτικὸν
844 3952 907 4009 ίπει-
953 3954 1060 4009 λιππον·
1075 3955 1116 4008 καί
1127 3954 1224 4026 γίρτδν
1241 3954 1360 4008 Ὀδυσσέα
1372 3954 1411 4007 διὰ
1423 3959 1495 4008 τοῦτο
1507 3957 1582 4027 σοφόν
1597 3957 1732 4030 καλοῦμεν,

124 4029 155 4096 δή
169 4032 211 4085 καί
220 4036 261 4086 νῦν
276 4031 410 4099 ἐνέστηκεν·
423 4030 489 4084 άλλὰ
503 4031 600 4104 μᾶλλον
610 4031 689 4086 ἔοικεν
703 4031 849 4087 αἰνίττεσθαι
863 4032 907 4100 τήν
953 4036 992 4089 ότι
1006 4035 1088 4098 δόλοις
1099 4036 1140 4088 καὶ
1153 4037 1309 4107 πανουργίαις
1322 4036 1448 4105 κέχρηται.
1487 4035 1615 4103 Σιωπήαας
1632 4034 1732 4104 ούυτήν

125 4110 231 4165 παλαιάν
246 4111 400 4181 εύδαιμονίαν
417 4112 459 4164 καί
475 4109 580 4178 τὴντῶν
595 4111 695 4167 πολλῶν
709 4111 853 4184 ἠγεμονίαν·
869 4112 908 4167 διδ
953 4116 1050 4187 σοφίαν,
1072 4116 1131 4187 όπερ
1156 4112 1186 4182 ἦν
1210 4116 1319 4181 ἔνδοξον,
1338 4114 1383 4180 τήν
1405 4117 1554 4187 πανουργίαν
1577 4115 1655 4181 εἶπεν,
1674 4118 1733 4189 ὅπερ

125 4189 167 4242 καὶ
181 4189 303 4261 έπήγαγεν
312 4192 346 4253 ῶς
357 4191 572 4263 ὁμολογούμενον,
581 4190 648 4263 είπερ
661 4190 720 4262 ύπέρ
732 4193 851 4263 σωτηρίας
865 4192 907 4244 αύ-
954 4194 1019 4249 έστὶν
1031 4192 1127 4256 άδοξον.
1144 4196 1202 4248 HR.

127 4274 176 4322 τῶν
194 4270 344 4338 φροντίζετε.
381 4270 510 4341 Πρόδηλον
524 4270 572 4343 γάρ
587 4272 625 4325 ότι
643 4271 699 4343 περὶ
714 4270 810 4325 πολλοῦ
831 4274 908 4325 ποιεῖ·
989 4273 1130 4344 Πανοῦργος
1149 4276 1184 4326 ῶν
1202 4273 1243 4326 καί
1256 4271 1379 4338 δεινός-1
1401 4270 1480 4323 Τοῦτο
1503 4268 1546 4339 μέν
1561 4270 1671 4339 ἄντικρυς
1689 4270 1733 4323 καί

126 4364 167 4399 ται
175 4343 220 4411 τήν
232 4344 339 4398 παλαιὰν
357 4346 429 4408 δόξαν
446 4346 638 4415 άνακτήσασθαι.
690 4348 850 4416 Καταστήσας
864 4345 907 4403 σύν
954 4353 1077 4425 ἐγκώμιον
1097 4351 1161 4405 εἶναι
1184 4354 1269 4416 δοκεῖ,
1293 4352 1335 4401 καλ
1349 4347 1373 4402 εἴ
1393 4367 1428 4409 τις
1449 4346 1508 4400 αύτδ
1530 4347 1583 4416 περί
1602 4344 1732 4414 Ἀθηναίων

127 4423 161 4486 είς
173 4422 309 4493 θπόμνησιν
328 4424 414 4487 αύτούς
425 4422 462 4479 ὧν
477 4426 626 4497 έπεθόμσυν,
647 4427 731 4498 καιρόν
750 4426 810 4498 έσχε
826 4428 909 4503 καίτῇ
954 4430 1033 4494 είπεν,
1051 4429 1095 4483 ούκ
1117 4432 1146 4482 ἂν
1166 4428 1349 4500 ἠγανάκτησαν.
1387 4425 1422 4478 Ού
1440 4423 1488 4498 μήν
1509 4423 1575 4476 άλλά
1599 4426 1733 4482 καὶτοῦτο

127 4506 181 4558 κατ’
206 4506 284 4559 αύτῶν
307 4506 444 4578 ίπιτιμήσιι
469 4509 617 4579 χρήσασθαι.
661 4510 708 4563 Καὶ
730 4509 785 4564 οότε
802 4519 909 4584 φανερῶς
954 4509 987 4572 είς
1006 4508 1074 4578 ύόριν
1093 4509 1242 4578 παρέστησεν
1265 4505 1280 4572 ἦ
1300 4505 1444 4575 πρνννψένθ
1460 4503 1530 4565 λέξις·
1572 4502 1603 4556 Ἥ
1621 4504 1669 4576 fi?
1689 4513 1733 4560 ³⁰5

125 4584 237 4639 ιύνείδισε
252 4583 297 4652 τήν
315 4585 443 4658 ῥᾳθυμίαν·
466 4587 621 4660 άνάρμοοτον
642 4589 690 4661 γέρ
703 4592 861 4661 πρυτρίποντι
878 4593 908 4647 τό
953 4588 1092 4659 πανούργου
1105 4588 1190 4659 μνήμη
1204 4587 1246 4640 καί
1257 4584 1301 4651 τὴν
1316 4585 1445 4652 δεινότητα
1456 4582 1563 4637 διέόαλε.
1601 4583 1649 4637 Καὶ
1666 4585 1732 4641 ίστιν

126 4668 247 4719 τοιοῦτον·
268 4663 323 4719 ούτε
338 4666 463 4728 παντελῶς
479 4665 585 4738 όφήκεν,
602 4665 669 4720 έλλά
689 4668 730 4720 διὰ
746 4673 788 4737 τῆς
801 4669 907 4725 ύποσιω·
953 4670 1014 4723 όλον
1028 4673 1102 4722 τοῦτο
1115 4667 1142 4721 ίκ
1156 4671 1199 4733 τῆς
1211 4666 1344 4739 Κορινθίων
1360 4664 1512 4736 δημηγορίας
1526 4663 1675 4736 εἰλημμένον
1688 4671 1731 4735 τῆς

126 4744 223 4811 πήσεως
237 4742 355 4811 έδήλωσε.
371 4747 403 4799 R.
953 4749 1013 4821 πρός
1028 4747 1240 4817 Λακεδαιμονίους.
1277 4745 1326 4797 Kal
1343 4742 1572 4814 γὰρέκεῖφοόῆσαι
1586 4744 1733 4816 βουλόμενοι

163 4842 190 4893 9,
217 4839 258 4879 12.
284 4820 360 4895 Ὑμῖν
380 4822 479 4877 έιιείνων
503 4822 599 4892 αύτοῖς]
617 4823 673 4877 άντλ
692 4830 752 4889 τοῦ,
775 4824 834 4898 ύμῖν
856 4830 909 4891 τοῖς
953 4828 1011 4891 τούς
1024 4826 1228 4897 Λακεδαιμονίους
1247 4822 1271 4876 σί
1290 4823 1430 4895 ίίφρίνθιοι,
1449 4821 1478 4875 τδ
1491 4820 1534 4892 μέν
1551 4821 1664 4874 ναυτικόν
1682 4830 1732 4877 τῶν

130 4901 263 4970 Ἀθηναίοις
280 4903 363 4966 σύτοῖς
377 4902 537 4970 ἀντιληπτέον
550 4904 591 4956 καί
612 4903 778 4971 άντιποιητέον
799 4904 851 4959 ίστί
859 4914 908 4961 τῶν
957 4905 1088 4973 Ἀθηναίαν
1100 4904 1142 4957 καί
1153 4902 1184 4956 τίι
1197 4902 1269 4973 μυρία
1280 4902 1390 4955 τάλαντα
1401 4898 1550 4966 ίσιώπησαν,
1566 4899 1595 4953 τδ
1606 4897 1633 4951 δέ
1646 4917 1733 4954 νεωτε-

92 4990 98 5001 “
128 4978 280 5054 ίνὈλίνθῳ
292 4983 454 5055 πραγμάτων,
468 4983 503 5034 V·
953 4982 1053 5054 ρσπυιδν
1067 4981 1146 5034 αύτῶν
1163 4981 1205 5035 καί
1224 4981 1253 5033 τδ
1266 4979 1308 5042 όξθ
1323 4976 1506 5050 προδάλλονται
1527 4975 1569 5029 καί
1586 4978 1667 5049 τούτῳ
1687 4999 1732 5050 φο-

164 5080 191 5131 9,
210 5063 252 5117 τό.
269 5060 345 5134 Είκερ
356 5062 414 5135 ύπέρ
425 5064 476 5131 -]
488 5061 510 5115 εί
524 5060 633 5135 μέλειτῇ
650 5063 722 5117 πόλει
732 5067 776 5119 τοῦ
789 5066 908 5135 προεστά·
953 5065 1034 5118 όοῦσι.
1048 5064 1105 5117 HR.

129 5157 169 5191 ναι
185 5142 228 5207 τῆς
241 5144 290 5193 τῶν
304 5137 433 5207 Ἑλλήνων
447 5138 591 5211 ἡγεμονίας.
605 5142 632 5195 S.
991 5159 1034 5208 το,
1048 5144 1073 5197 3,
1088 5140 1220 5211 Πρέγμασι
1230 5138 1346 5210 χρῆσθαι,
1360 5135 1444 5206 τὰμὲν
1459 5133 1578 5203 είκων-]
1589 5135 1688 5207 Πρέξεις
1698 5143 1734 5211 τῷ

167 5214 308 5282 Κατασκευή
321 5222 365 5271 τοῦ
375 5220 486 5291 δευτέρου
496 5220 634 5291 προοιμίου.
646 5220 738 5291 Margo
751 5221 779 5275 S.
953 5221 1072 5292 Φιλίππῳ
1089 5220 1224 5291 περιέθηκε.
1261 5217 1296 5270 Tb
1310 5215 1357 5288 γάρ
1378 5212 1451 5268 είκειν
1465 5215 1507 5267 καί
1526 5213 1635 5269 άπειλεῖν
1651 5215 1734 5281 αύτσῖς

166 5316 194 5367 9,
224 5300 266 5362 τίς.
289 5293 377 5369 Ἡμεῖς
399 5298 441 5371 δέ]
469 5299 634 5373 Συμπίρσσμα
655 5302 699 5353 τοῦ
725 5301 855 5371 προοιμίου
879 5299 909 5352 τδ
953 5298 982 5353 ού
997 5298 1181 5369 βεόαίουτινός.
1221 5296 1267 5348 Καί
1280 5294 1342 5360 ίστι,
1353 5292 1437 5365 φησίν,
1457 5291 1593 5358 ἀξιόπιστος
1608 5294 1729 5351 άπειλῶν·

269 5407 397 5444 omnm.
415 5408 440 5443 ιι.
1612 5407 1637 5447 τε
