3967 5967
239 475 299 525 5⁰²*
824 460 965 523 ΣΧΟΔΙἈ
989 460 1054 520 ΕΙΣ
1076 463 1273 523 mmmm.

237 593 417 665 χεσθαιθδατι,
433 593 476 645 ἵνα
494 593 594 664 μαλακά
613 595 734 665 γενόμενα
755 594 840 649 εὔθετα
854 597 974 667 γένωνται
988 590 1022 653 είς
1101 594 1145 656 δή.
1164 594 1201 646 Τά
1216 593 1448 666 ψηφίσματα]Ὅτι
1466 595 1489 647 οί
1513 597 1556 666 μέν
1580 600 1698 668 πρόγονοι
1717 596 1792 651 αὺτοῦ
1814 596 1853 651 άεί

236 674 339 740 τὴντῶν
354 673 433 744 ἔργων
445 670 550 737 πλοκήν.
566 671 646 727 BLM.
683 670 787 734 Ἄλλως.
801 672 832 725 Οἱ
847 673 892 743 μὲν
903 671 1018 743 λέγουσιν
1068 670 1174 742 έγραρον
1186 674 1315 745 πολεμεῖν,
1327 672 1399 744 ἡμεῖς
1409 674 1432 725 δ’
1444 673 1629 747 ἀντεγρέρομεν
1643 676 1726 737 αέτοῖς
1735 674 1854 749 εἰρηνικά.

238 755 319 816 ίπλιῗις
332 753 435 825 σχοίνιμ
447 751 507 822 φασί
519 750 545 804 δέ
554 750 588 814 όνς
596 751 620 803 οί
633 749 737 805 Ἀττικοὶ
746 751 894 823 όλόσχοινον
905 749 966 803 αθτδ
977 770 1021 803 κα·
1069 754 1172 805 BFLM.

236 835 328 888 λοῦσιν·
350 833 375 886 οί
386 833 412 885 δέ
425 850 497 902 φασιν
512 831 551 883 δτι
568 829 633 893 εἶδός
648 829 699 883 ἔστι
709 834 787 900 φυτοῦ
803 830 970 902 ίμαντιίιδους,
989 828 1023 891 ὡς
1108 829 1195 885 Ἐννέα
1214 831 1299 900 ὁδῶν]
1315 829 1460 902 ’Πτόχησαν
1478 831 1600 900 Ἀθηναῖοι
1623 835 1717 899 ἐννάκις
1739 837 1794 909 περὶ
1814 838 1858 901 τὰς

236 916 290 986 περ]
310 920 359 967 τῶν
376 912 460 982 λόγων
475 908 569 981 λέγειό
585 909 748 976 ποιητήςήΙί.
764 908 790 975 λ,
808 909 885 982 105).
910 907 1021 980 Ἀόρόχιμ
1074 908 1160 963 Ἐννέα
1180 910 1332 982 καλουμένας
1352 910 1435 976 όδοὶις,
1451 913 1478 973 ός
1496 912 1547 966 έστι
1567 915 1640 976 τόπος
1657 919 1700 982 τῆς
1713 917 1855 987 Θρᾴκης,ίγ

237 995 263 1048 δὲ
277 994 345 1065 λέγει
358 992 436 1045 οίονελ
447 989 520 1061 ξηρῷ
559 987 615 1042 Ἵνα
625 988 725 1042 διάτίῦν
741 989 835 1042 σιάλων
848 993 891 1043 τοῦ
903 989 1024 1058 στόματος
1069 988 1208 1060 καλουμένη
1221 990 1379 1060 Χερρόνησος.
1421 989 1602 1061 ’Πτόχησονδὲ
1620 994 1660 1045 διὰ
1674 993 1856 1057 ςὰςψολλίόης

236 1073 340 1144 φυσηθέν
352 1071 442 1140 όδθνην
453 1070 527 1136 δῆθεν
539 1068 630 1142 ποιήσῃ
644 1073 680 1140 τῷ
694 1069 800 1140 στόματι
811 1067 836 1122 έν
849 1073 885 1140 τῷ
896 1067 1022 1138 έρράφθιιι.
1069 1066 1140 1136 άράς,
1161 1070 1178 1136 ἢ
1199 1069 1363 1140 Δημοφῶντος
1383 1068 1515 1140 ίρασθεῖσα
1534 1072 1576 1124 καί
1600 1074 1761 1142 προσδοκῶσα
1783 1073 1858 1127 αῦτδν

238 1154 342 1207 BFLM.
1069 1147 1195 1214 ἐπανήξειν
1209 1148 1390 1203 άποτελέσσντα
1405 1148 1449 1210 τὰς
1462 1148 1520 1219 πρὸς
1534 1149 1610 1215 αθτὴν
1628 1152 1747 1218 συνθήκας
1764 1156 1806 1206 καί
1819 1153 1858 1206 ἐν·

273 1232 434 1299 Λεωσθένην]
450 1227 479 1282 Ὁ
488 1224 770 1293 ΔεωσθένηςἈθηναῖος.
784 1223 861 1288 θέντος
873 1226 1024 1297 έφνγαδιθθη
1070 1228 1137 1289 νάκις
1151 1227 1191 1281 ἐπὶ
1210 1227 1253 1280 τόν
1268 1228 1344 1281 τόπον
1366 1227 1486 1293 ἐλθοῦσα,
1504 1230 1537 1291 ὡς
1559 1228 1608 1300 οόχ
1620 1223 1686 1296 -ήκε,
1702 1234 1858 1302 κατηράσατο

242 1310 370 1379 Ἀθήνηθεν
391 1309 424 1371 ὡς
443 1308 597 1379 φιλιππίζων
615 1302 701 1373 καλήν
725 1305 790 1377 παρά
807 1304 928 1377 Φιλίππῳ
948 1304 971 1367 ές
994 1304 1025 1358 τά
1071 1308 1124 1368 τοῖς
1141 1305 1273 1373 Ἀθηναίοις
1288 1309 1431 1369 τοσαυτάκις
1445 1306 1633 1379 άτυχήσαιπερί
1647 1311 1690 1363 τ“ον
1706 1313 1791 1366 τόπον.
1821 1313 1858 1364 Τά

239 1389 346 1460 μάλιστα
365 1391 516 1460 τιμώμενος,
539 1384 600 1457 άνήρ
623 1385 700 1440 εἰπεῖν
722 1385 835 1448 δυνατός.
863 1388 922 1439 ΒΜ.
949 1381 1027 1446 Οθτος
1070 1384 1097 1438 δέ
1110 1385 1258 1458 ἀτυχήματα
1269 1385 1383 1458 ἐγένοντο
1400 1388 1473 1441 τάδε·
1488 1387 1624 1459 τὸπρῶτον
1640 1388 1683 1461 μέν
1695 1392 1859 1461 Λυσιστράτου

238 1468 373 1540 στρατηγός
389 1466 520 1535 Ἀθηναίων
533 1466 575 1520 καλ
586 1464 658 1528 δόξας
668 1464 787 1538 άμοιρτεῒν
799 1463 832 1527 ιίς
843 1465 886 1517 τδν
900 1465 956 1536 περὶ
970 1463 1027 1535 Ἀμ-
1070 1465 1111 1518 καί
1126 1466 1265 1537 Λυκούργου
1275 1466 1316 1518 καί
1330 1467 1452 1537 Κρατίνου
1463 1469 1644 1538 στρατευόντων
1657 1470 1695 1521 ἐπ’
1712 1464 1802 1522 ’Πίόνα
1813 1468 1858 1536 τήν

237 1546 358 1617 φιπόλιως
378 1547 485 1619 πόλεμον
507 1544 661 1618 έρυγάδευεν.
709 1545 830 1616 Ὕστερον
849 1544 878 1597 δέ
900 1544 1026 1598 κατιλθὼν
1071 1542 1110 1597 έπλ
1121 1545 1241 1616 Στρυμόνι
1254 1545 1600 1618 διεφθάρηαανῦπδθρμκιῗνν,
1613 1547 1739 1619 εἰληφότες
1756 1547 1857 1612 Ἠϊόνα,

238 1626 418 1698 ἐστρατήγησεν
428 1626 453 1680 ἐν
463 1632 499 1698 τῷ
508 1624 675 1696 Δαμιαναῦκαλ
686 1622 790 1678 ἀπέθανε
803 1624 912 1694 τρωθείς.
927 1625 987 1676 m.
1071 1622 1111 1677 ίπί
1124 1625 1244 1695 άρχοντος
1266 1623 1380 1692 Ἀθήνησι
1395 1625 1538 1688 Φαίδωνος·
1556 1627 1668 1697 δεότιρον
1683 1629 1707 1680 οί
1722 1628 1784 1699 μετὰ
1798 1630 1858 1681 Λεά-

276 1722 321 1759 22.
340 1705 526 1778 Συνετάξαμεν]
539 1703 596 1757 άντλ
605 1708 651 1758 τοῦ
660 1702 849 1775 συνιταξάμεθα.
866 1705 896 1757 F.
1070 1722 1131 1773 γρου
1144 1704 1280 1774 κληροῦχοι
1288 1703 1332 1758 έπλ
1343 1704 1504 1774 Λυσικράτους
1524 1707 1654 1770 (Λυσιθέου
1673 1707 1795 1770 Cliniam
1811 1711 1856 1759 Λυ-

277 1784 320 1849 Ὦς
333 1785 677 1859 έφη]προοικονομοόμενος,
690 1784 724 1845 ὡς
737 1779 1027 1855 οἶμαι,τθιτίῦνάλλων
1071 1782 1157 1835 σανίου
1178 1785 1275 1849 Μσὶστς
1300 1785 1464 1854 Λυσιστράτου
1480 1785 1625 1854 Kn'lger.)·
1650 1788 1732 1855 τρίτον
1756 1787 1780 1838 οί
1806 1790 1859 1858 μετ’

239 1865 337 1918 πάντων
355 1865 470 1936 νοήματα
487 1854 666 1928 άπανθέσιινή
686 1863 730 1915 ἵνα
740 1862 828 1924 πάντας
844 1860 918 1914 αὐτόν
928 1861 1027 1932 πιριμέ-
1072 1861 1190 1926 Εὐκλέους
1202 1863 1244 1916 καί
1255 1863 1417 1916 Θουκυδίδου·
1431 1864 1546 1935 τέταρτον
1561 1863 1585 1917 οί
1599 1864 1660 1935 μετὰ
1678 1866 1805 1931 Ιίλέιονος,
1821 1868 1860 1920 ἐπὶ

241 1963 301 1996 νωσι
316 1950 488 2016 καυχητιῶντα
501 1943 543 1996 καί
554 1940 741 2013 άπειλοόμενον.
756 1942 817 1995 LM.
1071 1941 1192 2012 ἄρχοντος
1206 1941 1331 1996 Ἀλκαίου·
1347 1944 1460 2013 πέμπτον
1478 1943 1502 1995 οἱ
1520 1943 1669 2007 ένοικοῦντες
1684 1943 1773 1997 Ἤῖόνα
1792 1946 1859 2014 Ἀθη-

246 2048 253 2053 ·
275 2023 332 2076 Οὐδ’
343 2020 446 2096 έγγινὴς
456 2026 465 2093 ]
476 2019 557 2086 ἐπειδή
567 2021 713 2075 διεόάλλετο
723 2021 756 2083 ὡς
765 2020 824 2092 πρός
836 2018 927 2092 μητρός
936 2019 1029 2087 Σκύθης
1071 2024 1135 2074 ναῖοι
1156 2021 1323 2090 ἐξηλάθησαν·
1339 2022 1410 2074 έκτον
1423 2021 1447 2074 οί
1468 2021 1529 2092 μετὰ
1542 2023 1649 2094 Σιμίχου
1665 2030 1860 2096 στρατηγοῦντος

243 2105 288 2156 ὤν.
306 2104 409 2159 BFLM.
428 2102 509 2164 Ἀστδς
521 2100 545 2162 ίξ
557 2098 641 2167 έστῆς.
655 2103 739 2155 BLM.
1071 2103 1248 2173 διεφθάρησαν·
1267 2101 1385 2171 έόδομον,
1402 2103 1444 2156 ότε
1468 2102 1637 2173 Πρωτόμαχος
1653 2103 1782 2175 άτέτυχεν,
1801 2106 1859 2177 Ἀμ-

277 2182 336 2235 ίίατ’
350 2181 467 2252 ίριότησιν
482 2183 510 2236 F.
1071 2182 1206 2252 φιπσλιτῶν
1218 2181 1302 2243 αθτσλις
1314 2183 1473 2253 παραδόντων
1487 2184 1538 2245 τοῖς
1548 2182 1647 2254 ὁμόροις
1657 2182 1754 2256 θρρξίν·
1768 2187 1858 2257 ὄγδοον

277 2264 319 2316 23.
340 2261 416 2315 Οόδίν
428 2260 555 2331 άπρατον]
566 2258 714 2313 Διεόάλλιτο
729 2257 777 2328 γάρ
787 2258 820 2319 όις
837 2256 975 2329 ἡταιρηκυίας
986 2256 1029 2310 καί
1072 2261 1217 2333 ἐκπεμφθείς
1227 2261 1274 2315 ότδ
1284 2263 1408 2333 Τιμοθέου
1424 2261 1568 2332 Ἀλκίμαχος
1579 2261 1712 2333 άπέτυχεν,
1729 2264 1802 2318 αὺτοῦ
1814 2286 1859 2319 πα-

244 2341 331 2409 μισθοῦ
345 2340 435 2409 λόγους
447 2341 548 2411 γράφων
564 2340 606 2392 καὶ
617 2338 772 2408 δωροδοκῶν.
786 2336 867 2391 BLM.
1072 2344 1188 2412 ραδόντος
1210 2341 1405 2412 αθτονθραξιν,
1430 2342 1470 2396 {a}
1489 2343 1652 2413 Τιμοκράτους
1671 2343 1797 2412 Ἀθήνησιν
1815 2346 1858 2416 άρ-

277 2427 321 2474 26·
346 2415 830 2492 ὝπθρὶαῑΙΙᾶθτίτῠθπρΜῐθΡξαῠθῑ
843 2413 1030 2488 τῆεκρθςάκσῖ·
1072 2442 1180 2492 χοντος·
1208 2421 1294 2475 ἔνατον
1320 2422 1439 2493 Τιμόθεος
1469 2422 1654 2491 ἐπιστρατεύσας
1689 2424 1784 2492 ήττήθη
1820 2427 1859 2479 ἐπί

243 2521 285 2554 νον
298 2501 390 2563 εὖνοίας
400 2500 441 2553 καί
454 2499 598 2571 εθεργεσίας.
615 2499 717 2553 BFLM.
1074 2502 1246 2574 Ιίαλλιμήδους
1258 2502 1388 2573 άρχοντος.
1406 2501 1455 2563 Τάς
1470 2501 1496 2555 δὲ
1514 2500 1601 2556 Ἐννέα
1613 2503 1683 2565 όδοίις
1696 2503 1790 2575 Ἀγνων
1802 2524 1858 2557 συν-

281 2580 397 2650 Ἀμόντα]
410 2577 687 2650 Ἐκόληθέντιιγόρτδν
700 2575 1029 2648 Ἀμθντανποτίέκτῆςβα·
1074 2584 1166 2644 οικίσας
1195 2581 1319 2648 Ἀθηναῖος
1349 2581 1465 2635 ἐκάλεσεν
1490 2580 1642 2652 Ἀμφίπολιν,
1672 2583 1710 2637 έπί
1739 2584 1858 2654 ἄρχοντος

244 2660 391 2723 σιλείαςθπό
407 2659 535 2712 θετταλδνι
553 2658 677 2726 Ἀθηναῖοι
691 2658 733 2710 καί
752 2656 940 2726 Λακεδαιμόνιοι
953 2654 1029 2720 κατ-ή-
1077 2660 1203 2729 Ἆθήνηνιν
1218 2661 1380 2732 Εῦθομένους,
1395 2659 1450 2728 Τήν
1462 2661 1489 2715 δέ
1499 2662 1614 2714 Φυλλίδα
1624 2662 1648 2716 οί
1661 2663 1703 2734 μέν
1714 2662 1857 2730 Φυλληίδα,

244 2764 332 2816 νεγκαν
348 2745 422 2799 πάλιν
438 2743 476 2798 έπί
490 2741 534 2809 τήν
555 2743 691 2815 βασιλείαν.
707 2742 809 2795 BFLM.
829 2740 965 2800 θετταλοῖς
981 2737 1029 2809 γάρ
1073 2740 1097 2794 οἳ
1117 2741 1143 2793 δέ
1165 2743 1261 2794 Κὶασαν
1282 2741 1445 2812 ὀνομάζουσι,
1459 2742 1500 2794 καλ
1516 2742 1558 2794 τὀν
1576 2743 1666 2813 πατέρα
1682 2741 1755 2808 αότῆς
1771 2742 1794 2794 οί
1814 2742 1857 2814 μὲν

243 2824 384 2891 πολεμήσας
397 2825 437 2877 καί
454 2823 553 2896 μέλλων
566 2822 688 2876 έιατίπτειν
703 2825 747 2888 τῆς
763 2819 842 2890 ἀρχῆς
856 2818 943 2885 ἐδεήθη
960 2817 1030 2885 Ἀθη·
1073 2820 1214 2891 (Ιίίλανδρον
1232 2820 1336 2891 (Φυλέα
1347 2820 1462 2875 loheel«.
1474 2825 1493 2887 ),
1507 2821 1530 2873 οί
1540 2820 1565 2874 δὲ
1578 2820 1679 2886 Πίασον,
1692 2822 1716 2874 οἳ
1727 2822 1754 2875 δὲ
1763 2821 1856 2889 Θήλον.

244 2906 329 2957 ναίων·
346 2905 386 2957 καί
400 2904 483 2975 τυχὼν
495 2904 598 2973 κατέσχε
613 2902 687 2956 πέλιν
699 2900 743 2966 τήν
756 2902 853 2970 χώραν,
870 2901 929 2953 LM.
1073 2900 1220 2970 Δημοφῶντι
1233 2899 1259 2952 δέ
1271 2899 1298 2954 έκ
1310 2900 1435 2962 Φυλλίδος
1449 2899 1591 2972 Ἀμφίπολιν
1601 2901 1642 2954 καί
1658 2900 1794 2973 Ἀκάμαντα
1806 2903 1859 2955 υίόν

278 2985 320 3057 Τῷ
335 2984 462 3039 Φιλίππου
473 2983 566 3053 πατρί]
585 2981 690 3053 Ἀμύντα
703 2988 739 3052 τῷ
756 2980 882 3033 Φιλίππου
893 2978 968 3049 πατρί
981 2975 1031 3029 υίοί
1073 2998 1131 3049 φασι
1141 2980 1263 3050 γενέσθαι.
1278 2980 1350 3032 RLM

244 3064 355 3130 ίγένοντο
372 3066 436 3133 τρεῖς
450 3061 474 3125 ίξ
488 3061 636 3132 Εόρυδίκης,
657 3060 825 3130 Ἀλέξανδρος,
846 3060 979 3130 Περδίκκας
989 3059 1031 3112 καί
1109 3058 1208 3123 Θησέως
1220 3059 1330 3128 παίδων]
1348 3056 1447 3124 θησέως
1459 3059 1545 3119 παῖδες
1556 3059 1678 3129 Δημοφῶν
1689 3060 1731 3111 καί
1746 3058 1858 3130 Ἀκάμας.

244 3142 381 3207 Φίλιππος,
401 3144 428 3204 δς
447 3142 489 3195 καί
509 3140 674 3195 ίόασίλευσεν.
712 3140 850 3201 Παυσανίας
871 3139 897 3193 δέ
911 3138 1031 3211 συγγενὴς
1074 3137 1175 3189 Τοθτων
1192 3139 1339 3208 Δημοφῶντι
1360 3136 1459 3208 λέγεται
1477 3138 1579 3203 δοθῆναι
1600 3138 1689 3207 προῖκα
1710 3138 1753 3201 τάς
1773 3138 1860 3193 Ἐννέα

244 3229 292 3276 τῶν
304 3223 359 3293 περ]
368 3222 502 3276 Φίλιππον·
517 3220 666 3292 ἔφυγαδεθθη
678 3217 772 3274 οθτυσέ.
786 3220 867 3273 BLM.
1073 3216 1144 3277 όδοῦς
1156 3215 1221 3269 οὕτω
1238 3216 1398 3287 καλουμένας
1415 3212 1484 3277 οὗτος
1494 3215 1520 3268 δὲ
1531 3213 1596 3285 παρά
1607 3211 1652 3279 τήν
1665 3215 1775 3286 ίστσρίαν
1790 3215 1859 3269 Ἀκά·

283 3301 455 3372 Ἀλεξάνδρου]
466 3300 559 3352 Τοῦτον
575 3298 660 3352 έκτανε
669 3297 839 3369 Πτολεμαῖος.
855 3299 886 3350 Β.
1075 3299 1147 3366 μαντί
1160 3314 1219 3366 φησι
1231 3297 1349 3363 δοθῆναι,
1363 3295 1392 3347 οὒ
1406 3296 1563 3365 Δημοφῶντι.’
1579 3296 1661 3348 BLM.

279 3400 325 3451 ²7·
344 3381 503 3451 Παυσανίου]
513 3376 591 3441 Οθτος
601 3374 629 3445 ήν
639 3383 683 3431 τοῦ
694 3377 821 3447 βασιλικοῦ
831 3378 913 3448 γένους
923 3377 965 3430 καί
975 3378 1031 3449 περὶ
1113 3372 1156 3426 Ἐν
1169 3377 1221 3437 τοῖς
1232 3374 1343 3446 ἀρχαίοις
1357 3375 1458 3445 μύθοις]
1473 3373 1521 3443 οὐχ
1534 3372 1566 3434 ὡς
1579 3372 1654 3443 μόθου
1667 3373 1736 3433 ὄντος
1748 3376 1791 3423 τοῦ
1805 3374 1861 3444 περὶ

244 3466 287 3529 τής
302 3461 380 3533 ἀρχῆς
389 3459 546 3531 ήμρισθήτει.
562 3459 642 3513 BLM.
1074 3452 1118 3520 τὴν
1131 3455 1246 3507 Φυλλίδα
1257 3458 1352 3527 γάμου,
1370 3454 1428 3506 ἀλλ’
1438 3454 1472 3516 ιὀς
1483 3453 1589 3507 παλαιοῦ
1600 3453 1673 3517 πάνυ,
1687 3452 1764 3513 οθτως
1778 3450 1857 3523 εἶπεν.

279 3542 321 3613 Τῷ
341 3541 438 3612 καιρῷ]
455 3537 510 3591 δντλ
530 3541 574 3591 τοῦ
596 3540 628 3607 τῇ
650 3536 759 3607 ιθκαιρίᾳ
786 3537 945 3606 θαρροῦντος,
969 3535 1030 3588 καθό
1075 3537 1157 3591 BLM.

244 3620 307 3674 κατά
318 3622 378 3674 νέων
393 3619 511 3689 ἐπεχείρει
524 3616 568 3683 τήν
582 3616 678 3683 ἡλικίαν
690 3614 753 3668 κατὰ
764 3621 811 3668 τίῖνν
827 3614 882 3685 περ]
892 3614 1028 3669 Φίλιππον.
1111 3615 1154 3667 32.
1173 3613 1336 3685 Συμμαχίας]
1352 3611 1429 3665 οίονεὶ
1442 3610 1567 3682 συλλόγου
1581 3610 1622 3663 καί
1631 3613 1715 3662 κοινοῦ
1724 3611 1857 3681 συνεδρίου.

284 3778 444 3850 ’Ἀνθεμοῦντα
461 3806 496 3819 -
514 3775 621 3846 Στρέήναν
639 3777 648 3845 ]
664 3774 747 3826 Ταῦτα
770 3773 925 3835 Μακεδονίας
951 3776 1031 3845 χωρία
1111 3771 1141 3823 Et
1152 3771 1195 3843 μέν
1209 3772 1268 3841 πρός
1278 3770 1342 3842 ἡμᾶς
1354 3769 1513 3841 πολεμήσας]
1526 3768 1660 3840 Τόσχῆμα
1670 3769 1813 3839 περιτροαή.
1827 3771 1856 3822 F.

246 3859 334 3929 όχυρά.
349 3858 431 3912 BLM.
1111 3852 1154 3907 33.
1179 3852 1299 3922 Ἀπέστη]
1316 3852 1487 3921 παρεχώρησε.
1502 3852 1537 3916 Q.

282 3936 366 3991 Ἀθτιῦν
377 3935 484 4007 ἑχόντων
494 3932 540 3999 τὴν
548 3932 632 4003 πόλιν]
644 3930 698 3985 άντλ
707 3934 752 3984 τοῦ
761 3928 987 4002 αότονομουμένων.
999 3934 1029 3986 F.
1111 3931 1154 3994 34.
1175 3930 1322 4001 Σκοτεινδν]
1338 3930 1354 3995 ή
1367 3927 1454 3999 ἀσαφὲς
1466 3928 1482 3993 ἢ
1498 3926 1609 3996 οὐδεμιᾶς
1618 3925 1791 3996 λαμπρότητος
1802 3927 1859 3999 ἐχό-

283 4019 332 4072 υθ(
352 4014 508 4068 ’numum
519 4011 709 4083 μετεπέμψατο]
722 4011 755 4073 ὡς
766 4009 805 4064 tul
814 4008 859 4076 τὴν
875 4010 1031 4064 Πακεδυνίαν
1076 4027 1149 4080 μενον
1159 4011 1202 4062 καί
1212 4010 1256 4062 οόκ
1267 4010 1334 4071 άξιον
1348 4012 1391 4075 τῆς
1404 4007 1537 4078 ἡγεμονίας
1549 4008 1592 4071 τῆς
1606 4004 1715 4070 πόλεως,
1734 4005 1799 4057 ἀλλὰ
1816 4026 1859 4059 τα·

248 4094 462 4167 έπδτῆςθράκητ
475 4096 505 4149 F.
1074 4093 1157 4142 στεινοῦ
1177 4089 1339 4160 φρονήματος.
1377 4086 1500 4153 Τεθνηκδς
1519 4084 1547 4138 δὲ
1567 4082 1638 4136 οὐδέν
1662 4082 1723 4153 ίχον
1745 4087 1859 4155 φανερόν,

283 4195 326 4248 29.
347 4166 873 4245 Πτολεμαίου]οότοςήνόέπικαλοθμενος
887 4168 1029 4242 Ἀλωρίτης,
1074 4166 1133 4220 ἄλλ’
1155 4168 1258 4239 άρανές,
1282 4168 1310 4221 ἐκ
1333 4168 1469 4238 μεταφορᾶς
1492 4170 1542 4218 τῶν
1563 4163 1727 4229 τεθνηκότων.
1753 4166 1857 4217 BFLM.

245 4261 273 4321 ῦς
284 4256 377 4309 ἀνελὼν
394 4252 549 4323 Ἀλέξωδρον
566 4251 609 4304 τόν
623 4250 755 4322 Ἀμύντου,
768 4250 953 4321 σιλλσόομίνης
966 4250 1033 4323 αὑτῷ
1074 4248 1203 4302 Σκοτεινδν
1217 4248 1260 4320 μέν
1273 4246 1375 4319 άσαφές,
1390 4244 1506 4312 τεθνηκός
1517 4244 1545 4297 δὲ
1560 4242 1640 4313 δειλίᾳ
1654 4241 1709 4294 ἀντὶ
1722 4248 1766 4295 τοῦ
1778 4262 1860 4296 ταπει-

247 4337 305 4410 πρδς
319 4338 392 4389 τοῦτο
404 4333 540 4406 Εθρυδίκης
552 4334 595 4399 τῆς
610 4331 700 4402 μητρός
717 4329 884 4401 Ἀλεξάνδρου,
900 4331 941 4383 καί
952 4331 1033 4401 γήμας
1075 4327 1129 4382 νόν.
1143 4329 1204 4380 LM.

247 4416 292 4484 τὴν
304 4415 440 4487 Εθρυδίκην
453 4413 494 4466 καὶ
515 4410 686 4482 έπιτροτεόσας
703 4409 836 4480 Περδίκκου
852 4409 894 4461 καί
906 4410 1033 4464 Φιλίππου
1110 4406 1253 4478 Πικρδν-
1274 4411 1324 4460 τιῦν
1343 4405 1512 4478 πραγμάτων]
1531 4402 1575 4454 οῦκ
1593 4401 1727 4473 ἀρξάμενος
1745 4401 1793 4455 ἀπό
1810 4406 1860 4454 τῶν

247 4497 340 4552 παίδων
352 4495 431 4549 όντων
448 4491 603 4547 έόασίλευσεν
617 4489 660 4557 έτη
676 4489 706 4555 ε’,
721 4490 763 4542 καλ
777 4488 924 4555 άποθνήσκει
936 4488 1032 4560 άναιρε-
1075 4488 1164 4559 κυρίων
1175 4488 1338 4557 πραγμάτων.
1352 4488 1435 4540 BLM.

247 4578 310 4650 θείς,
324 4576 459 4646 Περδίκκου
473 4572 549 4626 αῦτσῦ
560 4569 605 4638 τήν
617 4566 750 4635 ίπιόουλήν
762 4570 935 4635 συστήσαντος.
947 4571 1030 4624 BLM.
1112 4566 1155 4619 35.
1176 4564 1206 4617 Τι
1227 4566 1393 4636 πεπονθέναι]
1415 4564 1492 4617 οἷονελ
1516 4562 1635 4633 συρίττειν
1658 4561 1673 4627 ή
1697 4562 1810 4614 τοιοῦτόν
1837 4580 1861 4615 τι

284 4657 329 4720 Ὃς
340 4651 370 4723 ήν
389 4652 537 4724 έπίτροπσς]
556 4657 605 4704 τῶν
619 4649 674 4721 περ]
686 4649 813 4703 Φίλιππον
831 4648 868 4702 ἔτι
885 4654 976 4719 μικρῶν
989 4649 1032 4701 όν·
1075 4644 1189 4713 πάσχειν.
1226 4643 1371 4710 Δεληθότυνς
1382 4642 1409 4695 δὲ
1419 4643 1526 4712 δῑασθρῑῑ
1539 4639 1584 4705 τό*
1601 4640 1780 4710 θθμῡῑρθτίαθ,
1791 4641 1824 4702 ὣς
1835 4640 1861 4693 ἓν

248 4754 307 4790 των.
323 4735 383 4788 FM.
1075 4724 1138 4795 αότῇ
1149 4721 1180 4776 τά
1190 4725 1292 4776 τοιαῦτα
1301 4721 1465 4776 πολιτεύεται.
1475 4723 1579 4775 BFLM.

285 4814 328 4867 30.
352 4806 643 4882 Ἀνοχίις]Ἀνοχαίείοιν
653 4807 678 4858 αί
690 4805 749 4877 πρός
761 4804 848 4876 όλίγον
860 4805 951 4875 χρόνον
960 4805 1033 4876 θπερ-
1109 4807 1168 4858 Τῶν
1186 4802 1385 4876 γεγραμμένων]
1399 4801 1430 4853 Οί
1442 4800 1490 4871 γὰρ
1504 4796 1537 4870 μή
1548 4799 1680 4867 δυνάμενοι
1697 4797 1746 4850 άπὸ
1765 4798 1863 4868 μνήμης

249 4896 324 4955 θέσεις
343 4895 388 4945 τοῦ
407 4890 532 4960 πολέμου,
553 4885 704 4950 άςκαλεῖό
725 4884 873 4949 θουκυδίδης
887 4883 1032 4955 ἀνακωχὰς,
1077 4886 1153 4941 είπείν
1165 4885 1284 4956 γράφουσι
1297 4880 1575 4952 πολλάκιςᾶμέλλουσι
1586 4878 1679 4948 λέγειν.
1696 4878 1798 4930 BFLM.
1826 4877 1860 4929 Ἦ

237 4973 315 5045 ,παρά
330 4972 359 5026 τδ
373 4970 471 5043 ἀνέχειν
489 4968 530 5023 καί
541 4969 603 5030 τέως
616 4964 806 5019 άναόάλλισθαι.
823 4964 927 5017 BFLM.
967 4962 1033 5017 Ἀνο-
1075 4963 1120 5019 οδν
1140 4966 1173 5027 ὡς
1194 4963 1365 5033 σκηπτόμενον
1380 4960 1453 5013 αδτδυ
1471 4958 1553 5030 λέγει,
1573 4958 1588 5022 ἢ
1611 4954 1694 5019 ἐπειδὴ
1713 4955 1817 5025 ἔγραφεν
1836 4955 1862 5008 έν

249 5052 296 5124 χάς
311 5046 355 5105 υθν
367 5047 412 5117 τήν
426 5044 552 5113 άναθυλὴν
564 5049 608 5100 τοῦ
622 5044 732 5115 πολέμου
749 5041 808 5111 πρὸς
827 5040 915 5111 ὀλίγον
930 5043 1031 5112 χρόνον.
1075 5046 1250 5116 θπομνηστικῷ
1260 5043 1315 5113 περὶ
1328 5043 1392 5103 τίνος
1403 5041 1445 5093 καί
1456 5040 1480 5092 τί
1490 5038 1572 5104 δεήσει
1582 5037 1678 5107 λέγειν.
1688 5036 1770 5088 Bm.

251 5134 310 5187 [M.
325 5131 376 5185 Οῦκ
389 5128 444 5184 είπε
455 5129 533 5189 ποίας.
575 5125 728 5180 Ἐπλέττετο
740 5121 788 5192 γάρ
802 5122 886 5188 δῆθεν.
900 5122 931 5174 F.
1112 5123 1252 5195 Διεσφάλη]
1266 5143 1307 5194 γρ.
1321 5120 1478 5191 παρεσράλη,
1492 5117 1633 5172 ἐπελάθετο.
1648 5117 1678 5168 Β.

289 5209 435 5282 Ἐκδογήν]
448 5209 524 5263 οίονεί
536 5206 665 5277 διαδοχήν·
680 5202 800 5264 διεδέξατο
813 5200 860 5271 γὰρ
870 5200 913 5253 τόν
927 5198 1033 5269 ἀδελφόν
1114 5208 1157 5276 39,
1178 5205 1256 5257 Τοῦτο
1268 5203 1294 5256 δὲ
1306 5198 1336 5268 ἦν
1346 5203 1394 5267 ἄρα
1404 5197 1501 5270 ἀγχόνη
1515 5193 1724 5270 (εἰο).]’λγχονή
1734 5192 1773 5246 έπι
1785 5192 1862 5245 αότοῦ

251 5295 284 5358 τίς
298 5294 341 5348 τόν
354 5273 412 5366 πρὸς
423 5290 487 5364 ἡμᾶς
498 5289 607 5359 πόλεμον
620 5286 663 5340 τόν
674 5283 732 5356 &dp
747 5282 919 5355 Ἀμφιπόλεως,
938 5281 987 5337 BF.
1078 5292 1121 5341 τοῦ
1135 5287 1225 5347 πάθους
1235 5283 1357 5346 όξόνεται,
1372 5280 1410 5334 ἐπὶ
1421 5279 1447 5331 δὲ
1463 5284 1506 5331 τοῦ
1518 5278 1611 5349 βρόχου
1625 5273 1791 5346 παροξύνεται,
1805 5274 1835 5325 F.
