3967 5967
631 445 710 507 XIX.
735 445 825 506 ΠΕΡΙ
844 444 922 504 mx
942 443 1271 504 ΠΑΡΑῙΙΡΕΣΒΕῙΑΣ.
1690 455 1748 506 62⁸

153 580 262 650 κμίπτειν
281 575 326 641 τὴν
345 574 464 647 αἰσχύνην
483 577 597 645 καρτερεῖ
607 574 716 645 γαμύρδν
730 573 804 628 αἰιτού
819 573 930 645 εύφήμως
975 571 1047 624 καινά
1066 573 1187 643 δράματα.
1225 572 1260 624 Τδ
1276 571 1327 624 δίε
1346 572 1387 624 καὶ
1407 572 1504 634 τούτους
1517 570 1666 643 ἀμαρτύρους
1681 596 1691 624 ε
1708 575 1751 647 ἔρ.

153 656 282 711 ἀποκαλῶν
294 654 336 708 τόν
350 653 474 707 Φίλιππον
484 651 524 705 διά
535 652 578 706 τδν
588 652 651 707 νίόν.
664 653 746 705 TCV.
972 668 1044 720 φασιν
1063 649 1171 721 ἔχειτοῦ
1188 651 1308 722 μηδεμίαν
1323 650 1445 711 ἀπόδειξιν
1456 650 1542 721 ἀκριόή
1562 654 1750 724 παρασχόμενον

186 735 228 806 Τῷ
240 735 285 802 δὲ]
301 740 336 805 τῷ
348 732 461 803 Φρύνωνι
472 731 549 801 λέγει.
568 727 645 792 Οὗτος
655 731 703 802 γάρ
715 728 833 796 κηδεστὴν
845 729 929 795 ίποιή-
972 728 1099 798 Τίμαρχον
1113 729 1335 792 καταδικάσασθαι,
1349 728 1471 798 χρήσιμον
1481 730 1507 783 δέ
1518 730 1560 782 καί
1573 730 1632 800 πρός
1642 730 1686 796 τήν
1703 751 1749 786 κα.

152 832 211 866 σατο
225 813 303 884 ἑαυτῷ
315 812 358 865 τὀν
371 810 507 874 Φίλιππον,
520 808 603 871 ἐκδούς
619 808 705 863 ίαυτού
720 809 773 863 υίύν
788 813 824 880 τῷ
837 808 929 862 Φιλίπ·
972 811 1062 877 ρούσαν
1072 806 1198 860 ύπόθεσιν*
1216 806 1271 859 ούδά
1284 805 1332 876 γάρ
1345 804 1416 868 αύτδς
1426 809 1556 876 παρέχεται
1571 809 1698 879 μάρτυρας,
1707 810 1751 863 ἵνα

150 911 198 963 περ.
211 892 291 944 ΑίλΤ.
498 882 504 895 ’
973 885 1002 938 τδ
1018 886 1104 956 ὅμοιον
1118 891 1153 957 τῷ
1162 884 1241 956 όμοίιμ
1253 883 1407 955 παραόληθὲν
1419 883 1463 951 τήν
1476 884 1531 952 ἰσην
1543 885 1610 947 ἀξίαν
1621 887 1686 957 παρὰ
1698 892 1752 951 τοῖς

185 968 252 1038 377,
266 972 292 1023 6.
307 965 392 1038 Τούτῳ
402 965 442 1033 δ’]
456 963 570 1036 Αἰσχίνη.
581 965 612 1017 P.
973 962 1087 1029 ἀκούουσι
1099 964 1175 1037 λάόη.
1211 964 1245 1016 Τθ
1259 963 1285 1017 δά
1298 963 1356 1033 πρδς
1366 965 1590 1034 διαμεμετρημένην
1603 965 1647 1030 τήν
1658 965 1751 1036 ἡμέραν

186 1046 247 1115 377,
265 1063 307 1099 ιι.
329 1044 386 1097 Οὐδ’
399 1042 515 1114 ἀφιέντων
534 1040 650 1112 ἀφίησιν]
672 1040 748 1102 ούτως
768 1038 796 1093 ού
816 1039 930 1110 βούλεται
972 1041 1059 1109 φησὶν,
1072 1042 1111 1093 ότι
1124 1040 1185 1101 τινές
1197 1046 1246 1092 τῶν
1261 1039 1364 1110 ἀγώνων
1378 1039 1419 1092 διά
1431 1041 1460 1093 τδ
1472 1043 1572 1111 μέγεθος
1583 1042 1750 1112 λαμόάνουσιν

149 1122 212 1177 κατά
224 1123 348 1177 Φιλίππου
362 1122 442 1193 λέγειν
453 1124 515 1174 ὥστε
526 1120 616 1191 ζημίαν
629 1118 727 1185 ἡγεῖται
737 1118 766 1171 τδ
779 1116 812 1189 μή
823 1137 929 1189 συνηγο-
973 1120 1030 1189 ύρον
1041 1117 1086 1185 τήν
1096 1118 1189 1190 ἡμέραν
1205 1118 1247 1171 καί
1257 1118 1321 1188 ύδωρ
1334 1117 1363 1171 τδ
1373 1117 1495 1189 ἐξαρκοῦν.
1516 1120 1595 1191 Αίρεῖς
1605 1121 1632 1173 δὲ
1643 1122 1749 1186 διώκων,

149 1205 201 1272 ρεῖν
215 1202 290 1274 αύτῷ.
328 1202 378 1254 ίίάν
399 1200 447 1272 γάρ
460 1199 529 1271 ύμεῖς
552 1197 628 1269 ἀφῆτε
646 1197 731 1262 αθτδν,
749 1197 876 1261 ἀνεύθυνος
889 1195 928 1262 εἴ,
972 1204 1127 1269 κατηγορῶν.
1143 1199 1224 1251 TCV.

148 1281 294 1351 φάσκοντες,
320 1278 354 1353 μή
376 1280 518 1343 πολιτεύου,
540 1277 709 1341 ἀπαλλάττου,
734 1275 778 1331 οἰκ
802 1275 930 1347 ἀφίσταται
1010 1276 1071 1346 378,
1090 1296 1116 1347 7.
1131 1277 1224 1347 Αίρεῖς]
1242 1274 1298 1328 ἀντὶ
1316 1280 1360 1328 τοῦ
1376 1279 1452 1345 νικᾷς.
1493 1273 1626 1340 Ὄξντόνως
1639 1276 1751 1350 ἀναγνω·

149 1356 227 1429 ἀμῶν.
240 1360 320 1412 ch.
974 1355 1054 1411 στάον.
1070 1356 1145 1410 m.

184 1437 242 1490 (δ’δ’
254 1436 370 1508 ἀφιέντων
381 1436 492 1507 ἀφίεται]
506 1434 563 1490 Ὅτι
574 1435 619 1488 κάν
628 1431 780 1505 ύμεῗςαύτθν
792 1432 878 1500 ἐάσητε
887 1436 930 1498 τῆς
1010 1434 1071 1502 378,
1094 1437 1120 1488 8.
1134 1432 1241 1485 Πολλῶν
1258 1432 1339 1485 τοίνυν
1357 1431 1399 1483 καί
1411 1432 1496 1484 δεινῶν
1514 1434 1609 1504 όντων]
1625 1434 1698 1487 Ἀλλο
1710 1434 1752 1489 ἀπ’

149 1518 274 1589 τιμωρίας,
286 1516 356 1579 αύτδς
367 1517 410 1571 ούκ
419 1514 547 1587 ἀφίσταται
559 1518 603 1580 τῆς
613 1512 737 1567 Φιλίππου
746 1512 835 1581 φιλίας.
848 1513 927 1566 ΑΒΤ.
974 1508 1052 1581 ἀρχῆς
1069 1511 1127 1581 άχρι
1140 1512 1239 1575 τέλους,
1254 1510 1295 1563 καί
1307 1514 1381 1563 τούτο
1395 1507 1422 1562 ἰκ
1437 1515 1486 1562 τῶν
1505 1513 1696 1582 πεπραγμίνων,
1711 1513 1753 1566 καί

185 1595 247 1665 377,
266 1599 307 1658 τίς.
332 1594 432 1656 Καίτοι,
452 1591 534 1661 τίς]ἡ
551 1598 601 1647 τῶν
615 1589 727 1660 ἀλέγχων
745 1587 872 1656 ἀπαίτησις
891 1587 930 1642 έν·
974 1589 1040 1658 άλλη
1057 1589 1176 1652 ἀπόδειξις
1188 1593 1231 1655 τῆς
1242 1589 1396 1659 δωροδοκίας.
1410 1589 1595 1644 BFRSYTCV.
1614 1589 1753 1662 Αμαρτάνιι

150 1676 227 1728 ταῦθα
240 1674 324 1729 πάλιν.
337 1675 436 1730 ARTP.
974 1669 1001 1722 δά
1014 1688 1039 1721 τι
1056 1669 1113 1739 περί
1124 1674 1198 1722 τοῦτο
1215 1668 1244 1720 τδ
1262 1669 1333 1738 μέρος
1354 1668 1501 1738 γενόμενος,
1518 1668 1562 1720 ούκ
1572 1667 1702 1734 ἐπιστήσας
1717 1677 1754 1744 τῷ

184 1754 247 1825 377,
262 1756 385 1824 ακ.Βοᾷ]
397 1753 492 1822 Μικρού
503 1750 546 1803 καί
556 1747 640 1822 φωνὴν
651 1750 704 1811 τοῖς
716 1748 842 1817 πράγμασι
850 1746 929 1817 περιέ·
973 1753 1066 1818 καιρῷ,
1081 1748 1136 1801 καθ’
1157 1747 1186 1800 δν
1208 1744 1224 1812 ἡ
1245 1745 1358 1815 πρεοόεία
1377 1746 1474 1816 γέγονε.
1512 1745 1606 1800 Γίνεται
1626 1748 1673 1818 γάρ
1691 1751 1752 1819 αύτη

150 1833 223 1900 θηκεν
242 1832 351 1905 ἔμψυχον
367 1837 443 1887 ποιῶν
456 1831 499 1885 τδν
512 1828 601 1900 λόγον.
620 1827 809 1881 BFRSYTCV.
831 1823 879 1876 Καί
901 1824 931 1878 τδ
973 1826 1042 1896 τρίτη
1062 1825 1176 1896 πρεσδεία
1192 1824 1250 1895 πρδς
1268 1823 1408 1888 Φθιππον,
1429 1825 1489 1876 όντα
1507 1823 1532 1877 ἰν
1547 1825 1674 1878 Φωκεῦσιν
1693 1827 1752 1896 ήδη.

150 1915 258 1980 συνεχῶς
271 1909 298 1961 δὲ
309 1909 338 1962 τδ
351 1909 444 1976 πλῆθος
454 1913 504 1961 τῶν
517 1905 662 1968 ἀποδείξων
675 1903 795 1975 ἐμφαίνει.
813 1903 893 1957 TCV.
974 1904 1104 1972 Συνίστησί
1121 1924 1148 1958 τε
1164 1902 1204 1956 διά
1218 1904 1304 1956 τούτου
1319 1904 1361 1954 τόν
1375 1921 1402 1955 τε
1422 1902 1529 1973 ἔλεγχον
1545 1908 1588 1970 τῆς
1608 1906 1755 1976 δωροδοκίας

186 1989 249 2058 377,
260 1988 304 2041 25.
320 1987 367 2040 ίίαί
379 1989 414 2050 τίς
428 1985 680 2059 μουκαταμαριυριῖ,
693 1982 784 2052 φησίν]
801 1980 844 2034 Ἐν
858 1981 931 2051 βαρύ·
974 1983 1017 2036 καί
1029 1983 1058 2036 τὀ
1076 1984 1219 2053 παρειμένον
1236 1981 1305 2034 αύτό.
1342 1982 1378 2033 Δι’
1392 1982 1422 2049 ἣν
1437 1981 1485 2052 γάρ
1498 1982 1577 2035 αἰτίαν
1589 1983 1633 2036 ούκ
1646 1984 1754 2057 ἰφιύρασε

151 2085 206 2135 τητι
225 2068 305 2119 κεῖται
322 2066 407 2128 ούτως.
449 2064 491 2127 Ὧς
508 2069 551 2131 τῆς
565 2061 707 2125 ἀποδείξεως
720 2060 746 2114 δί
764 2065 807 2127 τῆς
822 2055 869 2113 διάι
882 2065 931 2113 τῶν
974 2061 1029 2123 τούς
1043 2060 1159 2131 Αἰσχίνου
1170 2061 1260 2131 λόγους
1274 2058 1336 2129 μετὰ
1345 2057 1390 2124 τήν
1408 2058 1506 2125 ἰξσδον,
1519 2061 1657 2129 συνίστησιν
1671 2061 1754 2117 ἀκτοθ

152 2145 304 2215 πραγμάτων
322 2142 473 2215 ἰλεγχούσης
484 2142 616 2213 εἰληφότα,
631 2140 657 2194 ίν
676 2138 730 2206 ἤθει
748 2137 794 2204 τήν
811 2137 931 2191 ἀντίθεσιν
974 2139 1018 2192 τὸν
1032 2138 1149 2209 Αἰσχίνην
1162 2140 1307 2208 καταμεῖναι
1321 2139 1400 2207 δεῦρο.
1417 2138 1497 2192 ww.

151 2221 278 2294 εἰσήγαγε.
317 2223 366 2277 Καί
379 2224 471 2277 τούτων
486 2221 550 2275 οθτω
568 2222 745 2292 δεικνυμένων,
765 2218 840 2288 φησί,
851 2218 933 2288 τολμᾷ
1011 2219 1073 2286 378,
1090 2236 1132 2272 10.
1147 2218 1248 2288 Δοκεῖν]
1263 2215 1318 2268 ἀντί
1330 2219 1373 2269 τοῦ
1384 2215 1518 2285 φαίνεσθαι.
1533 2216 1631 2270 ΑἰίΤΡ.

150 2300 242 2371 λέγειν,
261 2327 272 2349 ι
285 2302 326 2355 καί
338 2304 373 2365 τίς
383 2322 428 2373 μου
437 2302 691 2372 καταμαρτυρεΐδῶρα
703 2298 831 2364 λαύτῖνςε
848 2294 879 2348 Ἣ
888 2296 932 2349 λύ·
1011 2298 1073 2365 378,
1090 2296 1131 2351 ε5.
1146 2295 1240 2357 ίίαλαῖς
1256 2295 1298 2348 καί
1310 2293 1446 2365 μεγάλαις]
1461 2294 1515 2348 κατ’
1527 2293 1661 2364 εἰρωνείαν.
1677 2297 1752 2350 ART.

151 2399 188 2441 σις
206 2380 233 2433 δέ
247 2379 309 2432 κατά
330 2379 480 2443 άντεξέτασιν
501 2384 550 2432 τῶν
564 2379 715 2449 πραγμάτων
738 2378 782 2444 [τε
801 2375 845 2428 καί
857 2374 933 2447 ρημά
1011 2375 1072 2443 378,
1093 2376 1134 2428 18.
1154 2372 1334 2443 Ἐξωμοσάμην
1348 2370 1447 2442 εύθὲως]
1468 2372 1497 2424 Τί
1517 2373 1622 2442 διαφέρει
1636 2371 1756 2443 ἐξωμοσία

150 2478 199 2515 των
209 2462 234 2530 ·]
247 2460 302 2512 τίνα
325 2459 418 2513 τούτων
439 2456 639 2528 ἀξιοπιστότερος
659 2455 735 2523 δῆλον
752 2455 790 2509 δτι
808 2453 838 2508 τά
851 2456 930 2525 πράγ·
975 2451 1017 2504 καί
1028 2452 1173 2523 ύπωμοσίας
1185 2451 1305 2522 ἐξωμοσία
1319 2449 1361 2517 μίν
1374 2451 1421 2519 γάρ
1435 2449 1499 2502 ἐστιν
1514 2448 1530 2514 ἡ
1549 2448 1668 2516 παντελής
1681 2452 1755 2521 ἀρνη-

153 2557 227 2609 pata.
242 2538 325 2593 TCV,
976 2548 1012 2592 σες
1027 2532 1082 2601 μεθ’
1104 2533 1191 2602 θρκου,
1206 2530 1335 2600 ύπωμοσία
1348 2528 1375 2581 δὲ
1394 2528 1409 2593 ἡ
1429 2528 1528 2598 ἔνορκος
1550 2528 1674 2596 ἀναόολὴ,
1697 2533 1756 2585 θταν

187 2618 249 2686 377,
263 2621 307 2671 26.
320 2616 399 2668 Τούτο
409 2616 457 2685 γάρ
471 2614 521 2668 ἔστι
534 2614 563 2668 τ“ο
574 2612 704 2684 λαμπρθν]
720 2610 755 2664 Ἢ
766 2612 805 2664 δτι
815 2612 888 2664 τοῦτο
900 2611 933 2673 ύις
976 2608 1055 2681 ὀμνύῃ
1069 2629 1104 2673 τις
1126 2612 1164 2662 ότι
1178 2613 1220 2661 νῦν
1237 2609 1279 2679 μέν
1294 2607 1322 2660 ού
1336 2609 1441 2676 δύναμαι
1454 2609 1510 2660 τόδε
1528 2613 1642 2674 ποιῆσαι,
1656 2610 1756 2680 ύστερον

153 2698 216 2767 μέγα
230 2694 270 2748 καί
283 2692 396 2763 λαμπρδν
410 2691 526 2761 Αἰσχίνης
546 2692 681 2762 προτείνει,
697 2692 713 2757 ί]
732 2691 771 2744 δτι
785 2690 815 2746 τθ
827 2695 933 2760 φανερῶς
976 2689 1002 2742 δὲ
1016 2689 1077 2757 ναύτδ
1097 2688 1202 2755 ποιήσω.
1240 2687 1366 2757 Διωμοσία
1381 2684 1433 2751 δέὴ
1447 2688 1564 2756 γινομένη
1580 2687 1605 2740 ἀν
1623 2692 1676 2751 τοῖς
1688 2692 1756 2742 δικα-

153 2794 179 2830 σε
191 2774 264 2827 πλέον
274 2771 397 2843 ἐλέγχον,
410 2775 483 2825 τούτό
497 2770 572 2825 ἰστιν.
586 2771 668 2824 ch.
976 2766 1098 2836 στηρίοις,
1112 2768 1170 2819 όταν
1182 2765 1261 2836 όμνύη
1273 2764 1314 2816 καί
1325 2764 1339 2815 6
1350 2763 1486 2833 κατήγορος
1499 2764 1540 2815 καί
1548 2764 1562 2816 6
1571 2765 1682 2835 φεύγων·
1696 2768 1756 2834 αύεη

188 2853 250 2921 378,
264 2868 291 2907 2.
305 2850 369 2922 Πρδς
380 2850 407 2904 δὲ
420 2850 473 2910 τοῖς
484 2849 641 2919 πράγμασιν]
659 2847 813 2917 Σημείωσαι·
829 2846 932 2914 κλητικὴ
976 2844 1002 2898 δί
1016 2847 1057 2899 καί
1069 2844 1211 2915 ἀντωμοσία
1224 2844 1331 2913 λέγεται.
1351 2843 1526 2896 ACDGRTV.

152 2932 278 3002 περίοδος,
299 2933 369 3002 μέρος
385 2929 535 3000 πνεύματος,
554 2929 587 2990 ὡς
601 2925 754 2997 ἀποστροφήν
769 2925 932 2997 ἐργαζόμενον
1012 2922 1120 2994 Εύθέως]
1145 2921 1302 2988 λσνληπιού·
1317 2921 1346 2973 τ“ο
1362 2920 1447 2981 εύθύως
1458 2921 1589 2989 σοφώτατα
1601 2923 1754 2990 πρόσκειται·

153 3010 195 3064 καί
207 3010 356 3080 καταφοράν.
371 3009 448 3062 ΒΥΡ.
976 2999 1057 3066 ἀπειδὴ
1076 3000 1124 3071 γάρ
1142 2999 1184 3052 καί
1201 2999 1318 3069 Αἰσχίνης
1329 2998 1470 3068 ἰξωμόσατο
1491 2997 1532 3051 καί
1547 2997 1638 3063 ἰσάζει,
1660 2999 1689 3051 τύ
1714 2999 1757 3069 μὲν

159 3148 164 3155 ,
189 3091 251 3160 378,
266 3090 291 3143 3.
316 3087 467 3158 Ἆπόκριναι]
483 3085 531 3141 Δύο
544 3085 644 3157 βήματα
661 3081 708 3150 ἦν,
730 3089 773 3138 τοῦ
796 3088 933 3158 κατηγόρου
976 3080 1052 3132 αύτού
1060 3081 1178 3133 δείκνυσιν
1191 3077 1298 3149 εύλόγως
1310 3079 1455 3149 γινόμενον,
1470 3078 1513 3131 τδν
1523 3076 1682 3145 δίΑἰσχίνην
1697 3077 1759 3147 μετά

153 3171 195 3224 καί
207 3175 250 3224 τού
264 3169 481 3241 ἀπολογουμένου,
491 3168 534 3220 καί
546 3170 590 3219 τού
603 3165 657 3228 ένδς
674 3165 789 3236 λέγοντος
809 3166 934 3229 ἰκαθίζετο
977 3158 1111 3229 1601(sz
1126 3157 1267 3227 ωῡθρτως
1281 3156 1461 3227 ἆρθηΰᾶμῑθῡθ.
1478 3157 1664 3210 BFASYTCV·
1679 3156 1760 3223 Ληλῠῖ

153 3245 276 3319 ύύτερος,
289 3239 373 3309 έωςού
390 3244 457 3317 είπη.
493 3244 529 3297 Tb
543 3243 570 3297 δέ
587 3242 714 3314 ἀπόκριναι
726 3241 800 3296 εἰπὼν
819 3242 862 3296 οθκ
876 3244 933 3299 ἀπί-
977 3238 1004 3293 δί
1013 3239 1064 3309 ἅμα
1076 3238 1117 3290 καί
1127 3234 1172 3302 τήν
1184 3235 1294 3289 εὔνοιαν·
1308 3237 1398 3307 ύιςγάρ
1409 3235 1540 3306 φιλόπολίν
1552 3234 1757 3305 μεήναγκάσατε.

154 3321 321 3387 δωκεν,ἀλλ’
335 3320 472 3391 εύθύςπρύς
487 3319 664 3391 άλλοίτράεεη.
701 3318 859 3390 Αίγομενδτι
876 3323 935 3393 πρὸς
976 3316 1054 3370 TCV·

153 3400 183 3456 τ“ο
197 3400 319 3470 ἀνώτερον
331 3398 412 3453 κῶλον
429 3397 552 3452 ἀντέδωκεν
566 3396 633 3450 οἷον·
650 3399 685 3460 τίς
697 3395 713 3463 ἡ
727 3400 829 3468 πρόνοια
845 3397 933 3465 αθτηὴ
1013 3395 1075 3463 378,
1090 3397 1133 3446 26.
1148 3390 1190 3457 Μή
1205 3390 1341 3462 σύγκλητος
1357 3389 1474 3456 ἐκκλησία
1488 3391 1606 3461 γίνηται]
1618 3391 1759 3462 Σύγκλητος

154 3475 213 3547 ύπίρ
227 3481 271 3529 τού
284 3477 469 3545 Φιλοκράτουςς
485 3476 564 3530 ΑΒΤ.
978 3472 1095 3540 ίκκλησία
1117 3470 1133 3538 ἡ
1154 3468 1271 3541 γινομένη
1289 3469 1399 3539 ἰξαίφνης
1416 3468 1457 3521 διά
1476 3470 1505 3522 τί)
1523 3472 1678 3541 κατεπεῖγον,
1703 3473 1756 3525 BY.

192 3552 328 3624 Ἀπόκριναι
345 3554 393 3625 γὰρ
416 3555 502 3624 δεῦρο]
516 3552 552 3605 Ἣ
568 3553 627 3623 πρίες
643 3553 672 3605 τδ
686 3551 799 3623 ἀνωτέρω
814 3551 868 3623 ἔχει
890 3553 934 3621 τήν
978 3555 1048 3625 Τρεῖς
1061 3551 1109 3623 γάρ
1124 3550 1250 3616 ἐκκλησίαι
1264 3554 1307 3602 τοῦ
1326 3549 1402 3619 μηνδς
1416 3549 1527 3619 γίνονται
1539 3548 1686 3619 ύιρεσμίναε·
1704 3549 1719 3617 ἡ
1733 3550 1760 3604 δί

157 3630 280 3704 ἀναφοράν
303 3637 394 3698 τούτο,
413 3633 429 3698 ἡ
452 3634 490 3685 ότι
508 3637 558 3685 τῶν
578 3631 662 3684 ἀλλων
683 3632 805 3701 πρόσύεων
825 3630 934 3702 ἐχόντων
978 3633 1113 3704 σύγκλητος
1132 3629 1180 3699 ούχ
1201 3629 1334 3700 ὡρισμένη.
1351 3629 1506 3682 ACDGRV.
1520 3627 1661 3696 Σύγκλητος
1675 3629 1701 3682 δὲ
1719 3629 1759 3683 ἐκ·

156 3713 276 3783 πρόφασιν
297 3711 327 3763 σθ
340 3711 455 3782 ούδεμίαν
469 3710 534 3781 ἔχεις
545 3714 587 3765 τοῦ
603 3709 635 3782 μὴ
649 3709 797 3763 ύπακούσαε·
814 3709 866 3765 ἀπεὶ
878 3709 937 3765 ἀπό-
978 3711 1069 3777 κλησία
1081 3708 1183 3775 ἀκλήθη,
1198 3704 1278 3772 ἐπειδή
1295 3705 1320 3759 ἰν
1335 3706 1378 3777 μέν
1390 3709 1442 3768 τοῖς
1458 3706 1569 3776 νομίμοις
1584 3707 1627 3759 καί
1633 3709 1759 3774 συνήθεσιν

155 3810 249 3862 κριναι,
264 3789 304 3843 διά
313 3791 338 3844 τί
349 3790 397 3862 ούχ
409 3789 544 3857 ύπήκουσας
555 3791 720 3862 καλούμενοςς
732 3790 761 3843 τδ
773 3789 799 3843 δύ
812 3788 934 3855 ἀναστάς,
979 3789 1019 3859 ἀφ’
1041 3788 1128 3842 tauma
1140 3787 1155 3839 6
1166 3788 1243 3856 δῆμος
1256 3786 1410 3856 συνέτρεχεν·
1423 3786 1482 3837 όταν
1494 3784 1521 3837 δί
1535 3784 1560 3846 le
1574 3784 1680 3855 ἀνάγκης
1693 3787 1758 3849 τινδς

155 3868 237 3934 ἔπειδὴ
250 3869 283 3933 είς
296 3870 325 3923 εδ
341 3871 422 3941 ἕτερον
438 3871 505 3940 βήμα
518 3870 533 3923 6
546 3871 687 3941 κρινόμενος
696 3868 838 3932 ἀκαθίζετο,
849 3871 894 3933 ίως
906 3872 935 3923 ἀν
979 3871 1100 3941 σύλλογος
1112 3869 1228 3938 γένηται,
1244 3865 1393 3931 συγκαλοῦσι
1404 3864 1465 3926 τινίς
1479 3865 1618 3935 περιιόντες.
1633 3867 1713 3920 TCV.

155 3949 273 4022 πληρώση
285 3950 327 4003 τόν
342 3949 420 4021 λόγον
438 3949 478 4003 έπί
489 3954 532 4002 τού
544 3949 623 4020 ἐτέρου
639 3948 747 4020 βήματος
762 3949 776 4001 6
787 3949 934 4021 κατήγορος.
1015 3951 1077 4019 378,
1093 3951 1136 4002 28.
1152 3945 1198 3997 ίίαί
1208 3944 1239 3997 τά
1248 3945 1380 4015 πράγματα
1393 3943 1483 4015 ίκφύγη
1495 3943 1537 3995 τὸν
1550 3943 1689 4011 Φίλιππον]
1699 3941 1760 3999 θίον

155 4026 302 4099 Ἢπφδςτύ
320 4032 363 4083 νύν
380 4027 508 4098 ἀπόκριναι
522 4027 658 4099 εἰρημένον.
700 4025 835 4098 Απόκριναι
849 4030 888 4082 δτι
908 4028 936 4081 ού
979 4028 1010 4082 τδ
1024 4027 1175 4097 κατασκάψαι
1186 4025 1296 4085 Φωκάας.
1335 4022 1400 4094 Ὅρα
1413 4022 1439 4075 δέ
1454 4020 1580 4092 πώςὴμάς
1597 4020 1702 4084 έδίδαξιν
1720 4021 1761 4075 ἐν·

155 4106 187 4161 τά
197 4108 329 4178 πράγματά
343 4106 394 4163 ἰστι
414 4113 463 4161 τῶν
478 4109 604 4179 μαρτύρων
617 4107 756 4178 πιστότερα.
766 4108 846 4160 TCV.
979 4106 1057 4159 ταύθα
1075 4105 1113 4157 δτι
1126 4105 1223 4169 καὶτῆς
1236 4103 1316 4172 τρίτης
1329 4101 1454 4172 πρεοόείας
1470 4099 1617 4170 πεμφθείσης
1629 4099 1694 4169 παρὰ
1711 4106 1760 4153 τῶν

193 4187 256 4256 378,
275 4186 301 4242 6.
324 4186 368 4249 Ὃς
382 4185 433 4258 γάρ.
444 4185 557 4254 ἀγῶνας]
575 4186 616 4238 διά
628 4186 755 4258 Τίμαρχον
773 4184 857 4256 λίγει,
875 4186 937 4239 διότι
983 4182 1115 4250 Ἀθηναίων
1128 4180 1165 4234 ἔτι
1175 4180 1293 4243 έοώζοντο
1308 4180 1333 4232 οἱ
1344 4181 1450 4240 Φωκεῖς.
1463 4179 1566 4232 ATCV.

156 4263 324 4394 εχαχχγόρησεν
347 4263 438 4330 αθτού,
461 4266 574 4336 γίροντος
591 4263 693 4335 ἀνδρὸς,
715 4264 749 4325 ώς
767 4261 935 4334 ἡταιρηκότος.
981 4262 1079 4395 ιλα3679,
1094 4261 1125 4390 3.ἱ
1133 4258 1195 4390 Οδύὲτι
1206 4258 1255 4389 γφρ
1265 4253 1430 4387 σίωχένὲθί
1442 4254 1763 4400 μὲχῖπφφίρχρῑδᾟκειχδρνίφγ

228 4379 234 4392 ·
1044 4359 1114 4403 ον,ο
1185 4356 1215 4391 πε
1260 4356 1303 4402 της
1364 4355 1379 4387 κ
1420 4354 1441 4396 ς.
1577 4370 1584 4384 .
1707 4353 1718 4394 ς

198 4415 302 4489 ’ἀγῶνας
322 4418 436 4489 καινούς]
456 4418 594 4489 Παράδοξος
617 4418 665 4490 γάρ
687 4418 702 4471 6
727 4419 790 4473 κατά
811 4419 938 4489 Τιμάρχου
980 4439 1047 4482 τινας
1068 4419 1160 4472 ἐννοεῖν
1186 4357 1230 4468 ίίτιρ
1243 4414 1302 4467 ἀλλ’
1324 4412 1414 4475 ἔξωθεν
1434 4411 1566 4474 ἰπαισάξει,
1585 4410 1651 4464 λύων
1670 4412 1760 4481 φησίν,

159 4496 240 4568 ἀγών·
257 4494 338 4562 ἀπειδὴ
352 4497 442 4566 σχεδὸν
456 4499 622 4568 γεγηρακότος
632 4497 705 4551 αύτοΰ
718 4497 806 4552 λοιπδν
823 4497 879 4568 περί
895 4501 938 4564 τῆς
984 4520 996 4548 ιι
1007 4497 1066 4551 (λάθ’
1081 4495 1098 4564 ἡ
1110 4494 1258 4564 σιτοπομπία
1269 4493 1370 4558 δυνατή.
1387 4514 1399 4542 ε
1410 4492 1487 4545 ch,
1504 4490 1539 4542 Το
1552 4489 1579 4542 δὲ
1592 4490 1645 4561 ᾕρει
1655 4488 1709 4543 ἀντί
1717 4494 1762 4544 τοῦ

160 4574 305 4647 έταιρήσεως
328 4575 512 4645 κατηγόρησεν,
536 4575 608 4638 ἀάσας
634 4575 679 4641 τήν
702 4579 757 4631 νέαν
776 4576 874 4642 ἡλικίαν
892 4574 938 4642 τήν
981 4576 1105 4647 ἀλάμόανε
1120 4573 1162 4626 καί
1180 4571 1321 4643 ίχειρούτο,
1337 4570 1424 4624 ίστιδὲ
1437 4570 1470 4631 ώς
1483 4567 1510 4621 ἰκ
1527 4572 1571 4622 τού
1582 4568 1644 4639 αίρῶ
1655 4567 1763 4639 ῥήματος

159 4653 276 4707 ίίποπτον.
316 4650 379 4705 Ἄνω
399 4652 421 4703 δ’
440 4650 513 4707 εἰπὼν
529 4653 593 4715 τίνος
613 4655 684 4709 ἕνεκα
709 4654 876 4726 καλούμενος,
897 4656 938 4708 ὅτε
981 4655 1172 4727 παραιτουμένου.
1188 4652 1357 4706 ΑίῖίλῦίίΤΤ.

165 4731 292 4803 Ὑπερίδης
316 4729 361 4798 τήν
385 4730 543 4802 εἰσαγγελίαν
564 4732 686 4796 έποιεῖτο,
713 4734 760 4804 ούχ
787 4734 936 4801 ύπήκουσας,
1019 4737 1080 4805 379,
1101 4751 1141 4787 12.
1161 4734 1192 4785 Τί
1203 4732 1298 4802 λέγεις]
1315 4731 1406 4791 ίίλάσις
1421 4729 1554 4799 χαριέντως
1570 4730 1613 4780 τοῦ
1631 4728 1761 4796 ιφοσιύπου

161 4811 289 4883 ίπειδήπερ
303 4810 460 4877 ἀντίπιπτεν,
470 4810 505 4863 θύ
519 4812 567 4884 γάρ
576 4811 698 4884 ἰσκίμμην
710 4813 761 4865 οθδ’
773 4812 876 4884 ἀτοίμως
887 4812 939 4883 ίχω
982 4814 1160 4885 ἀντιλέγοντος.
1199 4811 1271 4864 Ἔστι
1281 4809 1309 4863 δέ
1319 4805 1458 4879 ἀποστροφή
1467 4806 1526 4877 πρδς
1536 4805 1624 4870 αύτθν,
1634 4806 1667 4866 ύις
1676 4805 1703 4859 ἐκ
1713 4811 1762 4859 τῶν

161 4890 316 4964 λέγειν,τὴν
330 4892 426 4947 αἰτίαν·
442 4891 535 4953 ἰξιίλεν
549 4891 639 4956 εἰπὼν,
656 4915 667 4942 ι
682 4892 769 4964 θςγίιρ
778 4892 874 4964 ἀγῶνας
886 4912 939 4946 και-
986 4892 1132 4960 Ἀθηναίων.
1169 4889 1244 4945 Τδδί
1264 4889 1313 4942 ἔδει
1333 4888 1360 4941 δί
1376 4889 1472 4958 μένειν,
1488 4887 1522 4947 ύις
1537 4885 1564 4938 ἰκ
1582 4885 1763 4954 τούύημοσθέ-

165 4973 269 5039 ενοὶις,
284 4973 365 5043 ώστερ
378 4972 506 5043 δράματα,
525 4970 678 5033 καίτσύτους
696 4969 862 5042 ἀμαρτύρους,
882 4972 941 5043 πρὸς
983 4969 1137 5034 vom-1666
1155 4975 1204 5031 πῶς
1218 4963 1260 5021 οθν
1282 4968 1335 5022 κατ’
1357 4966 1489 5038 έριύτησιν·
1505 4968 1578 5017 τούτο
1595 4964 1642 5032 γάρ
1654 4958 1763 5031 φησινύ

166 5072 177 5100 ε
196 5052 421 5125 διαμεμετρημένην
439 5048 484 5118 τὴν
498 5050 590 5123 ἡμέραν
609 5050 685 5123 αίρεῖς
704 5052 810 5105 διώκων.
833 5072 845 5101 ν
865 5051 900 5104 Τύ
914 5051 940 5104 δί
984 5051 1079 5124 ῥήτωρ·
1091 5048 1116 5102 τί
1124 5043 1167 5100 σύν
1177 5068 1184 5112 ;
1195 5048 1234 5100 δτι
1247 5047 1319 5117 χρεία
1329 5041 1360 5113 ἡν
1372 5046 1530 5114 παραμεῖναι.
1544 5042 1620 5095 TCV.

164 5131 281 5201 [ὥσπερ]
294 5131 405 5202 mma
424 5130 465 5184 διά
478 5131 507 5185 τθ
525 5129 590 5184 εἰναι
609 5129 740 5201 θποκριτὴν
757 5128 842 5197 εἶπεν,
865 5132 940 5186 οίονεί
1020 5132 1081 5199 379,
1096 5145 1137 5197 ιφ.
1154 5126 1201 5180 Καί
1208 5126 1277 5187 τέλος
1288 5121 1344 5193 εἶχε
1354 5123 1383 5177 εδ
1393 5123 1523 5195 μίσθωμα]
1533 5121 1567 5182 ὡς
1581 5116 1763 5190 μεσεγγνήσαν·

164 5207 306 5280 πλάσματα.
343 5208 490 5281 Είσάγονται
509 5208 557 5280 γάρ
571 5207 783 5280 κάκεῖώσπερίπλ
796 5213 838 5278 τῆς
851 5217 940 5280 σκηνῆς
984 5208 1152 5278 τοςΑἰσχίνου
1160 5208 1202 5261 καί
1212 5203 1455 5276 ύμολογήσαντος,ἀ
1469 5200 1557 5255 ἔπαθον
1569 5198 1676 5260 Φωκεῖςε
1685 5197 1763 5251 TCV.
