3967 5967
97 463 273 556 ‚isti-2⁷⁹)
501 472 686 536 AEsclltms
704 479 766 538 cll.
794 480 967 541 DEMALE
988 485 1108 547 GESTA
1129 491 1355 555 LEGATIONE.
1695 516 1727 564 81

131 598 188 671 ileo)
212 596 383 674 Ἐπορεύιτο
405 601 433 658 δὲ
448 603 585 678 λυσόμενος
598 605 657 671 τοὺς
671 606 868 683 αἰχμαλώτους,
883 611 918 675 ῶς

133 682 180 761 ίφη
191 683 237 741 καὶ
252 683 319 759 πρὸς
332 688 402 760 ὑμᾶς
415 688 507 766 ἀρτίως
516 690 626 769 εἴρηκεν,
641 692 714 759 εἰδὼς
722 693 769 768 μὲν
783 693 917 754 Φίλιππον

136 771 160 826 ἐν
173 773 212 849 τῷ
224 770 338 850 πολέμῳ
353 772 446 830 οὐδένα
458 774 562 833 πώποτε
573 776 713 848 Ἀθηναίων
725 779 805 859 λύτρα
819 780 918 860 πραξό-

786 892 799 925 ν
812 865 851 925 ὅτι
871 869 915 925 καί

137 944 194 1008 τὼς
215 944 339 1019 λοιπούς,
364 944 410 1002 tiss
434 947 520 1025 εἰρήνη
538 949 659 1026 γένηται,
681 951 790 1031 ἀφήσει,
813 957 915 1013 πολλῶν

139 1031 161 1086 δ’
173 1031 343 1109 ἠταχηκότων
357 1033 484 1091 τάλαντον
499 1033 592 1113 φέρων,
603 1037 657 1103 ἑνδς
671 1039 775 1116 ἀνδρός,
785 1039 842 1098 οὐδὲ
855 1041 914 1100 τού·

94 1134 125 1172 eo
137 1138 182 1174 του
198 1117 255 1174 λίαν
270 1117 398 1195 εὐπόρου,
417 1119 493 1176 teani
506 1121 596 1199 λύτρα.
638 1123 694 1201 (tut)
711 1124 756 1189 Ὦς
772 1128 796 1183 δ’
808 1119 874 1202 ἧμιν
888 1129 914 1185 ἐν

138 1203 289 1282 Μακεδονίᾳ
303 1206 349 1261 καὶ
361 1204 521 1281 συνήλθομεν
532 1210 567 1274 εἰς
578 1208 671 1267 ταύτδν
682 1210 727 1268 καὶ
740 1213 875 1272 Φιλιππον
885 1217 915 1274 in

137 1288 245 1369 Θρᾴκης
256 1291 376 1368 παρόντα
387 1292 591 1371 κατειλήφαμεν,
604 1296 751 1372 ἀνεγνώσθη
765 1298 811 1374 μὲν
820 1300 849 1358 τὸ
862 1301 914 1376 ψή·

136 1399 224 1455 φισμα
237 1377 294 1434 καθ’
315 1376 330 1434 δ
346 1379 571 1456 ίπρεσύεύααμεν,
592 1380 683 1441 καὶτὰ
698 1388 913 1465 προστεταγμένα

136 1467 201 1537 ἡμῖν
215 1462 278 1543 πρὸς
291 1468 330 1541 τῷ
342 1464 401 1531 τούς
414 1464 504 1544 όρκους
517 1467 659 1527 ἀπολαόεῖν
674 1474 911 1550 συνηριθμούμεθα·

135 1552 171 1615 ὡς
183 1549 210 1607 δὲ
223 1550 305 1616 οὐδεὶς
318 1549 383 1632 ὑπὲρ
398 1556 449 1610 τῶν
462 1552 589 1632 μεγίστων
602 1555 750 1636 ἐμέμνητο,
762 1561 830 1619 ἀλλὰ
852 1564 912 1642 περὶ

86 1693 90 1698 ,
134 1638 298 1714 πραγμάτων
312 1637 457 1696 ἐλαττόνων
468 1638 515 1711 τήν
529 1642 664 1721 διατριόήν
678 1647 825 1722 ἐποιοῦντο,
841 1640 912 1708 εἷπον

94 1734 121 1774 As
136 1722 189 1795 ἐγὼ
209 1724 301 1801 λόγους
321 1724 365 1791 οὓς
388 1728 528 1802 ἀναγκαῖόν
549 1731 604 1787 ἔστι
622 1731 686 1809 πρδς
706 1736 773 1808 ὑμᾶς
795 1738 912 1814 ῥηθῆναι.

136 1811 199 1889 (roe)
214 1811 268 1869 Καὶ
282 1811 346 1890 πρὸς
361 1815 414 1869 τῶν
426 1817 500 1884 θεῶν,
514 1803 536 1872 ῶ
548 1813 689 1890 Ἀθηναῖοι,
705 1816 793 1900 ὥσπερ
807 1821 852 1879 καί
866 1827 912 1893 τῆς

134 1898 293 1976 κατηγορίας
311 1898 443 1968 ἠκούσατε
455 1903 490 1966 ὡς
508 1901 583 1967 αὐτὸς
602 1906 615 1960 ό
634 1904 776 1985 κατήγορος
792 1907 911 1967 ἐόούλετο

134 1985 226 2054 εἰπεῖν,
247 1984 315 2042 οὕτω
330 1984 442 2055 καὶτῆς
463 1986 603 2064 ἀπολογίας
625 1989 753 2056 εὐτάκτως
767 1992 909 2071 ἀκούσατε,

132 2069 233 2128 καὶτὸν
245 2071 376 2147 αὐτόνμοι
388 2072 482 2150 τρόπον
496 2073 643 2148 διαμείνατε
656 2074 734 2155 όνπερ
750 2078 777 2145 ἐξ
790 2081 872 2159 ἀρχῆς
884 2084 910 2139 ἐν

132 2159 186 2221 τοῖς
197 2155 391 2236 προειρημένοις
405 2158 456 2229 ήδη
468 2158 552 2235 λόγοις
564 2162 702 2238 Ιήκροᾶσθε.
755 2163 844 2245 Ὅπερ
859 2168 909 2247 γὰρ

133 2241 179 2298 καὶ
189 2242 283 2319 ἀρτίοις
292 2242 433 2320 ὑπεθέμην,
444 2234 465 2301 ὐι
476 2243 618 2322 Ἀθηναῖοι,
628 2237 699 2305 εἶπον
710 2252 909 2329 συνειλεγμένων

133 2329 184 2384 τῶν
193 2327 327 2405 πρέσύεων
337 2326 377 2386 ὅτι
385 2352 430 2406 μοι
440 2329 577 2402 δοκοίησαν
587 2331 743 2411 τδμίγιστον
753 2337 908 2417 πρόσταγμα

91 2429 119 2466 ³⁰
133 2419 177 2471 τῶ
199 2415 283 2492 δήμου
303 2417 392 2482 δεινῶς
414 2418 524 2494 ἀγνοεῖν.
567 2420 628 2496 (loe)
646 2448 658 2474 s
673 2423 713 2482 Τδ
727 2423 773 2499 μὲν
787 2424 838 2505 γθιρ
851 2428 909 2495 τούς

132 2494 223 2575 ὅρκους
237 2499 379 2558 ἀπολαύεἶν
394 2501 440 2558 καὶ
453 2503 572 2582 περὶτῶν
584 2504 671 2563 ἀλλων
685 2508 852 2586 διαλεχθῆναι
864 2516 907 2571 καί

133 2585 258 2664 περὶτῶν
279 2586 456 2664 αἰχμαλώτων
477 2591 568 2665 εἰπεῖν,
591 2590 640 2649 κάν
663 2596 685 2651 εί
702 2593 760 2661 τούς
779 2598 908 2676 ὑπηρέτας

132 2671 248 2751 ἔπεμψεν
268 2677 285 2742 ἡ
303 2675 378 2740 πόλις
397 2682 531 2753 περιθεῖσα
550 2677 637 2737 πίστιν
651 2682 754 2758 αὐτοῖς,
769 2683 863 2742 ἅπαντ’
877 2685 908 2742 ἂν

131 2763 282 2836 πραχθῆναι
295 2760 402 2836 νομίζω·
415 2762 445 2820 τὸ
459 2764 485 2820 δὲ
500 2763 564 2843 ὑπὲρ
573 2769 623 2822 τῶν
633 2765 699 2824 δλων
709 2770 788 2848 ὀρθῶς
802 2771 908 2846 βουλεύ-

131 2850 228 2902 σασθαι
239 2842 288 2903 ὅσα
298 2847 355 2905 καθ’
366 2852 437 2924 ἡμᾶς
448 2849 543 2920 ἕστινή
558 2851 704 2929 Φιλιππον,
719 2860 794 2913 τοῦτο
804 2856 854 2927 ήδη
865 2857 906 2936 tp·

131 2953 177 3009 γον
188 2931 244 2988 ἐστὶ
254 2932 389 3010 πρέσύεων
398 2936 536 3016 φρονίμων.
546 2936 622 3013 Λέγω
632 2938 660 2996 δέ
670 2966 681 2990 ν
691 2939 755 3020 ἔφην
766 2941 818 3019 ἐγώ
827 2970 839 2995 ι
849 2944 908 3024 περὶ

131 3021 178 3088 τῆς
197 3021 242 3084 εἷς.
253 3019 343 3086 Πύλας
361 3022 510 3100 στρατείας,
534 3022 566 3093 ήν
581 3027 657 3102 δρᾶτε
678 3016 757 3085 οὐσαν
773 3030 799 3086 ἐν
821 3052 907 3106 παρα·

90 3112 117 3151 ⁸⁵
132 3108 222 3181 σκιυῇ.
237 3104 302 3167 Ὅτι
311 3107 338 3164 δὲ
345 3110 374 3166 οὐ
386 3111 473 3174 κακῶς
481 3110 708 3191 στοχάζομαιπερὶ
719 3119 764 3172 τοῦ
777 3114 908 3192 πράγμα-

131 3213 188 3264 τος,
202 3193 305 3268 μιγάλα
320 3194 418 3252 τούτων
433 3196 493 3270 ὑμῖν
507 3200 604 3272 σημεῖα
619 3197 700 3266 δείξω.
723 3200 781 3277 (tus)
796 3202 907 3278 Πόρεισι

132 3277 180 3352 μὲν
192 3278 390 3356 γᾶρθηόαίων,
404 3281 497 3352 ἥκουσι
512 3281 540 3339 δὲ
553 3284 764 3360 Λακεδαιμονίων
777 3288 906 3366 πρέαόεις,

131 3365 262 3445 ἀφίγμεθα
272 3367 294 3424 δ’
303 3370 379 3443 ἡμεῖς
389 3367 492 3446 ἔχοντες
500 3375 544 3427 τοῦ
554 3370 637 3446 δήμου
649 3373 785 3453 ψήφισμα,
796 3379 823 3435 ἐν
833 3369 905 3458 ᾧγί-

130 3474 247 3530 γραπται
258 3480 269 3504 ι
281 3455 404 3532 πράττειν
418 3455 446 3512 δὲ
463 3456 521 3522 τοὺς
539 3457 712 3536 πρέσὸειςκαὶ
727 3459 785 3519 ἀλλ’
801 3464 816 3520 ὅ
831 3488 856 3522 τι
875 3464 905 3524 θν

130 3537 257 3597 δύνωνται
266 3542 369 3618 ἀγαθόν·
378 3571 389 3593 ν
400 3540 511 3610 ἅπαντες
521 3543 547 3601 δὲ
555 3546 578 3603 oi
589 3543 718 3617 ’Ἕλληνες
731 3548 794 3626 πρὸς
803 3550 832 3608 τό
844 3552 904 3626 pil·

129 3626 174 3682 λον
189 3624 293 3685 ἔσεσθαι
315 3628 464 3706 βλέπουσιν.
505 3633 537 3690 Εἰ
559 3630 606 3706 μὲν
627 3623 669 3689 οὐν
690 3637 778 3710 ήγεῑτο
797 3639 905 3714 όδῆμος

129 3714 201 3792 αὐτῷ
212 3714 298 3780 καλῶς
309 3715 378 3793 ἔχειν
393 3715 531 3792 ἐξενεγκεῖν
543 3716 608 3792 μετά
620 3719 765 3797 παρρησίας
778 3724 839 3800 πρὸς
855 3727 906 3783 Φί-

128 3800 242 3871 λιππον,
259 3800 386 3871 Θηθαίων
399 3803 446 3878 μὲν
454 3805 581 3882 περιελεῖν
594 3803 641 3874 τήν
650 3804 734 3884 ύόριν,
749 3810 867 3868 Βοιωτῶν
877 3811 904 3868 δὲ

87 3893 117 3931 10
129 3886 276 3955 ἀναστῆσαι
285 3888 319 3945 τὰ
328 3889 412 3967 τείχη,
422 3893 494 3947 ταῦτ’
506 3890 536 3948 ἀν
545 3889 653 3960 ἠξίωσεν
664 3894 690 3948 ἐν
700 3896 737 3970 τῶ
746 3894 903 3975 ψηφίσματι·

128 3975 173 4027 νῦν
185 3969 212 4029 δὲ
229 3977 314 4041 αὐτοῖς
326 3976 373 4049 μὲν
385 3975 526 4034 κατελιπον
541 3976 588 4047 τὴν
605 3980 640 4044 εἰς
653 3977 683 4036 τδ
695 3979 789 4058 ἀφανὲς
804 3987 903 4061 ἀναφο-
931 4001 934 4006 “

130 4055 187 4134 ρύν,
199 4057 230 4116 ἀν
245 4060 283 4135 μή
295 4084 319 4118 τι
331 4061 462 4131 πείθωσιν,
475 4064 500 4119 ἐν
512 4067 574 4138 ἡμῖν
589 4061 616 4119 δὲ
630 4065 835 4125 ἀποκινδυνεύειν
850 4069 902 4147 ᾠή·

128 4148 209 4214 θησαν
221 4148 282 4206 δεῖν.
297 4149 354 4223 (ιω)
370 4150 418 4208 Δεῖ
430 4148 462 4218 δή
474 4149 530 4216 τοὺς
545 4149 608 4229 πρὸς
620 4150 653 4207 sd
667 4151 740 4208 καινά
754 4156 902 4231 φιλότιμον·

129 4231 218 4305 μόνους
232 4234 269 4309 μί’,
287 4234 407 4313 κατέχειν
423 4234 469 4310 μὲν
481 4236 574 4313 ἑτέρων
594 4236 682 4315 χώραν
698 4238 844 4317 πρέσόεων,
860 4243 903 4311 οὐς

127 4315 185 4389 ἐξῆν
196 4319 309 4396 πέμπειν
320 4322 375 4379 ἀνθ’
386 4326 461 4397 ἡμῶν
474 4322 629 4394 Ἀθηναίους,
641 4323 732 4389 αὐτοὺς
744 4323 770 4382 δὲ
782 4324 827 4391 τὰς
840 4327 903 4406 πρὸς

93 4399 260 4475 ίῗθηύαίαυς
274 4408 415 4486 ἀπεχθείας
431 4410 539 4489 φεύγειν,
549 4401 584 4468 ῶν
599 4400 634 4475 εἷς
644 4406 679 4466 ῶν
690 4410 900 4486 Ἐπαμινώνδας,

128 4494 176 4570 οὐχ
191 4494 341 4566 ὑποπτήξας
355 4496 384 4553 τδ
399 4500 450 4554 τῶν
469 4495 608 4568 Ἀθηναίων
624 4495 740 4571 ἀξίωμα,
761 4489 818 4556 ε’ίπε
830 4501 903 4580 διαρ·

128 4579 205 4657 ρήδην
217 4583 243 4639 ἐν
260 4587 298 4663 τῷ
312 4584 406 4653 πλήθει
423 4587 474 4642 τῶν
488 4583 614 4654 Θηόαίων
626 4585 660 4649 ῶς
671 4585 710 4652 δεῖ
723 4583 757 4641 τθι
770 4589 816 4657 τῆς
829 4588 901 4662 Ἀθη·

125 4667 201 4727 ναίων
213 4671 381 4748 ἀκροπόλεως
394 4671 544 4749 προπύλαια
557 4679 717 4748 μετενεγκεῖν
730 4675 764 4738 εἰς
777 4675 823 4743 τήν
837 4700 901 4759 προ·

125 4756 231 4816 στασίαν
245 4764 291 4828 τῆς
306 4759 453 4836 Καδμείας.
468 4787 480 4811 ι
522 4761 580 4835 (τινα)
593 4763 684 4819 Ταῦτα
696 4760 718 4816 δ’
732 4761 795 4835 ἐμοῦ
806 4766 900 4838 μεταξὺ

123 4840 237 4921 λέγοντος
257 4846 362 4927 α’ναύοᾷ
382 4846 547 4925 παμμέγεθες
570 4845 752 4919 Δημοσθένης,
776 4852 811 4916 ὡς
829 4850 901 4911 ίσασι

94 4941 106 4978 ⁸
123 4933 212 5000 πάντες
223 4938 248 4993 oi
263 4934 444 5014 αυμπρίσόεις
455 4938 544 5011 ήμῶν·
557 4934 602 4993 καὶ
613 4933 664 5010 γὰρ
677 4933 741 5011 πρὸς
751 4939 804 5002 τοῖς
815 4937 902 5007 ἀλλοις

121 5030 207 5089 κακοῖς
220 5023 381 5101 βοιωτιάζει.
422 5012 475 5083 Ἦν
490 5024 512 5080 δ’
532 5013 575 5081 οὐν
587 5020 649 5099 παρ’
664 5022 742 5079 αὐτοῦ
757 5025 856 5083 τοιαυτὶ
867 5027 901 5085 ris

120 5108 252 5186 λεγόμενα·
265 5140 277 5165 ι
291 5109 444 5189 Ἀνθρωπος
454 5111 540 5169 οὐτοσὶ
552 5112 669 5187 ταραχῆς
683 5107 728 5164 καὶ
738 5107 835 5186 τολμης
845 5115 899 5172 ἐστὶ

118 5198 220 5271 μεστός·
237 5197 292 5276 ἐγὼ
313 5198 344 5257 δὲ
366 5198 486 5275 ὁμολογῶ
505 5197 621 5274 μαλακὸς
639 5185 706 5253 εἶναι
723 5194 767 5254 καὶ
783 5197 815 5255 sd
830 5199 900 5260 δεινὰ

219 5309 410 5349 onerosas-r.
425 5312 449 5348 u.

962 625 1043 672 autem
1055 626 1174 687 captivos,
1187 631 1214 677 ui
1223 630 1309 694 aiebet,
1317 633 1495 697 redempturus,
1503 640 1530 686 ut
1538 640 1609 688 modo
1618 641 1681 703 apud
1693 649 1752 690 τοτ’

963 717 1195 782 etismdislt,qunm
1202 725 1285 784 sciret,
1305 728 1466 791 Philippnmn
1484 734 1579 782 nemine
1599 736 1734 785 Atheniensi

961 810 1056 870 captivo
1064 813 1165 874 pretinm
1172 828 1278 878 unquam
1288 821 1427 881 postulasse,
1434 826 1458 872 et
1469 839 1499 873 en
1512 827 1564 886 eius
1571 829 1653 879 amicis
1660 833 1736 880 oanni·

961 900 1006 951 bus
1017 903 1123 967 audiret,
1134 919 1188 957 eum
1198 910 1269 959 etiem
1279 912 1397 976 reliquos,
1408 928 1465 976 paee
1477 916 1552 979 iacta,
1565 920 1733 986 dimissurum

960 1001 985 1045 et
992 985 1066 1058 quum
1074 1002 1143 1051 multi
1150 1017 1179 1053 ea
1188 1005 1322 1056 calamitate
1329 1008 1457 1058 couiliriali
1464 1018 1549 1073 essent,
1560 1013 1651 1065 serebat
1658 1018 1734 1067 talen·

959 1094 1012 1142 tuna
1021 1108 1070 1157 quo
1081 1097 1123 1147 rix
1130 1112 1192 1148 unus
1199 1103 1245 1160 rtr,
1255 1114 1300 1150 nec
1309 1102 1329 1152 is
1338 1103 1466 1154 admodum
1476 1107 1590 1169 locuples,
1600 1109 1685 1159 redimi
1693 1127 1734 1174 po·

960 1188 1051 1240 inisset.
1070 1193 1134 1255 (101)
1144 1197 1176 1243 Ut
1186 1204 1265 1245 autern
1284 1197 1308 1246 in
1318 1200 1478 1250 lincesloniem
1496 1205 1618 1264 venimus,
1636 1219 1664 1254 sc
1674 1221 1732 1258 eon·

958 1287 1030 1346 gressi
1041 1300 1137 1350 sumus,
1147 1293 1171 1340 et
1181 1292 1314 1356 Philippum
1322 1308 1353 1345 ex
1362 1297 1462 1346 Threcia
1476 1313 1596 1349 reuersum
1604 1301 1733 1364 depreben-

958 1380 1051 1439 dimus,
1061 1385 1185 1435 recitatum
1192 1387 1366 1452 estdecretum,
1376 1405 1407 1441 ex
1417 1405 1465 1454 quo
1474 1395 1544 1456 legati
1553 1398 1617 1446 missi
1627 1411 1731 1459 eramus,

958 1478 982 1524 et
994 1489 1049 1539 qum
1057 1479 1081 1526 in
1092 1479 1210 1531 mandatis
1220 1495 1387 1547 acceperamus
1395 1487 1425 1536 de
1436 1488 1590 1549 iureiurando
1601 1493 1730 1556 exigendo,

958 1573 1157 1622 enumeravimus.
1173 1579 1253 1632 Qnrrm
1267 1582 1347 1628 antem
1360 1584 1519 1633 maxirnsrunr
1536 1600 1616 1636 rerum
1632 1590 1731 1637 mentio·

957 1675 1012 1712 nem
1035 1664 1127 1715 fecisset
1145 1680 1228 1729 nemo,
1246 1670 1287 1719 aod
1305 1672 1335 1720 de
1354 1674 1425 1724 rebus
1443 1677 1611 1728 minutioribus
1630 1682 1731 1743 egissent

957 1771 1053 1820 omnes,
1062 1762 1194 1811 oraticnem
1202 1776 1245 1825 ego
1253 1765 1335 1823 habnt,
1345 1781 1418 1829 quam
1428 1783 1522 1820 necesse
1531 1777 1566 1822 est
1572 1775 1634 1836 apud
1641 1789 1683 1826 sos
1691 1792 1730 1826 es-

957 1853 1022 1912 poni.
1038 1852 1103 1915 (ict)
1114 1856 1227 1906 obtestor
1239 1861 1319 1908 erstem
1330 1873 1385 1921 sos,
1401 1863 1562 1923 Athenienses,
1576 1870 1730 1929 qssemadmo·

955 1943 1013 1994 dnm
1023 1947 1197 1998 accusationem
1207 1950 1338 2014 audivistis,
1350 1955 1376 2002 ut
1384 1954 1432 2016 ipse
1439 1960 1564 2007 accusator
1574 1961 1646 2010 rerba
1655 1962 1731 2015 iecere

955 2038 1046 2098 voluit,
1056 2039 1089 2089 lta
1098 2041 1169 2090 etiam
1178 2041 1338 2094 defensionem
1350 2047 1451 2096 audiatis
1460 2049 1543 2100 ordine
1551 2052 1683 2116 eademque
1691 2062 1729 2106 et·

954 2134 1061 2183 tentione
1072 2149 1168 2197 operam
1184 2138 1242 2187 mihi
1253 2138 1322 2201 detis,
1341 2154 1388 2201 qsra
1397 2144 1517 2204 superiora
1533 2147 1662 2200 audivistis.
1676 2154 1730 2202 iiixl

954 2231 1027 2292 enim,
1037 2234 1063 2282 nt
1072 2233 1143 2283 modo
1152 2236 1232 2299 posui,
1246 2237 1413 2301 Athenienses,
1424 2241 1575 2295 inconvento
1586 2247 1730 2313 legatonrm,

954 2340 994 2375 eos
1004 2328 1061 2377 mihi
1074 2331 1136 2380 visos
1144 2345 1195 2382 esse
1202 2335 1350 2397 precipuum
1363 2340 1445 2401 populi
1457 2341 1550 2403 jussum
1560 2348 1656 2398 omnino
1665 2350 1731 2413 igno·

955 2434 1014 2470 rare.
1027 2424 1091 2486 (tos)
1103 2444 1114 2467 s
1125 2430 1183 2476 Nem
1193 2428 1360 2490 jsrsjurandum
1372 2435 1475 2498 exigere,
1490 2440 1514 2487 et
1525 2441 1608 2491 ceteris
1619 2443 1649 2492 dc
1661 2446 1731 2497 rebus

953 2530 1034 2579 egere,
1052 2523 1077 2569 et
1093 2521 1124 2572 de
1140 2524 1239 2586 captivis
1255 2527 1348 2589 eloqui,
1363 2531 1465 2583 etiamsi
1477 2534 1596 2588 ministros
1614 2541 1670 2590 urbs
1688 2544 1731 2592 mi.

953 2610 1033 2673 sisset,
1043 2611 1099 2662 data
1113 2616 1311 2680 eisauctoritate,
1329 2621 1362 2672 illi
1380 2624 1490 2675 videntur
1500 2629 1556 2678 mihi
1575 2644 1730 2686 remomnem

954 2702 1025 2751 subse
1041 2705 1171 2756 coniecturi
1192 2729 1198 2759 ε
1218 2723 1321 2762 summae
1337 2717 1418 2765 autem
1430 2732 1509 2769 reunn
1524 2725 1729 2791 recteeonsnlsre,

952 2798 1070 2858 quatenns
1092 2813 1128 2850 ese
1150 2802 1180 2852 ud
1200 2818 1243 2853 nos
1263 2809 1305 2856 aut
1325 2809 1459 2872 Philippum
1484 2816 1603 2869 attinent.
1625 2820 1649 2869 id
1671 2835 1729 2872 sero

953 2892 1104 2944 cordatorum
1115 2897 1247 2959 legatorum
1258 2914 1347 2950 munus
1359 2906 1403 2953 est.
1444 2906 1502 2956 Dico
1513 2912 1608 2973 autem,
1620 2914 1728 2976 inquam,

952 2988 982 3039 de
1003 2992 1164 3054 expeditione,
1181 3008 1254 3057 quam
1276 2999 1300 3046 in
1321 3000 1390 3062 Pylas
1407 3005 1516 3065 apparari
1535 3007 1634 3070 videtis,
1654 3014 1727 3074 atque

951 3084 1074 3134 ostendum
1092 3088 1160 3137 robis
1185 3103 1270 3152 magna
1295 3092 1376 3155 signa,
1397 3096 1460 3145 uode
1480 3098 1629 3163 intelligetis,
1648 3117 1687 3153 me
1699 3119 1727 3155 ea

952 3177 982 3227 de
994 3191 1020 3228 rc
1035 3192 1083 3228 non
1100 3182 1162 3231 mule
1181 3183 1323 3244 conjectare.
1357 3188 1421 3250 (tul)
1444 3193 1504 3240 Naro
1516 3195 1540 3241 et
1560 3195 1726 3249 Thebanorum

953 3274 1024 3338 legati
1046 3276 1147 3337 adnant,
1167 3281 1191 3328 et
1219 3281 1455 3335 becednrmoniorum
1473 3288 1617 3351 adventant,
1637 3296 1662 3342 et
1683 3308 1727 3345 nos

951 3381 979 3416 ex
989 3367 1110 3429 plebiscito
1117 3369 1271 3432 advenimus,
1282 3372 1306 3422 in
1317 3376 1488 3438 quoscriptusn
1497 3382 1546 3440 est,
1556 3383 1636 3445 Legati
1645 3389 1726 3439 eutem

951 3464 1065 3527 quicquid
1077 3469 1190 3528 preterea
1204 3467 1259 3518 boni
1274 3475 1385 3533 possum,
1404 3478 1501 3537 agunto.
1550 3483 1641 3531 ornnes
1654 3496 1726 3545 porro

950 3562 1028 3610 Graeci
1037 3564 1212 3628 exspectatione
1220 3568 1321 3618 eventus
1327 3571 1383 3618 sunt
1393 3573 1508 3633 suspensi.
1524 3576 1614 3632 Quodsi
1624 3581 1726 3642 populus

949 3668 975 3704 se
985 3654 1070 3706 decere
1077 3657 1205 3710 censuisset
1214 3696 1221 3720 ,
1231 3660 1304 3711 libere
1315 3662 1339 3712 io
1351 3664 1447 3716 decreto
1458 3669 1622 3733 promulgare,
1635 3675 1662 3722 nt
1673 3677 1725 3727 eni-

949 3748 1028 3810 lippus
1045 3750 1212 3801 thebanorum
1225 3752 1374 3804 inscientiam
1393 3765 1567 3822 compesceret,
1584 3765 1608 3812 ei
1624 3767 1726 3818 lloeotias

949 3842 1059 3892 civitates
1069 3843 1192 3903 instauret,
1202 3844 1255 3895 brec
1267 3846 1291 3894 in
1300 3845 1395 3897 decreto
1404 3849 1507 3910 petiisset
1515 3871 1521 3901 z
1530 3866 1594 3902 nnnc
1603 3855 1626 3904 id
1635 3858 1678 3907 sibi
1687 3873 1724 3908 ro·

949 3935 1031 3997 liquit,
1043 3938 1127 3985 utrem
1138 3936 1168 3985 ad
1177 3936 1294 3987 incertum
1303 3944 1416 3990 eventum
1426 3944 1513 3993 reterre
1525 3948 1612 4009 possit,
1621 3949 1641 3998 si
1651 3950 1722 4014 legati

949 4040 996 4075 non
1009 4027 1182 4090 persuaserint,
1194 4033 1362 4119 nmtroantem
1372 4035 1478 4094 periculo
1489 4050 1540 4086 rem
1555 4040 1724 4102 explorandam

948 4126 1047 4174 cenassit.
1080 4125 1143 4187 (105)
1155 4130 1228 4176 Decet
1241 4128 1312 4190 igitur
1323 4143 1376 4190 eos,
1390 4132 1432 4193 qui
1445 4146 1513 4182 snam
1526 4135 1667 4189 industriam
1677 4145 1723 4192 rei·

948 4224 1050 4286 publice
1059 4225 1184 4287 probatam
1194 4228 1308 4289 cupiunt,
1319 4242 1367 4278 non
1376 4243 1459 4280 eonsm
1468 4232 1598 4295 legatorum
1608 4251 1724 4302 occrrpare

949 4324 1046 4384 loeunr,
1060 4337 1121 4386 qnos
1139 4325 1322 4375 Atheniensibus
1332 4331 1415 4377 nostro
1429 4329 1482 4379 ioco
1495 4331 1589 4382 mittere
1605 4334 1722 4400 licuisset;

947 4442 991 4477 nos
1006 4429 1068 4492 ipsos
1081 4431 1161 4498 erstem
1184 4430 1260 4478 vitare
1278 4430 1433 4481 citensionem
1451 4433 1626 4484 Thebanorum.
1659 4441 1720 4495 Quo·

948 4541 1001 4578 rum
1017 4542 1079 4578 unus
1091 4528 1267 4590 Epaminondas
1277 4530 1414 4592 imperator,
1428 4544 1476 4580 non
1488 4533 1627 4595 perterritns
1637 4539 1716 4585 aucte

947 4626 1018 4692 ritnte
1040 4623 1233 4686 Atheniensium,
1249 4626 1312 4688 apud
1331 4627 1456 4678 Tbehsnos
1475 4628 1551 4689 dixit,
1574 4631 1722 4683 Atheniensis

946 4725 1007 4774 ercis
1025 4726 1145 4788 propylses
1166 4725 1329 4775 transferenda
1349 4739 1399 4776 esse
1418 4726 1447 4775 ad
1470 4727 1581 4777 cedmon
1599 4729 1721 4790 frontispi-

946 4825 1020 4875 cium.
1033 4845 1045 4868 n
1058 4825 1122 4886 (106)
1140 4827 1196 4875 llaec
1203 4838 1242 4875 me
1249 4826 1351 4887 dicente,
1357 4827 1463 4876 maxima
1469 4837 1529 4876 voce
1542 4828 1660 4877 exclamat
1673 4832 1720 4879 lte·

946 4923 1089 4981 mosthenes,
1109 4923 1135 4970 ut
1147 4922 1225 4971 sciunt
1240 4935 1323 4974 omnes
1339 4923 1436 4984 college
1450 4942 1455 4970 :
1470 4935 1526 4972 num
1544 4925 1631 4985 prutes
1642 4928 1721 4974 cetere

945 5018 1021 5079 mats,
1034 5018 1105 5068 etiam
1116 5017 1215 5067 licentiis
1225 5018 1296 5068 iavet.
1307 5020 1364 5068 llaec
1373 5031 1430 5068 nero
1445 5017 1476 5068 ab
1485 5019 1531 5068 isto
1542 5017 1702 5078 atterebantur
1713 5041 1720 5070 ι

947 5133 957 5156 τ
973 5117 1050 5164 llomo
1060 5115 1147 5164 istesst
1158 5113 1276 5163 tumultus
1289 5116 1313 5163 et
1321 5114 1428 5164 audacias
1438 5114 1530 5177 plenus.
1549 5118 1597 5176 Ego
1612 5129 1670 5166 vero
1681 5131 1721 5167 me

947 5211 1218 5275 iuteoressemollempet
1226 5211 1340 5273 periente,
1350 5211 1484 5262 etiamdum
1492 5212 1660 5286 longcabsunt,
1668 5225 1719 5276 pers

1603 5313 1616 5350 s
