3967 5967
262 434 297 484 τι
330 415 334 421 ’
757 416 942 479 alaninor
967 420 994 478 o
1016 415 1117 478 anri
1141 417 1348 478 arnanxor.
1391 387 1397 399 ‘
1738 417 1849 499 (ιι-ιη

300 560 336 603 ιι.
350 539 425 603 Mul
439 547 522 601 ταῦτα
532 531 626 616 τοίνυν,
641 528 663 597 ὦ
683 538 819 611 Ἀθηναῖοι,
828 541 961 616 νομοθετεῖ
972 537 1031 617 περὶ
1111 552 1147 596 ιι.
1166 549 1222 596 Ροει
1238 547 1304 607 nnc,
1316 545 1423 608 judices,
1438 544 1510 594 elicit
1524 543 1556 595 de
1569 544 1678 607 iniuriis,
1695 546 1789 607 magnis
1805 547 1852 596 illis

221 651 248 690 ιο
261 630 429 707 ἀδικημάτων
445 628 565 707 μεγαδων
585 627 642 705 μέν,
661 625 800 704 γινομένων
819 627 842 686 δ’
859 617 933 703 οἶμαι
951 628 977 684 έν
999 628 1031 702 τῇ
1076 633 1325 695 quidem,sedtamen
1336 631 1767 683 fieriscilioetinurbenostrasulitis.
1791 636 1851 682 llam

260 718 349 777 πύλαι·
364 719 394 776 ἐκ
407 715 457 796 γδιρ
476 722 520 775 τοῦ
535 713 693 796 πράττεσθαί
711 737 768 771 τινα
784 705 820 772 ὧν
840 715 870 772 ού
888 717 1032 793 προσῆκεν,
1077 733 1105 769 oa
1120 720 1150 769 de
1161 733 1232 770 cansa
1243 721 1327 783 legasa
1338 719 1467 782 majoribus
1478 720 1575 768 mucitae
1584 723 1654 780 sunt,
1665 719 1852 783 qnodquaedam

262 808 291 864 ἐκ
304 802 394 864 τούτου
407 803 465 870 τοὺς
477 802 568 879 νόμους
583 799 676 873 ἔθηκαν
691 802 714 859 σί
727 799 843 859 παλαιοί.
884 797 1033 880 Διαρρήδην
1077 810 1251 870 contraquam
1270 806 1563 857 deceatoommiltuntur.
1606 809 1654 856 lex
1672 810 1737 857 certo
1753 807 1863 871 quidem,

260 895 322 967 γοῦν
333 891 402 969 λέγει
413 894 427 949 δ
440 889 529 966 νόμος,
545 888 588 948 ἐάν
595 911 652 947 τινα
664 886 813 966 ἐκμισθώσῃ
825 889 933 967 ίταιρεῐν
945 883 1033 961 παι-ηρ
1078 899 1159 958 aperte
1174 895 1208 945 ail
1222 910 1228 944 z
1243 895 1262 945 si
1277 898 1344 958 pater
1360 898 1403 944 aut
1418 895 1490 944 trater
1508 897 1550 943 aut
1565 897 1665 956 patruus
1678 899 1720 944 aut
1730 897 1798 944 tutor
1810 898 1854 946 aut

261 976 278 1048 ἢ
293 978 401 1056 ἀδελφὸς
414 975 432 1049 t,
450 973 542 1047 θεῖοςῆ
556 974 692 1053 ἐπίτροπος
705 973 722 1046 ἢ
735 973 799 1041 ὅλως
812 977 864 1032 τῶν
877 972 971 1053 κυρίων
982 996 1034 1045 τις,
1079 983 1182 1045 denique
1191 984 1210 1032 is
1218 984 1286 1045 quus
1295 987 1331 1032 est
1341 981 1471 1032 auctoritas
1480 982 1584 1044 aliquem
1592 981 1854 1045 mandamentum,

262 1067 321 1124 κατ’
335 1067 414 1123 αὐτοῦ
433 1063 479 1140 μὲν
496 1069 540 1122 τοῦ
557 1063 648 1128 παιδὸς
661 1064 707 1120 οὐκ
721 1065 753 1142 ἐᾷ
767 1060 867 1143 γραφδις
880 1059 1036 1139 ἑταιρήσεως
1080 1084 1128 1120 non
1144 1070 1215 1120 tinere
1229 1084 1330 1133 puerum
1343 1082 1472 1132 accusare,
1495 1069 1538 1118 sed
1554 1072 1604 1118 tam
1622 1082 1678 1118 eum
1694 1070 1735 1132 qui
1754 1071 1855 1121 domuit

261 1143 342 1224 εἶναι,
354 1151 421 1211 κατδε
433 1151 461 1210 δὲ
470 1155 515 1210 τοῦ
528 1149 704 1228 μισθώσαντος
712 1150 757 1207 καί
765 1154 811 1207 τοῦ
821 1146 1035 1224 μισθωσαμένου,
1079 1171 1153 1220 qnam
1162 1159 1203 1222 qni
1215 1158 1372 1221 conduxerit,
1383 1159 1452 1208 illum
1461 1157 1526 1220 quod
1539 1158 1653 1219 clocarit,
1668 1159 1747 1221 hunc,
1759 1160 1855 1222 inquit,

261 1246 305 1298 τοῦ
315 1238 362 1316 μὲν
372 1238 412 1297 δτι
423 1238 652 1313 ἐξεμίσθωσε,τοῧ
665 1235 750 1308 δὲδιι,
761 1235 849 1317 φησίν,
862 1234 1034 1312 ἐμισθώσατο.
1079 1246 1144 1306 quod
1158 1246 1315 1308 conduxerit,
1328 1249 1352 1296 ct
1367 1259 1449 1308 parem
1461 1245 1486 1293 in
1504 1246 1635 1308 utrumque
1648 1258 1742 1308 punam
1758 1246 1853 1296 ειοιιιίι.

227 1331 243 1379 ³
263 1326 316 1387 Καὶ
329 1325 374 1383 ίσα
389 1324 423 1383 τδι
440 1324 557 1401 ἐπιτίμια
571 1323 685 1404 ἑκατέρῳ
702 1322 840 1395 πεποίηκε,
854 1322 899 1381 καί
917 1321 954 1399 μὴ
971 1320 1036 1380 ἐπά·
1080 1337 1162 1396 Neque
1173 1336 1336 1384 necessitatem
1354 1333 1456 1397 imponit
1472 1346 1547 1397 puero
1563 1333 1604 1382 ubi
1620 1332 1750 1382 adoleverit
1761 1337 1855 1395 patrem

261 1433 353 1490 ναγῐῑς
372 1403 437 1471 εἶναι
456 1416 494 1491 τῷ
511 1411 585 1469 παιδί
598 1410 729 1482 ἡύήσαντι
750 1409 850 1490 τρέφειν
870 1408 914 1468 τὸν
933 1408 1035 1487 πατέρα
1079 1421 1158 1471 alendi
1169 1425 1211 1471 aut
1226 1421 1346 1471 domicilio
1356 1421 1503 1485 excipiendi,
1514 1421 1535 1470 si
1545 1420 1616 1469 luerit
1631 1420 1662 1470 ab
1676 1420 1745 1470 eoad
1758 1422 1855 1483 turpem

262 1500 329 1578 μηδὲ
351 1498 451 1572 οἴκησιν
477 1498 611 1579 παρέχειν,
633 1496 660 1565 δς
683 1496 714 1556 δν
737 1501 885 1577 ἐκμισθωθῇ
908 1497 1035 1575 ἑταιρεῖν·
1080 1508 1332 1574 σοααιυοισιοσειοε,
1343 1508 1484 1559 deiunctum
1495 1511 1575 1557 tannen
1587 1506 1764 1568 sepelirejuhet
1775 1519 1805 1556 ac
1816 1520 1855 1557 oa·

263 1587 425 1647 ἀποθανόντα
443 1586 469 1645 δέ
484 1585 562 1645 αὐτὸν
575 1584 695 1644 θαπτέτω
708 1585 754 1643 καί
772 1576 858 1643 addin
879 1584 985 1643 ποιείτω
1002 1582 1036 1640 τὰ
1082 1597 1133 1644 tera
1139 1596 1269 1658 parentalia
1280 1595 1346 1644 obire
1355 1599 1383 1646 ut
1394 1597 1468 1646 moris
1476 1599 1521 1646 ost.
1539 1597 1589 1656 (ti)
1599 1595 1768 1654 Considerate,
1779 1595 1855 1644 Athe·

263 1674 429 1751 νομιζόμενα.
473 1675 518 1751 (ιε)
533 1659 1036 1752 Σκέψασθεδὴύιςκαλῶς,ιδἈθηναῖοι·
1081 1682 1263 1744 nimquam
1271 1684 1674 1746 recteraiventisieripitiructnm
1686 1682 1857 1746 procreationis

264 1763 355 1829 ζῶντος
363 1759 410 1835 μὲν
418 1760 495 1818 αὐτοῦ
503 1757 801 1839 ἀφαιρεῖταιτὴνύνησιν
809 1762 854 1829 τῆς
863 1757 1036 1829 παιδοποιίας,
1081 1769 1222 1832 liberorum,
1233 1769 1435 1832 quemadmodum
1444 1772 1493 1833 ipse
1502 1783 1576 1832 puero
1588 1769 1683 1820 dicendi
1694 1769 1831 1819 libertatem
1843 1787 1849 1818 ι

264 1847 351 1928 ὥσπερ
361 1850 455 1914 ἐκεῖνος
463 1853 508 1906 τοῦ
521 1847 612 1914 παιδδς
622 1847 669 1917 τὴν
678 1846 836 1927 παρρησίαν,
847 1847 1036 1917 τελευτήσαντα
1081 1855 1220 1906 defunctum
1233 1863 1326 1918 tamen,
1335 1870 1411 1920 quum
1421 1858 1546 1920 isquidem
1554 1857 1596 1919 qni
1605 1857 1746 1908 beneficium
1755 1855 1853 1919 accipit,

237 1934 292 1997 εδδ
304 1934 391 2005 αὐτόν,
406 1933 509 2004 nolant
524 1932 571 2009 μὲν
589 1934 798 2012 εύεργιτσύμενος
818 1934 865 1992 ούκ
887 1932 1037 1992 αἰσθάνεται
1081 1956 1129 1992 non
1135 1943 1186 2004 iam
1195 1945 1266 1994 sentit
1275 1945 1428 1994 commodum
1435 1959 1483 2008 quo
1492 1945 1604 2006 afficitur,
1613 1945 1658 2006 legi
1665 1943 1857 1994 vemetnurnini

263 2013 300 2081 dv
311 2012 339 2080 εύ
352 2021 466 2101 πάσχει,
478 2019 626 2093 candescit
637 2020 736 2096 θνύμσς
745 2022 790 2079 καί
803 2019 833 2079 τὸ
844 2026 918 2092 θεῖον,
930 2020 1037 2079 θάπτειν
1083 2030 1157 2080 honos
1168 2031 1457 2093 mnuuqsepelimjnnet
1465 2068 1473 2093 ,
1482 2035 1507 2082 et
1517 2035 1598 2082 cetera
1611 2032 1642 2080 de
1652 2044 1719 2080 more
1730 2033 1853 2093 pransum„

263 2107 314 2180 ἤδη
324 2105 424 2167 κελεύει
432 2106 478 2165 καὶ
487 2097 571 2165 τδλλα
580 2107 662 2178 ποιεῖν
670 2107 704 2164 τὰ
712 2106 875 2183 νομιζόμενα.
917 2105 1037 2167 Ketaion
1083 2119 1138 2166 lam
1153 2131 1282 2179 quamnam
1300 2118 1371 2167 aliam
1387 2118 1462 2179 legem
1481 2119 1550 2180 tulit,
1571 2120 1708 2168 nostrorum
1724 2117 1856 2168 liternum

264 2194 350 2275 ίτερον
358 2194 436 2271 νόμον
448 2194 524 2265 ἔθηκε
535 2194 637 2273 φύλακα
651 2197 702 2252 τῶν
716 2194 850 2274 ήμετίρων
860 2193 960 2252 παίδων
971 2214 980 2270 ;
993 2193 1036 2252 riv
1082 2205 1220 2255 custodem
1233 2208 1316 2268 Legem
1324 2205 1354 2255 de
1362 2205 1487 2265 lenocinio,
1499 2205 1693 2269 nnximtspoenis
1703 2205 1824 2268 ascriptis,
1835 2204 1857 2254 si

264 2287 310 2354 τῆς
319 2282 514 2360 προαγωγείας,
527 2281 561 2339 τδι
577 2281 687 2359 μέγιστα
702 2281 819 2359 ἐπιτίμια
834 2280 979 2361 ἐπιγράψας
992 2280 1037 2338 ἐάν
1082 2293 1136 2355 quis
1149 2293 1242 2356 ingeram
1252 2294 1318 2358 pueri
1327 2294 1601 2344 animuliarisleuonem
1608 2295 1669 2356 agat.
1682 2293 1730 2355 (tt)
1741 2295 1770 2344 at
1782 2306 1857 2355 quani

264 2394 302 2437 τις
315 2368 445 2449 ἐλεύθερον
456 2370 537 2428 παῖδα
549 2367 567 2440 ἢ
579 2369 688 2446 γυναῖκα
699 2368 881 2448 προαγωγεύῃ.
925 2367 968 2446 (ιο)
984 2366 1038 2428 Καὶ
1082 2380 1170 2429 aliam?
1181 2384 1267 2443 Legem
1275 2381 1439 2443 contumeliae,
1453 2394 1507 2443 quac
1516 2394 1566 2430 uno
1574 2381 1715 2443 capiteque
1720 2382 1777 2432 sant
1785 2380 1859 2442 lunius

265 2458 339 2517 ποῖον
351 2457 444 2529 ἄλλον,
457 2455 501 2515 τδν
511 2461 557 2528 τῆς
568 2454 681 2535 ύύρεως,
695 2454 771 2522 &tvl
789 2454 923 2537 κεφαλαίῳ
934 2454 1038 2513 ἅπαντα
1082 2468 1173 2528 generis
1182 2471 1263 2517 onmia
1269 2468 1480 2530 complectinrnin
1489 2481 1537 2530 qna
1545 2468 1735 2531 planescriptnm
1744 2468 1857 2529 iubetur,

227 2563 253 2602 ιο
265 2544 298 2603 τδι
310 2549 417 2603 τοιαῦτα
429 2542 565 2601 συλλαὸὼν
576 2542 642 2622 ipen·
653 2545 679 2601 ἐν
690 2533 712 2622 ᾧ
722 2541 863 2621 διαρρήδην
874 2540 1037 2619 γέγραπται,
1082 2554 1164 2617 siquis
1172 2568 1246 2617 puero
1252 2556 1420 2605 contumeliam
1432 2555 1703 2605 locarit-incitantem
1713 2555 1858 2617 ntiquecon·

265 2631 311 2692 ἐάν
322 2654 358 2698 τις
369 2630 458 2711 ύὸρίζῃ
470 2633 507 2697 είς
519 2631 601 2688 παῖδα
614 2628 729 2709 (θύρίζει
746 2628 773 2687 δέ
786 2628 818 2699 δή
832 2651 882 2686 που
900 2632 914 2687 δ
931 2625 1037 2703 μεσθού·
1083 2641 1205 2692 ιιιωειίιιω
1216 2642 1258 2705 qni
1271 2642 1397 2702 amonuit,
1408 2668 1440 2680 —
1451 2644 1493 2692 aut
1505 2642 1572 2703 uiro,
1581 2643 1624 2692 aut
1639 2641 1746 2703 mulieri,
1757 2643 1809 2692 sive
1821 2642 1859 2694 in-

266 2720 357 2795 μενος)
371 2717 478 2793 θάνδρα
491 2714 508 2789 ἢ
521 2714 671 2795 γνναῖκα,ἢ
682 2720 732 2774 τῶν
743 2714 880 2796 ἐλευθέρων
889 2714 946 2773 τινδι
958 2713 976 2785 ἢ
987 2719 1038 2774 τῶν
1083 2741 1160 2789 genno
1173 2729 1223 2779 sive
1232 2743 1315 2791 εσενσ,
1324 2729 1464 2791 autaliquid
1474 2728 1564 2791 legibus
1573 2728 1724 2778 interdictum
1734 2729 1759 2777 in
1770 2729 1858 2779 norum

266 2803 375 2880 δούλων,
387 2802 458 2876 dida
470 2802 619 2884 παράνομόν
631 2827 656 2862 τι
669 2807 731 2882 ποιῇ
743 2805 779 2870 είς
787 2800 884 2861 τούτων
894 2801 1039 2883 τινά,γρα·
1083 2812 1186 2876 aliquem
1207 2812 1366 2874 commiserit,
1388 2813 1412 2861 in
1429 2825 1485 2862 eum
1505 2813 1657 2862 contumeliae
1680 2814 1798 2863 actionem
1816 2813 1858 2864 dat

266 2892 314 2973 qt<
331 2892 428 2973 ύὸρεως
442 2883 506 2950 εἶναι
520 2891 646 2963 πεποίηκε
664 2891 709 2949 καὶ
722 2889 826 2967 τίμημα
845 2889 968 2963 ἐπέθηκεν
985 2889 1002 2949 δ
1014 2912 1040 2948 τι
1084 2901 1135 2960 lex,
1148 2913 1291 2962 penemque
1303 2899 1409 2950 definivit
1423 2900 1482 2963 quid
1494 2900 1571 2963 ispali
1582 2899 1680 2963 denam,
1697 2902 1740 2951 aut
1754 2900 1856 2952 solvere.

264 2978 590 3059 χρὴπαθεῖνῆάπστῖσαι.
630 2976 851 3057 Λίγετδννύμον.
1084 2995 1259 3057 ιςεωιηιαρωη.

319 3144 371 3215 16.
398 3159 546 3215 ΝΟΜΟΣ.
570 3137 625 3241 [νίν
649 3174 695 3224 τις
722 3143 871 3219 ίθηναίων
894 3147 1039 3239 ελεύθερον
1128 3160 1174 3211 ιθ.
1198 3150 1281 3211 LEX.
1298 3149 1415 3226 [Siquis
1435 3149 1716 3225 Atheniensispuero
1733 3153 1859 3227 ingenuo

228 3274 253 3315 ιε
266 3249 361 3320 παῖδα
380 3247 498 3345 θύρίσρ,
521 3253 675 3345 γραφέσθω
701 3257 717 3319 ὀ
737 3255 831 3345 κύριος
855 3263 908 3318 τοῦ
931 3247 1040 3329 παιδὸς
1085 3258 1285 3316 contumetiam
1307 3255 1420 3327 iecerit,
1438 3258 1463 3313 is
1481 3258 1512 3314 ln
1528 3258 1611 3330 cujus
1629 3262 1767 3330 potestate
1787 3273 1859 3331 puer

265 3359 337 3451 πρδς
352 3360 419 3434 τοὺς
433 3358 629 3450 θεσμοθέτας,
646 3357 768 3448 τίμημα
789 3354 1038 3449 ἐπιγραψάμενος.
1084 3361 1259 3420 catillumad
1269 3360 1472 3419 thesmuthetas
1479 3360 1597 3433 deierat,
1604 3360 1661 3418 litis
1672 3362 1859 3420 estimatione

266 3447 303 3549 ῐῼ
322 3459 357 3529 διν
371 3464 407 3528 τὸ
420 3455 611 3555 δικαστήριον
621 3459 849 3555 καταψηφισθῇ,
863 3455 1039 3553 παραδοθεὶς
1085 3468 1115 3524 in
1128 3465 1221 3523 libello
1233 3468 1365 3540 ascripta.
1406 3464 1514 3535 Quodsi
1536 3470 1627 3522 morte
1636 3463 1778 3539 judicium
1790 3481 1858 3523 eum

265 3575 328 3644 τοῖς
345 3560 451 3633 ἕνδεκα
465 3567 597 3632 τεθνάτω
614 3567 783 3659 αὐθημερόν.
802 3562 862 3631 Eira
883 3558 917 3631 δὲ
932 3566 971 3641 εἰς
987 3568 1038 3658 άρ-
1085 3570 1298 3644 condemnarit,
1320 3569 1524 3629 undecimviris
1544 3569 1667 3629 traditus
1690 3569 1791 3629 endem
1809 3571 1859 3630 dio

266 3672 365 3764 γύριον
375 3666 598 3764 καταψηφισθῇ,
615 3670 792 3737 ἀποτισάτω
805 3673 833 3735 ἐν
848 3662 955 3735 ἕνδεκα
967 3673 1042 3760 ν’,μέ-
1085 3678 1240 3748 perimatur
1252 3691 1259 3733 :
1271 3677 1316 3733 sin
1325 3676 1351 3733 el
1361 3676 1469 3733 mulcta
1478 3676 1640 3749 pecuniaria
1652 3677 1777 3749 irrogata
1795 3675 1858 3734 iue-

267 3800 327 3868 ραις
341 3772 417 3865 μετὰ
428 3779 482 3849 την
498 3769 597 3859 δίκην,
610 3772 659 3839 ἐὰν
671 3778 710 3865 μὴ
723 3783 903 3865 παραχρῆμα
916 3768 1041 3846 δύνηται
1086 3781 1137 3850 rit,
1155 3780 1230 3837 intra
1245 3778 1306 3836 dies
1325 3779 1458 3837 undecim
1475 3786 1539 3851 post
1552 3778 1693 3852 judicium
1708 3779 1818 3853 solvat,
1831 3783 1857 3839 sl

267 3878 429 3946 ἀποτίνειν·
445 3883 498 3956 ἕως
506 3872 541 3945 δὲ
550 3890 603 3945 τοῦ
617 3879 761 3954 ἀποτῖσαι
773 3878 930 3970 εἱρχθήτω.
941 3880 1041 3967 ἔνοχοι
1086 3884 1183 3941 statim
1199 3884 1309 3941 solvere
1323 3900 1379 3942 non
1392 3885 1532 3958 potuerit3
1545 3883 1635 3942 donee
1647 3899 1715 3941 veno
1725 3884 1857 3955 solverit,

267 3976 302 4049 ll
327 3985 460 4049 ἔστωσαν
477 3979 583 4050 ταῖσδε
600 3991 667 4059 ταῖς
689 3983 799 4059 αἰτίαις
816 3982 868 4048 καὶ
893 3984 922 4049 οί
944 3984 985 4059 είς
1001 3980 1042 4047 τὰ
1085 3990 1114 4045 in
1126 3994 1389 4046 carceretenentur.
1407 3987 1511 4046 lisdem
1524 4003 1608 4062 porro
1627 3987 1794 4046 criminibus
1814 3995 1858 4047 te·

267 4087 400 4155 οἰκετικὰ
411 4093 539 4180 σώματα
552 4083 825 4182 ἐξαμαρτάνοντες]
1086 4100 1206 4151 neantur
1220 4095 1240 4150 li
1254 4095 1339 4151 ettam
1353 4095 1402 4167 qui
1413 4093 1527 4152 servilia
1539 4108 1659 4167 corpora
1672 4090 1832 4169 violarint]
1864 4083 1867 4088 ’

228 4295 257 4334 so
308 4292 342 4332 17.
365 4270 443 4338 Ἴσως
454 4270 485 4330 δν
498 4262 541 4331 σύν
555 4296 593 4339 τις
608 4271 763 4349 θαυμάσειεν
781 4270 899 4352 ἐξαίφνης
913 4271 1041 4344 ἀκούσας,
1117 4280 1154 4328 ll.
1173 4275 1373 4326 Fortassisautem
1382 4275 1467 4337 aliquis
1476 4275 1557 4325 statim
1566 4276 1676 4338 miratur,
1688 4288 1737 4338 qua
1746 4274 1859 4325 decanea

268 4358 294 4417 τί
304 4358 335 4430 δή
345 4362 404 4418 ποτ’
415 4363 488 4440 ἐντῷ
499 4359 571 4441 νύμιρ
580 4364 616 4441 τῷ
627 4366 671 4431 τῆς
681 4360 779 4441 ύύρεως
788 4360 955 4441 προσεγράφη
965 4366 1041 4419 τοῦτο
1085 4366 1130 4428 ieqi
1140 4363 1292 4414 contumelia
1306 4364 1378 4412 etiam
1389 4375 1513 4411 servorum
1524 4376 1613 4412 nomen
1625 4363 1656 4411 sit
1664 4362 1802 4424 ascriptum.
1830 4363 1859 4413 ld

267 4446 298 4505 τὸ
313 4450 400 4528 ρῆμα,
414 4447 444 4506 τδ
461 4451 512 4506 τῶν
533 4448 639 4508 δούλων.
663 4452 748 4509 Τοῦτο
763 4446 790 4507 al
805 4447 849 4506 idi
869 4452 997 4520 σκοπῆτε,
1019 4438 1041 4506 ὦ
1085 4453 1165 4501 verosi
1172 4448 1859 4510 considerabitis,atl1enienses,omniumrectissimumesse

269 4533 412 4608 Ἀθηναῖοι,
426 4535 547 4614 εὑρήσετε
562 4535 601 4594 δτι
614 4541 689 4595 τοῦτο
702 4535 807 4595 πάντων
819 4534 912 4615 άρεοτα
925 4535 996 4613 ἔχει·
1011 4538 1040 4594 οὐ
1085 4538 1218 4589 invenietis,
1227 4537 1377 4600 llequeenim
1387 4536 1450 4586 servi
1458 4538 1602 4586 tanlaecurae
1612 4537 1709 4586 innunt
1720 4536 1856 4599 legislatori,

268 4625 319 4701 γὰρ
334 4621 394 4703 περί
415 4626 466 4679 τῶν
480 4624 585 4680 οἰκετῶν
599 4622 758 4682 ἐσπούδακεν
773 4628 787 4681 θ
801 4621 955 4698 νομοθέτης,
972 4621 1041 4679 titt
1085 4626 1127 4677 sed
1137 4626 1192 4689 quia
1204 4638 1248 4674 nos
1258 4624 1423 4674 consuefacere
1434 4626 1521 4684 voluit,
1532 4627 1580 4673 uta
1591 4623 1735 4672 contumelia
1744 4622 1857 4685 ingenuo

271 4706 424 4788 βουλόμενα
436 4712 503 4783 ὑμᾶς
516 4709 599 4768 ἐθίσαι
611 4708 676 4768 πολὺ
692 4711 798 4790 άτίέχεεν
812 4714 858 4780 τῆς
872 4712 923 4767 τῶν
937 4707 1041 4767 ἐλευθέ·
1085 4727 1138 4763 rum
1157 4725 1299 4775 magnopere
1309 4712 1377 4761 nobis
1388 4714 1588 4772 temperaremus,
1603 4710 1723 4772 ascripsit,
1739 4721 1771 4757 ne
1783 4709 1859 4759 serris

271 4820 322 4875 ρων
334 4793 433 4876 ύύρεως
442 4795 607 4877 προσέγραψε
620 4797 680 4874 μηδ’
691 4799 725 4864 είς
734 4796 792 4865 τοὺς
807 4797 911 4862 δούλους
921 4795 1040 4876 ύὸρίζειν.
1085 4802 1182 4864 quidem
1197 4799 1367 4849 contumeliam
1380 4797 1584 4849 miscendam.
1616 4797 1723 4858 Denique
1735 4797 1777 4859 qui
1791 4798 1858 4848 inii·

268 4881 358 4949 Ὅλως
372 4878 399 4940 δέ
414 4884 440 4940 ἐν
457 4883 661 4964 τῇδημοκρατίρ
673 4883 717 4943 τὸν
735 4887 769 4951 εἰς
781 4889 892 4943 ὁντινοῦν
907 4882 1040 4961 ίθριστήν,
1085 4890 1143 4941 bera
1168 4890 1264 4938 civltatc
1287 4899 1455 4950 quemcunque
1485 4885 1628 4935 contumelia
1654 4884 1774 4944 atticerot,
1802 4898 1858 4935 eum

230 4997 257 5037 at
268 4975 358 5029 τοῦτον
380 4969 427 5027 οὐκ
446 4969 589 5040 ἐπιτήδειον
614 4962 680 5030 είναι
706 4970 823 5047 ἠγάσατο
854 4969 1041 5047 συμπὸλιτεύε-
1085 4979 1116 5028 ad
1139 4978 1234 5026 civilem
1255 4973 1451 5025 consuetudinem
1476 4974 1574 5023 minime
1594 4972 1706 5022 idoneum
1735 4971 1858 5030 iudicavit.

267 5062 336 5118 σθαι.
384 5058 427 5135 (aa)
462 5059 574 5118 Κάκεῖνο
603 5058 631 5117 δέ
660 5082 704 5135 μοι
738 5058 1042 5135 συνδιαμνημονεύσατε,
1086 5058 1860 5128 (ιιι)Αιφιιοιιιιιθιιιισωοσιιιιι,ιιιιεσὶιοεω,ισεσιιοεείιίενσ-

268 5135 448 5219 άιἏθηναῑοι,
463 5144 501 5205 ὅτι
516 5147 613 5206 ἐνταῦθ’
626 5151 640 5206 θ
660 5146 798 5226 νομοθέτης
810 5145 883 5207 ούπω
896 5146 1041 5224 διαλέγεται
1086 5154 1144 5214 dm,
1155 5152 1312 5216 legislatorem
1324 5149 1363 5199 iric
1378 5148 1485 5199 nondum
1500 5146 1566 5210 loqui
1577 5160 1632 5197 cum
1646 5159 1734 5210 puero,
1749 5145 1791 5196 sed
1804 5158 1860 5196 cum
