3967 5967
798 445 1094 507 ιιυοιενοιιεινιι.
1347 424 1371 429 ”
1687 448 1740 501 εει

144 576 265 646 σεμῦήναι
277 574 320 628 τόν
334 573 458 645 πόλεμον,
469 574 508 628 δτι
518 592 544 627 τε
558 572 646 634 οίιιεῖος
657 572 812 636 αιίτοῖςέστίν
827 573 920 645 όμολο·
966 578 1015 625 τῶν
1031 572 1130 626 ἔννοιῶν
1150 570 1332 640 διαδεχομένων
1353 568 1480 635 ἀλλήλας,
1495 570 1677 640 προοιμιάζεται
1693 568 1746 621 λοι-

144 660 253 725 γοῦντες,
289 653 427 707 ίέεῦαιοῖδὶ
438 653 479 705 καί
489 652 530 705 διδ
542 656 585 719 τῆς
595 653 704 722 δευτέρας
717 651 810 714 έννυέας
820 652 864 718 τήν
877 652 920 704 αύ·
965 652 1076 722 πδνπερί
1089 656 1132 705 τοῦ
1145 652 1248 703 δυνατοῦ
1266 649 1339 702 πάλιν
1353 653 1396 714 τῆς
1416 647 1526 713 πόλεως,
1543 671 1554 698 ι
1572 649 1601 701 τδ
1615 648 1658 719 μέν
1671 647 1746 700 έπιτι·

143 731 187 799 τὴν
204 732 283 784 λύσιν.
321 731 369 783 Kal
391 730 440 802 γάρ
458 730 587 785 Εύῦοεῦσιν
606 729 650 784 ούκ
663 729 760 792 οίκείοις
777 726 845 783 οθσιν
865 728 920 782 ούδέ
968 754 979 781 ι
997 733 1046 801 μᾶν
1065 728 1123 792 ίσως
1141 730 1216 799 φήσαι
1230 747 1266 789 τις
1282 730 1312 779 ἀν
1326 727 1409 797 ῥᾴδιον
1424 749 1435 777 ε
1458 725 1537 797 ἀρχὴν
1559 731 1603 780 τοῦ
1616 727 1745 796 προοιμίου

143 810 281 881 συμμάχοις
297 808 483 879 βεόοηθήκασιν.
502 833 513 859 ι
534 809 565 861 Et
581 808 629 880 γάρ
643 809 680 869 όθῗ
693 809 785 879 ἥκομεν
803 809 920 861 Εύόοεῦσι
965 812 1138 881 ποιησάμενος.
1177 808 1212 860 To
1225 808 1251 860 δέ
1267 807 1369 859 δυνατόν
1390 808 1493 878 τέτμηκε
1507 806 1583 876 δίχα,
1601 802 1634 865 εἴς
1652 804 1744 856 τε’τδν

146 911 157 938 ε
174 888 349 958 βεῦοηθηκότες
364 892 407 959 (μ.
425 905 468 953 11,
487 894 543 954 ιο).
559 910 570 937 ε
584 886 635 939 ίίάν
649 886 743 949 τούτοις
758 886 787 941 τδ
802 886 845 957 μέν
858 905 920 956 συμ·
965 890 1056 958 τρόπον
1068 891 1111 953 τῆς
1119 889 1270 956 παρασκευῆς
1281 885 1322 937 καί
1334 883 1366 946 είς
1378 885 1421 937 τόν
1436 890 1485 936 τῶν
1503 885 1639 954 χρημάτων
1657 883 1741 951 πόρον.

142 967 213 1035 φέρον
229 966 529 1037 προηγεῖται-μέμφεται
547 964 594 1036 γάρ
609 964 691 1026 αὐτοῖς
705 964 856 1035 ῥφθυμήσασι
877 965 920 1017 καί
965 962 1042 1027 Οὗτος
1053 965 1079 1018 δέ
1092 961 1122 1031 ήν
1137 964 1203 1033 αὐτῷ
1213 963 1321 1032 χαλεπός
1333 961 1424 1032 λόγος,
1435 963 1478 1015 καί
1486 962 1527 1014 διό
1538 967 1611 1016 τοῦτο
1622 964 1745 1034 προοιμίῳ

142 1043 289 1095 καθάπτεται
307 1039 588 1112 ἠμεληκότων-ίπεται
607 1042 633 1095 δέ
651 1043 682 1094 δι’
699 1042 812 1105 θπονοίας
829 1042 871 1095 καί
889 1043 918 1096 τό
965 1045 1099 1114 κέχρηται,
1116 1041 1243 1110 έπειδήπερ
1263 1039 1307 1092 ούκ
1325 1035 1355 1105 ήν
1374 1039 1478 1107 ἀνέδην,
1498 1039 1553 1093 ούδέ
1571 1039 1632 1110 μττά
1650 1059 1743 1110 παρρη·

141 1121 253 1176 δυνατόν.
293 1118 371 1174 Ὅταν
391 1120 439 1192 γάρ
458 1121 519 1194 λέγη
540 1121 713 1192 βεόοηθηκέναι
730 1123 782 1184 τοῖς
803 1121 920 1174 Εύῦοεῦσι
964 1125 1030 1188 σίας,
1045 1123 1096 1175 οὔδ’
1111 1121 1214 1191 εὐχερῶς
1232 1118 1269 1173 ἔπ’
1284 1118 1344 1172 αύτθ
1364 1119 1444 1173 έλθεῖν
1464 1118 1497 1189 μὴ
1518 1119 1745 1190 προθεραπεύσαντα

141 1199 183 1251 καί
196 1201 342 1264 σεσωκέναι,
358 1199 433 1266 δῆλός
451 1198 501 1253 ἔστι
515 1199 556 1253 καί
573 1199 602 1252 τό
611 1199 714 1251 δυνατόν
726 1200 754 1253 τδ
769 1203 811 1265 τῆς
825 1199 919 1262 πόλεως
964 1203 1007 1255 καὶ
1022 1201 1270 1272 προδιοικησάμενον.
1315 1198 1411 1252 Σκοπδν
1429 1197 1456 1252 δέ
1474 1197 1541 1267 ίχων
1561 1198 1619 1268 μίαν
1641 1197 1743 1267 δύναμιν

142 1276 261 1338 συνιστάς,
300 1275 377 1338 Ἄξιον
387 1276 414 1330 δέ
422 1276 463 1329 καί
473 1277 502 1333 τδ
511 1277 665 1347 παράδειγμα
674 1278 804 1348 θαυμάσαι.
819 1276 918 1345 Ἐπειδὴ
939 1313 944 1347 ,
965 1279 1082 1350 έκπίγυήαι
1095 1278 1134 1332 ίπί
1142 1276 1186 1343 τήν
1200 1277 1322 1330 Ὄλυνθον
1336 1278 1380 1329 δύο
1392 1278 1504 1348 δυνάμεις
1516 1276 1742 1347 ἀξιοῖψηφίζεσθαι,

144 1352 192 1424 γάρ
203 1354 303 1407 δοκοῦσι
315 1355 357 1407 καί
372 1354 472 1417 Εθόοεῖς
487 1354 632 1417 ἀποστάντες
649 1358 692 1422 τῆς
703 1357 843 1427 συμμαχίας
852 1376 921 1410 τετυ-
966 1358 1073 1428 μάλιστα
1087 1356 1130 1426 μέν
1150 1356 1194 1409 ἵνα
1206 1354 1250 1422 τήν
1274 1354 1357 1425 έτέραν
1371 1354 1450 1408 αύτῶν
1468 1357 1561 1426 δυνηθῇ
1580 1356 1742 1424 κατορθῶσαι·

142 1433 245 1502 χηκέναι
268 1432 394 1503 βοηθείας,
408 1432 490 1505 οίκείιρ
508 1434 550 1487 καί
568 1435 646 1505 τούτῳ
659 1436 775 1504 κέχρηται
789 1441 825 1507 τῷ
843 1454 920 1506 παρα-
964 1433 1035 1488 είωθε
1051 1434 1099 1506 γάρ
1121 1435 1221 1505 μείζονα
1235 1434 1276 1486 καί
1296 1433 1398 1487 πλείονα
1416 1430 1452 1486 ὧν
1472 1433 1585 1502 βούλεται
1606 1434 1742 1501 κατορθοῦν

141 1510 264 1581 δείγματι,
303 1509 349 1563 Kal
364 1509 412 1582 μήν
428 1511 529 1565 κάκεῖνα
548 1514 577 1564 ἀν
592 1510 630 1579 τίη
647 1517 689 1565 τοῦ
704 1514 864 1584 συμφέροντος
878 1513 920 1565 καί
964 1513 1003 1566 ἀεὶ
1011 1513 1161 1584 προτείνειν,
1174 1513 1218 1565 ἵνα
1228 1515 1272 1577 τῆς
1283 1511 1390 1582 ἀνάγκης
1400 1511 1473 1577 αύτής
1484 1510 1656 1580 έπαρτηθιίσης
1665 1509 1743 1563 ἕλων-
1833 1582 1836 1589 .

73 1634 80 1642 .
141 1591 186 1640 τοῦ
198 1589 292 1640 δικαίου
306 1589 357 1659 άμα
370 1590 411 1642 καί
425 1593 467 1643 τοῦ
480 1592 600 1655 δυνατοῦ,
614 1589 638 1643 έν
657 1589 694 1652 οίς
707 1589 813 1644 αἰτιᾶται
833 1588 919 1653 αύτούς
964 1611 1004 1645 ται
1015 1591 1045 1644 τά
1061 1589 1163 1644 έλάττω·
1181 1589 1227 1643 εἶθ’
1238 1591 1282 1642 ίνα
1300 1590 1341 1643 καί
1356 1589 1463 1659 ροῦήσας
1478 1594 1515 1659 τῷ
1530 1588 1626 1658 μεγέθει
1640 1591 1683 1653 τῆς
1696 1607 1742 1641 πα-

141 1662 176 1739 μή
191 1666 358 1735 βοηθήσαντας
367 1670 418 1730 τοῖς
436 1667 572 1736 ἀδικηθεῖσι
588 1671 722 1740 σφέτερον,
740 1670 780 1722 καί
793 1671 832 1723 ότι
845 1689 918 1741 μετα-
963 1674 1080 1741 ρασκευῆς
1094 1668 1190 1741 φοῦήση
1204 1669 1246 1721 καί
1262 1674 1300 1739 τῖρ
1316 1672 1360 1733 τῆς
1373 1666 1483 1737 είσφορᾶς
1498 1668 1595 1737 μεγέθει
1611 1666 1653 1718 καί
1666 1667 1742 1738 ταύτῃ

140 1747 267 1797 ποιοῦνται
279 1749 322 1811 τῆς
332 1744 465 1816 ἡγεμονίας
475 1746 553 1800 αύτῶν
567 1748 592 1801 οί
604 1747 738 1815 Ἕλληνες,
755 1750 814 1801 θταν
826 1748 919 1801 καλῶσι
963 1753 1138 1824 καταναγκάση
1151 1758 1198 1805 τῶν
1214 1753 1335 1820 θεωρικῶν
1352 1744 1500 1816 ἀποστῆναι.
1547 1749 1604 1802 Ὅτι
1617 1744 1695 1801 δὀόν
1713 1748 1743 1802 ού

140 1824 199 1895 πρδς
220 1823 319 1888 ίαυτούς
338 1827 471 1892 Πυδναῖοι,
498 1829 558 1882 όταν
582 1829 740 1883 Ποτιδαιᾶται
756 1830 933 1898 παραδιδῶσιν
963 1833 1088 1900 πρόκειται
1107 1829 1173 1901 αύτῷ
1194 1829 1238 1891 τάτ
1256 1830 1299 1883 δύο
1319 1829 1445 1898 δυνάμεις,
1467 1827 1522 1881 ούδέ
1540 1827 1582 1888 τάς
1605 1828 1649 1879 δύο
1668 1847 1744 1898 παρα·

141 1899 239 1965 έαυτοίυς
251 1905 292 1956 καὶ
304 1904 348 1970 τήν
358 1906 439 1960 πόλιν
454 1906 479 1960 έν
488 1903 525 1968 οίς
536 1909 563 1960 δέ
575 1927 647 1978 φησιν
660 1907 745 1969 αύτούς
755 1906 881 1973 ηύξηκέναι
888 1911 919 1979 τῇ
963 1908 1049 1970 ακευάς
1060 1907 1219 1972 ἀποστεῖλαι,
1230 1907 1334 1978 φανερόν
1349 1907 1376 1960 ἔκ
1387 1911 1430 1961 τοῦ
1445 1905 1506 1977 μήτε
1517 1905 1594 1960 πολύν
1610 1924 1665 1957 τινα
1675 1910 1743 1971 κινῆ-

140 1978 244 2051 ριρθυμίρ
257 1983 299 2034 τόν
312 1984 452 2045 Φίλιππον,
465 1985 528 2055 όμοῦ
542 1984 586 2057 μίν
602 1986 685 2055 φοόεῖ,
700 1985 762 2055 όμοῦ
774 1983 800 2036 δέ
813 1984 855 2036 καί
873 2005 919 2038 πα-
963 2004 1004 2037 σαι
1016 1986 1108 2055 λόγον,
1123 1987 1237 2038 σύστασιν
1251 1985 1396 2056 περιέχοντα
1404 1988 1448 2037 τοῦ
1457 1984 1509 2036 δεῖν
1522 1982 1650 2052 ἐκπέμπειν
1662 1982 1743 2036 ἑκατέ-

141 2060 294 2128 ραμυθεῖται.
332 2060 413 2123 Αύξων
435 2061 478 2132 μέν
502 2061 550 2133 γάρ
568 2062 746 2129 καταπλήττει,
767 2063 865 2132 φάσκειν
892 2061 918 2115 δέ
964 2082 1023 2134 ραν,
1045 2066 1087 2117 καί
1106 2063 1133 2117 ίκ
1152 2068 1196 2117 τοῦ
1214 2065 1308 2134 ταχέως
1321 2064 1361 2117 έπί
1379 2063 1424 2116 τδν
1443 2063 1522 2132 λόγον
1540 2066 1589 2113 τῶν
1606 2063 1742 2131 χρημάτων

64 2136 73 2151 ’
140 2135 181 2188 διὰ
205 2136 249 2202 τήν
268 2138 347 2191 ουέτῶν
368 2138 485 2210 ῥᾳθυμίαν
510 2142 657 2212 γεγενῆσθαι
678 2143 755 2211 μέγαν
778 2140 852 2194 πάλιν
873 2144 918 2194 τοῦ
963 2143 1078 2214 δραμεῖν.
1116 2143 1191 2206 Ἄξιον
1204 2144 1231 2197 δέ
1248 2142 1443 2213 ἐπισημήνασθαι
1463 2143 1501 2194 θτι
1516 2140 1570 2194 ούδί
1591 2139 1743 2211 ἐγχρονίζειν

140 2213 207 2275 δέους
224 2213 314 2282 όφιέναι
326 2219 509 2287 παρασκευάζει·
525 2218 561 2273 ἀπ’
581 2218 663 2280 αύτοῖς
681 2218 727 2289 γάρ
741 2219 783 2271 καί
796 2218 824 2272 τδ
842 2238 917 2272 κατα-
965 2222 1078 2291 βούλεται
1092 2223 1209 2295 τῷλόγῳ
1224 2229 1260 2294 τῷ
1272 2223 1327 2293 περί
1339 2228 1388 2275 τῶν
1403 2222 1555 2292 χρημάτων,
1568 2218 1608 2271 διά
1618 2219 1647 2271 τδ
1656 2220 1742 2289 δυσχε·

142 2290 214 2344 λῦσαι
229 2293 305 2346 ἔσται.
344 2294 422 2366 Ὅπερ
438 2296 479 2349 καί
492 2297 506 2350 ό
521 2296 669 2364 θουκυδίδης
682 2299 791 2368 φαίνεται
804 2304 880 2351 ποιῶν
892 2297 918 2351 έν
963 2299 1015 2369 ρές,
1032 2299 1089 2351 ἀλλ’
1108 2300 1175 2363 εύθὶες
1191 2301 1329 2372 μεταῦαίνει
1347 2299 1421 2354 πάλιν
1437 2297 1477 2352 έπί
1495 2298 1538 2350 τόν
1551 2302 1600 2350 τῶν
1615 2295 1741 2367 εἰσφορῶν,

141 2371 172 2439 τῇ
185 2369 364 2442 δημηγορίᾳτῇ
376 2367 518 2442 ίίορινθέων.
560 2373 602 2427 Ἐν
612 2375 639 2429 δέ
652 2375 745 2436 τούτοις
759 2374 788 2427 τδ
797 2378 917 2445 συμφέρον
961 2379 1005 2429 ἵνα
1020 2376 1053 2447 μή
1067 2380 1181 2448 φαίνηται
1201 2378 1347 2444 ίπιτηδεύων
1363 2375 1409 2442 τήν
1427 2374 1622 2446 πρδςΕόῦουλον
1641 2374 1742 2443 μάχην,

140 2450 299 2516 προηγεῖται,
312 2446 343 2500 τά
352 2448 374 2500 δ’
384 2449 442 2502 ἀλλ’
457 2451 550 2507 έπεται.
587 2452 748 2522 Μεμνημένος
759 2451 785 2504 δέ
800 2454 842 2517 τῆς
853 2449 918 2520 παρὰ
963 2458 1030 2513 ἀλλὰ
1045 2465 1076 2533 τῇ
1093 2461 1165 2530 χρείᾳ
1183 2464 1232 2511 τῶν
1247 2458 1399 2529 πραγμάτων
1414 2456 1548 2526 ἱκόμενος,
1565 2459 1599 2521 πθ
1615 2452 1742 2525 μίέᾶξῑῶί

141 2529 189 2576 rav
205 2526 267 2577 θῑῶθ
280 2524 374 2587 ῑθθῡίθν
389 2529 532 2595 συνέστησάν
545 2528 620 2595 αιίίῑθθ
638 2530 662 2591 ἔξ
672 2526 708 2583 ὧν
728 2529 773 2582 θῦθ
783 2528 813 2580 ἄν
827 2527 917 2594 1th-
963 2545 1012 2591 τῶν
1031 2541 1151 2610 θεωρικῶν
1171 2537 1323 2602 ἐξίστασθαι,
1343 2539 1377 2602 πή
1393 2535 1419 2588 δέ
1431 2534 1479 2590 ἀπδ
1490 2542 1539 2589 τῶν
1553 2533 1650 2587 οίκείων
1666 2534 1742 2604 είσφέ-

139 2620 202 2655 “¹⁰⁸-
239 2602 289 2665 Τίίί
302 2603 410 2674 Τθρῐῶθ
423 2606 759 2678 θρμῦέωμφθρᾶςθθίῒῶέ
773 2604 918 2676 ίῦίθθίίέθέ
963 2616 1082 2686 ρειν,καί
1098 2616 1127 2668 οό
1140 2616 1196 2677 τούς
1208 2614 1337 2676 πλουσίους
1350 2614 1442 2684 μόνον,
1462 2612 1528 2664 ἀλλά
1546 2612 1589 2664 καί
1606 2612 1661 2672 τούς
1681 2610 1742 2664 ἀπό-

143 2678 404 2749 Ἓθέθίθίόωθέῗθθῑθέθ
425 2688 468 2750 ῖθέ
483 2685 548 2755 παρὰ
564 2690 613 2738 τῶν
628 2686 689 2737 θῑῶθ
704 2683 796 2745 ῑῦθῦέᾱτ
807 2683 917 2756 θνῡρμη·
963 2713 1027 2762 ρους.
1066 2695 1140 2748 Ποιεῖ
1149 2694 1176 2747 δέ
1191 2698 1264 2747 τοῦτο
1285 2692 1427 2759 ίξεπίτηδες.
1464 2690 1515 2744 Oba
1537 2690 1675 2761 ίγχρονίζει
1699 2690 1743 2760 μέν

140 2759 212 2826 θῆναι
222 2760 304 2830 λέγων
316 2759 345 2814 τό
359 2761 461 2814 δυνατδν
475 2761 503 2815 τδ
520 2766 563 2829 τῆς
580 2762 675 2823 πόλεως
687 2762 727 2814 διά
745 2762 838 2815 τούτων
856 2765 919 2816 συνί·
963 2771 1011 2842 γὰρ
1022 2777 1057 2842 τῷ
1070 2771 1125 2841 περί
1140 2777 1188 2823 τῶν
1205 2772 1327 2840 θεωρικῶν
1345 2772 1430 2840 λόγῳ,
1444 2769 1484 2821 διά
1503 2769 1532 2822 τδ
1550 2770 1629 2820 ἀνιᾶν·
1646 2767 1675 2819 ού
1694 2767 1743 2838 μήν

140 2836 348 2908 mmmmm
358 2838 562 2910 καίτθωμφέροθ
572 2839 648 2892 καὶτὸ
658 2837 760 2891 δυθαῖθθ
773 2838 916 2910 Μπλέχθᾱῑ·
963 2850 1018 2903 οὐδὲ
1037 2849 1179 2919 ἀφίσταται,
1194 2848 1235 2901 διά
1252 2849 1282 2902 εδ
1297 2848 1330 2921 μὴ
1351 2848 1492 2919 ἀλλαχόθεν
1507 2845 1572 2901 είναι
1592 2849 1677 2916 πόρον.
1693 2847 1743 2899 Τόν

142 2914 218 2985 ’θλθί
241 2915 284 2988 μέν
305 2914 392 2969 ἵθῦῖθυ
414 2917 520 2988 προῆλθέ
543 2919 728 2980 mma&
748 2916 794 2983 ὧν,
818 2916 870 2980 ffb*
888 2924 918 2991 τῇ
962 2928 1055 2999 δίπερί
1068 2932 1111 2995 τῆς
1124 2927 1234 2999 εἰσφοράς
1252 2930 1358 2982 ποιεῖται
1377 2929 1469 2997 λόγον,
1491 2926 1534 2979 οίιιι
1555 2926 1632 2985 όντως
1654 2929 1742 2978 τοῦτον

140 2991 212 3047 ῦθλίῑ
227 2991 271 3058 ῖθέ
289 2991 424 3065 &mmm
440 2994 588 3062 ὰέαλῑθῑῗθο
605 2996 753 3068 ίρθίθίίάθῦῑ
766 2997 808 3050 καί
821 2999 859 3050 θῐῑ
875 3003 917 3051 νῦν
964 3006 1029 3077 ἔχων
1045 3006 1088 3060 τόν
1106 3006 1212 3071 σκοπόν,
1227 3005 1271 3057 ἵνα
1291 3005 1477 3075 είσενέγιιωσιν,
1493 3002 1550 3055 ἀλλ’
1573 3003 1617 3054 ἵνα
1639 3001 1680 3053 διὰ
1701 3007 1744 3069 τῆς

144 3075 211 3142 γοῦν,
224 3071 246 3126 τί
253 3071 335 3146 καὶμὴ
344 3074 430 3142 πάλαι,
440 3075 620 3143 ἀνακτήσασθαι
626 3075 701 3143 αὖτδν
710 3078 759 3130 δεῖ.
773 3077 816 3139 Ἐξ
823 3075 858 3132 ὧν
866 3098 919 3132 ουν·
963 3087 1073 3158 εἰσφορᾶς
1086 3087 1259 3158 εατοναγκάοη
1275 3090 1324 3137 τῶν
1335 3086 1456 3155 θεωρικῶν
1468 3082 1592 3148 έκοιῆνοι.
1611 3104 1622 3131 ι
1639 3083 1743 3152 Λέγουσι

143 3147 221 3220 έετησι
239 3153 281 3207 καί
293 3154 323 3208 τό
335 3154 427 3210 οέκιῖον
446 3154 511 3211 εἶναι
526 3158 569 3211 τόν
583 3158 710 3229 πόλεμον,
726 3156 792 3230 είπερ
812 3159 870 3230 θπίρ
888 3159 918 3226 ή·
966 3187 976 3213 ι
993 3165 1020 3217 δὲ
1033 3164 1074 3216 καί
1087 3163 1177 3225 ἀλλους
1190 3162 1256 3224 τινάς
1272 3162 1346 3214 ἀλλοι
1360 3163 1466 3231 πόρους,
1485 3156 1521 3212 ὧν
1535 3158 1619 3211 ίλεοθε
1634 3161 1679 3229 (μ.
1699 3160 1741 3221 15,

140 3233 264 3302 γεμονίας.
313 3233 507 3290 Τάδέέντεῦθεν
520 3237 549 3290 τό
568 3235 704 3308 ἀναγκαῖον
726 3237 796 3307 έχιι,
814 3237 855 3290 καί
873 3236 917 3304 τήν
964 3246 1010 3312 7).
1026 3270 1037 3290 ·
1056 3243 1127 3295 Ἔστι
1142 3242 1185 3314 μέν
1202 3240 1370 3311 ἀνθυποφορά,
1384 3237 1433 3310 χρὴ
1448 3237 1475 3291 δέ
1493 3236 1617 3308 ἀναφέρειν
1631 3235 1744 3307 τήνπρο-

140 3308 255 3377 εἶυθολήν
273 3311 373 3384 εἴληφεν
385 3314 433 3368 ἀπό
449 3319 492 3369 τοῦ
509 3315 562 3368 «Et
572 3316 598 3369 δέ
609 3314 816 3387 προησόμεθαῶ
836 3318 919 3388 ἀνδρες
963 3320 1112 3387 κατασκευήν
1123 3322 1156 3383 ὡς
1172 3320 1242 3373 λύσιν
1258 3318 1298 3373 έπί
1310 3318 1355 3385 τήν
1368 3318 1464 3371 ίννοιαν
1479 3320 1523 3369 τοῦ
1541 3318 1687 3386 προοιμίου,
1700 3316 1743 3367 ἵνα

143 3385 374 3456 «Ἀθηναῖοι,καί
386 3393 485 3454 τούτους
497 3393 552 3453 τούς
561 3392 755 3464 ἀνθρόιποοςίρ.
773 3410 813 3457 ιε,
827 3401 915 3461 μοι.»
963 3399 990 3452 ἐκ
1003 3402 1149 3471 συγκρίσεως
1158 3397 1576 3471 οομρορώειροςόπόροςφαίνηται.
1613 3395 1658 3448 Διά
1670 3399 1743 3448 τοῦτο

141 3465 225 3519 Φοόεῖ
235 3468 283 3539 γάρ
296 3470 338 3523 καί
346 3470 465 3524 δείκνυσιν
477 3470 522 3525 ούκ
536 3470 569 3534 τίς
585 3471 679 3541 μακρόν
692 3473 746 3542 περί
762 3477 810 3524 τῶν
822 3471 917 3525 οἰκείων
963 3480 1012 3551 γὰρ
1029 3479 1082 3532 και)
1106 3478 1183 3549 ἀρχὸς
1203 3477 1289 3544 ἠξίωσε
1314 3478 1406 3547 μηδένα
1427 3475 1568 3541 κωλυθῆναι
1591 3473 1742 3543 βουλόμενον

141 3545 354 3612 κινδυνεύσοντας,
368 3548 410 3601 καί
424 3550 462 3602 ότι
477 3549 528 3621 όδῷ
538 3551 646 3620 πρόεισιν
658 3551 672 3604 ό
685 3551 822 3615 Φίλιππος,
837 3553 919 3623 ὥσπερ
963 3557 1061 3629 λέγειν,
1074 3556 1141 3623 ίναέγ
1154 3555 1277 3626 είσήγησις
1295 3554 1369 3607 αθτοῦ
1380 3553 1395 3620 ή
1407 3554 1463 3624 περί
1474 3559 1522 3607 σῶν
1537 3554 1672 3623 χρημάτων
1687 3551 1743 3621 βέλ·

141 3623 182 3675 καί
190 3622 337 3692 θουκυδίδης
346 3627 475 3693 πεποίηκεν
490 3625 515 3680 έν
525 3632 556 3699 τῇ
567 3628 708 3699 δημηγορία
715 3635 764 3682 τῶν
775 3629 915 3699 Κορινθίων·
963 3654 1015 3688 τιον
1025 3635 1118 3706 ἔχουσα
1125 3636 1247 3706 φαίνηται.
1284 3634 1380 3687 Τέθεικε
1389 3632 1415 3686 δέ
1426 3633 1468 3685 καί
1476 3632 1546 3702 ἀντῷ
1554 3631 1628 3702 τρίτιρ
1637 3630 1742 3684 πλείονα

144 3702 184 3754 καί
193 3701 263 3774 ίσμεν
277 3706 320 3775 οἵᾳ
335 3705 385 3776 όδῷ
401 3710 523 3776 χωροῦσιν
536 3707 561 3760 οί
575 3706 703 3776 Ἀθηναῖοι
715 3706 755 3762 έπί
767 3708 823 3770 τούς
834 3709 916 3771 πέλας.
963 3719 1006 3780 τῆς
1019 3712 1044 3767 έν
1060 3713 1182 3785 τούτῳτῷ
1194 3712 1264 3784 λόγῳ
1273 3712 1353 3765 λύσιν.
1372 3710 1473 3772 ε’όίῑῠθ
1486 3709 1688 3780 δίίθθυίέθθῆθῖῑ
1701 3707 1743 3760 καί

141 3783 212 3837 θθτω
223 3785 265 3836 καί
277 3785 413 3849 Φίλιππος,
426 3786 455 3838 τό
468 3792 563 3856 πρῶτον
579 3786 727 3859 Ἀμφίπολιν
745 3787 840 3853 λαῦὼν,
858 3788 919 3859 μετὰ
967 3814 977 3841 ι
994 3791 1140 3863 λογίσασθαι
1150 3789 1181 3843 τὰ
1191 3792 1377 3862 πράγματα(ρ.
1394 3790 1436 3855 τά,
1450 3789 1496 3860 6).
1516 3810 1527 3837 ν
1543 3786 1670 3841 Ἐντεῦθεν
1685 3787 1744 3857 πρίει

142 3865 217 3914 ταῦτα
227 3861 323 3914 Πύδναν
333 3862 374 3914 καί
383 3861 479 3931 θφάκην
489 3864 531 3917 καί
540 3865 654 3929 Παίονας,
670 3864 708 3918 έπί
718 3865 774 3928 τούς
784 3864 919 3933 Ἀθηναίους
963 3870 992 3923 τό
1012 3870 1115 3923 δυνατδν
1138 3873 1181 3922 τοῦ
1196 3870 1321 3924 Φιλίππου
1338 3869 1447 3922 ίσταται.
1493 3867 1635 3938 Προτέθεικε
1653 3865 1679 3918 δέ
1698 3864 1743 3930 τήν

140 3936 201 4003 ήξει·
224 3939 272 4010 οθχ
285 3940 317 4002 ὡς
325 3940 384 4010 πρός
393 3939 514 3995 ἀντίθεσιν
532 3942 685 4010 ἀπαντήσας,
695 3944 729 4006 ὡς
737 3946 768 3995 ἀν
779 3942 873 4012 οίηθείη
883 3965 919 4009 τις
963 3949 1033 4000 λύσιν
1048 3952 1091 4014 τῆς
1102 3947 1258 4014 ἀντιθέσεως,
1272 3950 1302 4016 ἣν
1312 3947 1481 4019 ίπεσημήνατο
1495 3945 1562 4008 εύθίις
1574 3945 1701 4016 προελθὼν
1714 3944 1738 4005 ἐξ

142 4019 297 4088 έποκροόων,
315 4018 357 4072 καί
366 4019 390 4071 τί
403 4021 432 4070 ἀν
446 4018 517 4091 ἡμεῖς
527 4022 675 4091 βλαόείημεν
691 4020 827 4076 Ὀλυνθίων
841 4022 919 4076 έαλω·
964 4026 1115 4098 ἀναιρέσεως.
1153 4026 1281 4099 θαυμάσαι
1294 4028 1320 4081 δέ
1333 4027 1399 4090 ἀξιον
1413 4027 1455 4079 καί
1469 4026 1558 4091 ταύτης
1568 4024 1613 4091 τήν
1628 4023 1743 4095 μιταχεί·

141 4099 237 4162 κότωνς
252 4096 309 4149 ἀλλ’
323 4096 432 4168 έξάρχῆς
441 4097 618 4171 ίνστηαάμενος
626 4101 718 4154 οίκεῖον
727 4101 866 4164 καταδεῖξαι
876 4102 919 4157 τόν
965 4125 1037 4177 ρισιν.
1083 4106 1118 4158 Ού
1136 4105 1184 4177 γάρ
1204 4105 1287 4171 εἶπεν,
1310 4106 1375 4177 [ού]
1395 4106 1496 4176 φοῦερδς
1522 4105 1659 4167 Φιλιππος,
1685 4102 1742 4153 ἀλλ’

143 4177 252 4245 πόλεμον
264 4173 410 4245 έκατίρωθεν
427 4177 487 4231 αύτδ
502 4181 691 4246 κατεσκεύασεν,
703 4179 751 4234 ἀπό
764 4199 791 4233 τε
805 4185 848 4246 τῆς
860 4180 919 4251 ήγε.
965 4183 1050 4248 εἶπεν,
1066 4184 1076 4254 [
1083 4183 1143 4255 οὺχ]
1160 4183 1327 4254 ὠπρςῃηςχαὶ
1339 4185 1420 4246 καλῶς
1428 4182 1481 4253 ''A“
1492 4183 1523 4236 τὰ
1532 4182 1657 4235 φιλίππου
1667 4182 1744 4253 χράφ.

145 4246 286 4323 μονίας,ήε
297 4258 479 4322 μεταποιεῖσθαι
494 4259 747 4331 προσήκειτῇπόλει,
762 4258 802 4312 καί
819 4258 920 4313 ἀπὸτοῦ
966 4283 1040 4334 ματα.
1078 4263 1126 4316 Ἦν
1139 4263 1209 4317 έλυσε
1223 4258 1486 4333 κατακερματίσαςτήν
1502 4261 1627 4314 Φιλίππου
1640 4260 1742 4328 δύναμιν

144 4331 186 4383 τόν
201 4331 311 4400 πόλεμον
325 4332 369 4386 οθκ
381 4334 413 4397 τίς
427 4335 521 4406 μακρὰν
535 4337 599 4403 ήξειν
614 4337 647 4399 είς
662 4336 707 4404 τήν
723 4336 839 4404 Ἀττικήν,
853 4338 875 4392 εί
886 4338 919 4410 μή
966 4341 1118 4412 είςτέσσαρα·
1136 4340 1167 4403 είς
1178 4341 1221 4393 τδν
1233 4342 1336 4410 καιρδν,
1351 4341 1384 4391 δι’
1396 4342 1425 4392 δν
1443 4341 1593 4410 ταράττεται·
1611 4337 1643 4400 είς
1655 4337 1744 4390 θεττα·

146 4409 292 4476 βοηθήσαιεν
309 4415 362 4473 τοῖς
380 4411 417 4466 ίτι
435 4413 588 4483 λειπομένοις
601 4422 649 4468 τῶν
670 4415 804 4482 Ἐλλήνων
820 4416 859 4471 έπί
877 4422 920 4485 τῆς
965 4420 1040 4484 λοδς,
1056 4422 1111 4481 τούς
1128 4419 1214 4472 ίαυτοῦ
1233 4421 1392 4489 συμμάχους,
1408 4417 1572 4478 ἀποστατικῶς
1582 4416 1693 4486 έχοντας·
1710 4415 1743 4476 είς

144 4487 249 4560 θράκης.
296 4488 331 4541 Ού
350 4488 380 4555 δή
400 4491 442 4543 καί
455 4490 500 4557 τήν
521 4494 635 4546 σύστασιν
654 4497 815 4567 ποιησόμενος
835 4497 920 4567 [καθ’]
966 4498 1068 4570 ἀπορίαν
1088 4499 1279 4568 χρημάτων,δι’
1293 4498 1322 4562 ἢν
1337 4497 1384 4567 οόχ
1404 4496 1451 4558 ἔξει
1464 4496 1550 4559 ξένους·
1566 4494 1599 4557 είς
1612 4493 1742 4560 τοδςίιπη·

144 4567 260 4623 ίιπόνοιαν
280 4568 408 4637 παρίστησι
425 4567 456 4621 τά
475 4570 649 4640 συμόησόμενα
666 4576 698 4643 τῇ
714 4574 785 4628 πόλει
803 4575 884 4638 δεινά,
900 4576 922 4629 εί
966 4579 1037 4639 κόους
1055 4575 1188 4646 Ἰλλυριούς
1209 4576 1251 4628 καί
1263 4575 1383 4640 Παίονας,
1403 4573 1576 4644 ἐπιθυμοῦντας
1597 4572 1739 4642 ἐλευθερίας1

145 4650 242 4720 γίνοιτο
255 4647 363 4718 πόλεμος
375 4647 433 4717 πρδς
444 4651 475 4718 τῇ
484 4650 569 4718 χιόρφ,
585 4648 613 4701 ού
626 4651 707 4720 λέγων
720 4652 762 4724 μέν
779 4656 832 4707 κατ’
845 4655 919 4721 εθδος,
966 4657 1048 4725 ὥσπερ
1065 4654 1105 4706 καί
1124 4654 1288 4724 διαιρούμενοι
1306 4653 1348 4706 τδν
1362 4654 1440 4724 λόγον
1457 4652 1571 4724 εἴπομεν,
1585 4650 1628 4717 τήν
1646 4649 1742 4703 έντελτ-

145 4724 197 4777 (εὗδ’
209 4723 325 4787 ίπῐίῑὼθι
338 4726 391 4785 ταῖς
404 4723 430 4777 δέ
442 4724 564 4787 θπῠνῠῖαῑε
576 4729 693 4798 μειζόνως
707 4732 798 4801 ροόῶν.
811 4734 886 4795 Τέλος
895 4734 922 4788 δέ
966 4737 1052 4804 στέραν
1066 4732 1180 4802 ίργαοίαν
1198 4736 1241 4785 τοῦ
1260 4732 1392 4802 κεφαλαίου
1413 4732 1472 4801 πρός
1484 4730 1621 4799 ὀλόκληρον
1638 4727 1743 4799 φυλάξαι

147 4802 234 4865 έπιθείι
242 4804 322 4874 τούτῳ
332 4808 368 4873 τῷ
378 4804 443 4873 μέρει
455 4807 498 4856 τοῦ
512 4803 604 4874 λόγου,
618 4804 643 4858 έν
655 4804 677 4877 ᾧ
688 4808 716 4860 τδ
730 4812 848 4881 συμφέρον
859 4811 922 4881 όμοῦ
966 4813 1089 4867 όπόθεσιν.
1106 4834 1117 4860 ι
1138 4812 1225 4881 Διόπερ
1237 4811 1356 4873 πολλάκις
1368 4813 1440 4864 δοκεῖ
1456 4811 1485 4863 τό
1498 4808 1600 4880 φυλάξαι
1617 4808 1647 4861 τά
1661 4806 1742 4877 ἀγαθά

148 4883 188 4935 καί
197 4883 226 4935 τδ
237 4883 339 4936 δυνατόν
350 4882 594 4954 τάπλικται,ιτῆμίν
610 4890 782 4957 προτεροῦντος
793 4894 836 4941 τοῦ
850 4891 922 4943 δυνα-
971 4896 1042 4945 ιτοῦ
1073 4890 1206 4956 κτήσασθαι
1229 4890 1403 4960 χαλεπύτερον
1430 4887 1495 4942 εἶναι
1522 4891 1565 4959 (p.
1597 4892 1638 4949 τό,
1667 4890 1739 4954 9).»

149 4961 207 5022 τοῦ,
227 4957 344 5029 έπομένου
363 4958 390 5012 δέ
407 4963 451 5012 τοῦ
463 4962 638 5031 συμφέροντος,
661 4968 695 5030 πῆ
714 4963 740 5017 δέ
755 4965 868 5029 έναντίως
881 4973 923 5035 τῆς
967 4970 1046 5023 Τοῦτο
1061 4968 1101 5023 lul
1117 4974 1165 5023 τῶν
1180 4967 1290 5034 ἀνοήτων
1307 4969 1348 5021 καὶ
1365 4969 1420 5038 παρ’
1442 4967 1509 5029 ἀξίαν
1521 4965 1686 5035 εθτυχούντων
1705 4961 1741 5016 εἶ-

148 5035 240 5087 τυότων
255 5038 343 5098 τάξεως
360 5036 477 5108 έχούσης,
499 5038 540 5091 καί
559 5042 741 5111 προηγουμένου
762 5044 835 5097 πάλιν
849 5042 923 5099 αθτοῦ
968 5069 1023 5104 πεν.
1061 5046 1137 5100 Ὥστε
1149 5046 1173 5100 εί
1183 5066 1217 5109 τις
1226 5047 1293 5117 αύτῷ
1305 5047 1445 5117 συγκρούειν
1455 5042 1640 5113 ίθίλειπρδςτδ
1650 5041 1744 5111 ιίρηρέ·
1832 5084 1836 5091 .

151 5116 194 5163 τοῦ
205 5114 380 5182 συμφέροντος,
399 5114 577 5186 δευτερεύοντος
593 5116 619 5169 δέ
632 5123 675 5169 τοῦ
686 5120 804 5184 δυνατοῦ,
823 5121 863 5172 καί
880 5127 922 5174 τοῦ
968 5145 1026 5190 νον,
1039 5125 1082 5178 οῦκ
1093 5125 1145 5195 ἔχει
1160 5127 1226 5178 τοῦτ’
1237 5125 1344 5195 εύλόγως
1357 5126 1450 5188 ποιεῖν,
1469 5123 1509 5175 διὰ
1520 5123 1548 5174 τό
1560 5121 1668 5192 εἰρῆσθαι
1681 5118 1743 5171 κατέι

151 5191 227 5261 λέίοίέ
241 5193 329 5254 Μθῖθῦ
341 5196 527 5267 13mede
541 5197 667 5269 ῦθμθουλῇ
681 5199 721 5250 καί
738 5204 871 5272 προτροπή,
886 5201 923 5254 ἀεί
969 5205 1050 5273 μέρος.
1091 5202 1133 5255 Ἐν
1143 5203 1189 5274 [δέ]
1211 5209 1247 5274 τῷ
1267 5205 1369 5274 δευτέρῳ
1386 5202 1579 5270 καθολικώτερον
1597 5198 1690 5269 εἴρηται
1704 5198 1743 5249 καί
