3967 5967
578 486 642 546 XV.
667 486 769 546 mm*
787 485 866 547 ἸΊΙΣ
885 481 1025 544 mm
1051 483 1300 543 ΕΛΕΥΘΕΡΙΑΣ.
1675 497 1732 546 οῑθ

138 619 263 692 προοιμίου
274 615 502 689 προκαταλαμόάνει
510 615 553 669 τθν
565 614 685 686 ἀκροατὴν
694 616 736 669 καί
745 614 858 685 βούλεται
870 613 916 665 λα
959 611 1103 682 βηθυήσειε,
1117 613 1214 683 φαύλως
1222 613 1264 665 καὶ
1276 613 1304 666 ού
1316 612 1398 684 πολλῇ
1410 617 1440 684 τῇ
1450 613 1536 685 ῥώμη,
1553 612 1610 665 ἀλλ’
1621 614 1680 684 έχρι
1693 620 1736 668 τοῦ

137 700 190 752 δεῖν
208 698 380 769 όμολογοθντα
397 696 435 748 ότι
451 693 592 761 πυνήσειτά
611 693 835 765 συμόουλευόμενα·
856 690 915 744 ὥστ’
959 689 1041 741 δοκεῖν
1060 689 1101 742 διά
1117 688 1232 758 βασιλέα,
1271 689 1343 742 Ούτω
1364 690 1407 760 μέν
1432 686 1475 743 ούν
1498 690 1545 745 ἀπὸ
1566 695 1610 743 τοῦ
1633 692 1737 745 δυνατοῦ

139 775 199 828 αύτδ
208 774 352 827 διοικεῖσθαι
363 770 405 823 διά
416 777 464 824 τῶν
477 772 520 824 δύο
530 770 630 824 έννοιῶν
645 772 673 825 τό
685 789 711 824 τι
722 768 871 839 ἀνασχέσθαι
879 767 919 821 λέ·
958 765 1002 832 τήν
1022 766 1142 822 ἀντίθεσιν
1157 767 1251 822 έλυσεντ
1273 766 1321 822 ἀπὸ
1338 769 1364 823 δέ
1376 773 1420 822 τού
1431 772 1591 841 συμφέροντος
1598 758 1736 841 ’στοχαστιο

138 873 226 923 γοντος
239 852 280 906 καί
294 852 324 905 τδ
336 852 464 916 πεισθῆναι
475 852 527 912 τοῖς
538 849 681 921 λεγομένοις
698 849 751 918 έμα
767 848 808 900 καί
819 846 915 917 πρᾶξαι»
959 852 1007 907 κῶς
1028 849 1039 908 ί
1044 865 1071 918 p.
1090 852 1148 919 ιρή,
1162 848 1207 916 3)·
1231 847 1282 901 θύα
1301 846 1360 901 οἶδα
1379 848 1422 918 μέν
1436 847 1457 901 εἰ
1479 850 1594 918 βοηθήσει
1611 849 1735 919 βασιλεύς,

126 933 219 987 Ην,
959 927 1071 996 συμφέρει
1082 928 1104 978 δ’
1115 922 1279 999 ούντῇπόλει
1289 935 1381 998 γνῶναι
1395 932 1495 997 πότερον
1508 927 1667 982 ἀντιποιεῖται
1682 926 1737 982 Ῥο·

175 1026 232 1080 191,
246 1013 273 1073 ί.
289 1007 360 1059 Ἔστι
380 1005 422 1077 μίν
436 1000 480 1058 σύν
490 1006 517 1058 ίν
530 1002 567 1059 ὧν
579 1003 632 1075 ἀγδε
645 1006 755 1075 νομίζω]
772 1002 803 1057 Ἦ
813 1002 916 1069 ίπιθολή
957 1004 1062 1072 δίινν,ή
1078 1005 1117 1062 ού,
1156 1005 1185 1059 Εἰ
1201 1006 1249 1077 γάρ
1261 1006 1410 1060 ἀντιποιοῖτο
1430 1011 1473 1074 τῆς
1492 1007 1585 1073 νήσου,
1602 1008 1680 1074 δῆλον
1698 1010 1737 1062 ότι

138 1093 183 1142 τού
194 1089 305 1158 δευτέρου
320 1085 458 1157 προοιμίου.
495 1084 551 1139 Ἵνα
569 1085 596 1138 δέ
615 1083 648 1155 μή
659 1087 721 1156 δοκῇ
736 1085 819 1154 χάριτι
835 1083 916 1154 λέγειν
958 1083 1110 1137 καλπάντων
1124 1090 1173 1137 τῶν
1190 1082 1329 1151 Ἐλλήνων.
1350 1086 1431 1140 FYV.
1447 1083 1515 1155 Ἄχρι
1532 1084 1576 1154 μέν
1596 1080 1639 1138 ούν
1651 1086 1737 1139 τούτου

137 1168 195 1239 ύπίρ
208 1167 327 1232 Ῥοδίων,
348 1166 516 1236 κατηγόρησεν
534 1162 613 1217 &aiv
633 1164 675 1217 καί
690 1165 854 1234 κατέδραμεν,
870 1161 918 1232 οθχ
958 1160 1117 1232 διηγώνισται
1134 1161 1258 1232 πρδςῇτάς
1281 1161 1329 1216 ἀπδ
1351 1166 1393 1215 τοῦ
1414 1165 1574 1233 συμφέροντος
1597 1163 1733 1225 ἀντιθέσεις·

136 1249 170 1309 ὡς
182 1245 327 1316 παροξύναι,
338 1242 395 1296 ἀλλ’
407 1242 440 1305 είς
452 1242 545 1299 εύνοιαν
555 1244 597 1297 τδν
609 1241 729 1314 ἀκροατήν
742 1241 917 1296 έκκαλέσασθαι
960 1239 1047 1294 λοιπὸν
1061 1240 1088 1293 δέ
1102 1240 1143 1294 έπλ
1161 1242 1190 1294 τδ
1209 1242 1440 1313 δυσμεταχείριστον
1457 1238 1579 1309 ἐληλύθει·
1598 1242 1613 1294 ό
1632 1243 1681 1313 γάρ
1694 1245 1737 1297 τίεν

136 1325 295 1395 βουλόμενος.
333 1321 407 1391 Ἔχει
431 1319 458 1373 δέ
472 1320 501 1373 τδ
524 1321 638 1392 δεύτερον
653 1321 782 1393 προοίμιον
795 1334 917 1391 προκαται-
958 1317 1000 1372 ἀπ’
1010 1318 1084 1387 αύτής
1096 1325 1139 1387 τῆς
1151 1323 1279 1388 ποιότητος
1296 1327 1346 1374 τῶν
1369 1319 1471 1373 Ῥοδίων
1490 1322 1638 1393 κατηγορίαν
1658 1326 1736 1392 περιί-

137 1401 225 1468 σκευήν
236 1399 427 1472 τοΰκεφαλαίου·
441 1397 486 1465 τήν
499 1398 546 1470 γάρ
557 1399 660 1470 δύναμιν
672 1397 916 1469 έπισημαίνεταιτῶν
957 1416 1037 1467 χοντα
1039 1436 1093 1453 .....
1116 1400 1154 1452 ότι
1168 1397 1314 1466 ἀπέστησαν.
1353 1399 1400 1451 ίίαλ
1414 1392 1540 1465 ζητήσειεν
1554 1397 1594 1451 ’λυ
1607 1418 1643 1460 τις
1658 1402 1681 1453 τί
1696 1401 1739 1467 δή·

131 1482 281 1552 μελλόντων
292 1479 456 1550 ῥηθήσεσθαι,
470 1477 515 1545 τήν
536 1479 609 1542 δόξαν
626 1478 668 1531 καί
684 1478 729 1545 τήν
743 1477 869 1542 εὔκλειαν,
886 1478 917 1544 ήν
960 1492 1034 1539 ποτε,
1047 1476 1117 1538 όντος
1128 1480 1172 1528 τοῦ
1185 1477 1368 1547 προηγουμένου
1385 1476 1426 1528 καί
1439 1472 1530 1547 περίού
1552 1477 1658 1547 μάλιστά
1671 1476 1737 1530 ἀστιν

138 1562 219 1623 ίξουσι
238 1560 279 1613 διὰ
301 1562 344 1626 τῆς
366 1558 471 1629 πράξεως
495 1558 596 1625 ταύτης,
621 1557 838 1628 ἀπολογησόμενοι
859 1556 918 1627 πρός
960 1552 1110 1625 ήσύμπασα
1127 1550 1239 1622 ζήτησις,
1256 1554 1277 1607 εί
1295 1556 1463 1625 δεῖβοηθῆσαι
1483 1557 1535 1616 τοῖς
1548 1555 1676 1621 ἀδικήκασι
1692 1555 1736 1621 τήν

138 1640 194 1700 τούς
204 1638 346 1691 διαόάλλειν
363 1636 449 1699 αύτούς
460 1636 583 1700 είωθότας.
620 1638 702 1690 Ταῦτα
715 1637 758 1708 μέν
770 1631 814 1690 οδν
826 1635 852 1689 έν
866 1639 917 1699 τοῖς
961 1632 1049 1697 πόλιν,
1065 1628 1135 1695 ούτος
1143 1628 1175 1685 αύ
1188 1634 1217 1686 τδ
1231 1637 1275 1686 τού
1285 1636 1447 1704 συμφέροντος
1458 1634 1590 1703 κεφάλαιον
1606 1635 1735 1705 προέταξε,

136 1719 271 1790 προοιμίοις
283 1720 410 1790 διῴκηται.
427 1715 499 1788 Ἀρχὴ
511 1716 537 1769 δέ
549 1720 593 1768 τού
601 1717 762 1787 συμφέροντος
775 1715 915 1787 κεφαλαίου,
960 1711 1003 1764 καί
1012 1713 1123 1783 δεύτερον
1135 1713 1164 1765 τδ
1177 1713 1289 1766 δυνατόν·
1311 1710 1366 1765 εἶτα
1378 1711 1399 1765 εί
1412 1706 1529 1782 βοηθήσει
1541 1712 1654 1781 βασιλεύς
1666 1714 1707 1767 καὶ
1721 1713 1736 1781 ἢ

141 1797 302 1870 αήτιάσαντο
318 1797 422 1868 μένγάρ
436 1798 479 1865 (ρ.
497 1811 557 1864 191,
575 1793 623 1866 11)
638 1823 684 1846 -.
698 1816 709 1841 ε
725 1793 917 1847 έατισκεύασται
964 1787 1107 1860 Ἀρτεμισία.
1144 1789 1342 1861 Ἰδδάθαένρημα
1357 1791 1469 1861 φανερόν·
1487 1788 1626 1860 έπειδὴγάρ
1640 1791 1737 1854 ἔνδοξον

138 1876 165 1930 δέ
178 1882 214 1948 τῷ
224 1877 311 1946 δικαίιρ
319 1874 374 1941 ήτοι
387 1873 464 1945 ἀδίκῳ
477 1873 506 1927 τίν
518 1873 651 1943 συμφέρον,
666 1873 705 1925 δτι
718 1870 865 1924 ἀδικούντων
877 1869 918 1923 καί
961 1867 990 1920 τδ
1000 1870 1129 1937 πρόσωπον
1141 1869 1183 1921 καὶ
1191 1870 1398 1939 παρρησιάζεσθαι
1408 1868 1466 1937 ύπέρ
1482 1875 1531 1921 τῶν
1541 1866 1636 1939 ἀνδρῶν
1650 1869 1679 1922 ού
1695 1872 1736 1922 δύ-

137 1954 349 2008 πλεονεκτούντων
371 1951 444 2014 δόξαν
468 1950 579 2022 είχομεν
607 1950 690 2021 διόπερ
714 1948 756 2002 καί
779 1947 915 2015 ἀπέστησαν
961 1944 1139 2012 ναταιπολλήν
1156 1946 1265 2017 έχόντων
1286 1945 1414 2013 διαδολήν,
1435 1945 1534 2008 είκότως
1552 1947 1595 1999 τὸν
1613 1945 1736 2017 ἀκροατήν

136 2033 208 2104 ήμῶν
221 2032 246 2085 οί
260 2033 398 2103 σύμμαχοι.
434 2030 489 2083 Ἵνα
507 2029 649 2101 δέμήδοκῇ
661 2030 808 2098 κατηγορεῖν
821 2028 916 2094 τήςπό·
958 2024 1142 2094 καταλαμθάνει
1155 2025 1196 2077 καί
1209 2031 1244 2096 τῷ
1263 2026 1406 2096 συμφέροντι
1424 2025 1466 2078 καί
1484 2031 1519 2097 τῷ
1535 2024 1671 2099 ἀναγκαίην,
1685 2047 1738 2082 του-

138 2113 200 2173 λεως
210 2111 294 2176 αύτδς,
310 2110 429 2181 ἀνήνεγκε
439 2108 484 2176 τήν
495 2110 650 2180 βλασφημίαν
662 2108 702 2162 ίπλ
715 2107 863 2172 Μαύσωλον,
875 2109 917 2160 ’ίνα
959 2103 1025 2156 τίσει
1034 2108 1070 2175 τῷ
1080 2103 1149 2175 φόύιρ
1160 2110 1196 2176 τῷ
1209 2105 1274 2175 παρὰ
1284 2105 1420 2174 βασιλέως,
1433 2105 1477 2157 ίνα
1487 2109 1522 2176 τῷ
1535 2104 1578 2176 μέν
1595 2109 1737 2179 συμφέροντι

138 2190 180 2241 καί
188 2187 245 2258 ύπέρ
257 2193 299 2256 τῆς
310 2188 404 2249 πόλεως
414 2186 569 2259 ἀπολογῆται
579 2189 612 2249 ύις
624 2187 717 2258 ψευδῶς
723 2185 917 2258 διαδαλλομέυης
960 2180 1074 2252 ἐπαχθείς
1084 2181 1124 2234 διά
1134 2182 1178 2249 τήν
1195 2183 1321 2249 εὔκλειαν,
1334 2184 1406 2256 τῷδέ
1418 2183 1598 2254 καταπλαγεὶς,
1613 2191 1649 2256 τῷ
1660 2186 1737 2259 ἀναγ·

140 2268 181 2319 καί
191 2264 250 2336 θπέρ
260 2272 309 2319 τῶν
323 2263 427 2318 Ῥοδίων
437 2265 470 2327 όνς
480 2263 652 2337 ἠπατημένων.
666 2264 680 2317 ό
698 2263 744 2335 γάρ
760 2269 836 2318 ταῦτα
851 2265 916 2319 πλα
959 2261 1035 2332 καίιρ,
1051 2259 1093 2313 ἐὰν
1110 2260 1254 2333 έπιθουλεύη
1277 2266 1328 2324 τοῖς
1346 2261 1455 2328 Ἕλλησι
1468 2261 1591 2331 βασιλεύς,
1608 2262 1738 2335 ύπέρθηται

138 2343 242 2412 σάρκνος
250 2343 291 2397 καί
299 2343 382 2403 πείσας
398 2341 533 2410 ἀποστῆναι
542 2342 636 2405 έκεῖνος
644 2337 767 2409 ήν.ούτω
781 2341 809 2394 εδ
821 2342 915 2394 δίκαιον
960 2339 1003 2409 μέν
1018 2340 1047 2393 τδ
1062 2344 1240 2409 μνησικακῆσαι
1260 2339 1290 2393 τά
1311 2344 1364 2402 νύν,
1377 2340 1487 2411 βοηθήσῃ
1508 2340 1535 2393 δὲ
1554 2339 1595 2392 διὰ
1611 2342 1640 2395 τ“ο
1661 2341 1740 2416 ἐαυτῷ

138 2424 264 2491 προτείνας
284 2418 358 2488 ήλθεν
373 2419 453 2475 ίπὶτδ
473 2422 606 2493 συμφέρον,
626 2417 700 2491 ούπαρ
720 2415 750 2486 ήν
763 2417 780 2486 ή
792 2421 913 2490 πρότασις·
958 2418 1098 2489 χρήσιμον,
1121 2423 1163 2472 τού
1184 2421 1345 2490 συμφέροντος
1365 2419 1512 2489 ὀρεγόμενος
1533 2420 1575 2472 καὶ
1596 2420 1679 2490 φόδων
1697 2422 1739 2477 καί

137 2500 256 2571 Συμφίρει
265 2499 323 2569 ύμῖν
339 2498 506 2555 ἀπολύσασθαι
515 2499 557 2561 τάς
566 2502 620 2554 καθ’
631 2500 700 2571 όμῶν
709 2498 825 2561 διαόολάς
836 2498 917 2561 αθτοῖς
959 2498 1077 2550 κινδύνων
1092 2496 1279 2559 ἀπαλλακτικῶς
1293 2497 1369 2567 έχων,
1380 2499 1413 2559 ὡς
1426 2498 1546 2568 αἱρεῖσθαι
1553 2498 1595 2551 καί
1605 2501 1657 2562 τοῖς
1664 2499 1737 2554 λελυ-

138 2579 289 2650 τοῖςίργοις.
326 2575 450 2644 Εἴληπται
459 2577 540 2630 τοίνυν
559 2579 587 2631 τδ
597 2576 728 2648 κεφάλαιον
744 2574 917 2648 ἀτεδτούσυμἱ
958 2577 1048 2640 πηκόσι
1065 2574 1165 2644 βοηθεῖν
1180 2573 1221 2624 διά
1237 2573 1268 2626 τά
1286 2573 1467 2644 ἀναγκαιότατα
1486 2574 1557 2628 αύτέ.
1600 2576 1636 2628 Δι’
1650 2579 1680 2645 ἣν
1693 2578 1738 2650 μέν

136 2659 262 2727 φέροντος,
278 2654 323 2720 τήν
339 2653 488 2719 κατασκευήν
507 2654 609 2725 ίχοντσς
625 2654 673 2709 ἀπὸ
693 2658 737 2707 τού
754 2655 857 2717 δικαίου,
876 2654 917 2708 καί
959 2647 1002 2704 σύν
1016 2651 1095 2705 αίτίαν
1109 2651 1228 2717 ένήλλαξε
1246 2652 1290 2718 τὴν
1312 2654 1376 2706 θέσιν
1392 2659 1440 2705 τῶν
1461 2654 1598 2723 κεφαλαίων
1620 2653 1734 2723 ἀκήκοας·

139 2736 295 2805 καταστρέφει
311 2731 344 2794 είς
355 2732 384 2785 τδ
401 2732 517 2798 ένδοξον,
537 2734 575 2786 δτι
595 2734 686 2804 πρέπον
697 2732 764 2786 ἐστίν
783 2732 852 2803 ἔχειν
871 2732 915 2800 τήν
958 2732 1049 2801 διαιρεῖ
1063 2730 1091 2784 δέ
1108 2730 1168 2783 αύτδ
1181 2733 1210 2785 τδ
1228 2732 1321 2784 δίκαιον
1338 2732 1469 2802 κεφάλαιον
1489 2732 1517 2784 ού
1540 2736 1614 2804 μικρᾷ
1628 2754 1675 2788 τινι
1697 2737 1738 2789 καί

140 2812 246 2875 εύδοξίαν
267 2811 294 2866 έκ
313 2811 429 2865 τοιούτων
450 2811 530 2883 ίργων
548 2813 578 2883 τῇ
596 2812 678 2866 πόλει.
715 2813 780 2882 Πρδς
797 2812 823 2864 δέ
844 2817 916 2866 τούτο
957 2810 1038 2882 ραύλη
1061 2809 1190 2880 βητορείρ,
1210 2810 1264 2864 ούδί
1284 2810 1315 2882 τῇ
1335 2812 1442 2883 τυχούσῃ
1461 2810 1591 2882 οίκονομίρι
1610 2816 1736 2886 κέχρηται.

138 2890 258 2951 ἀντίθεσις
268 2888 319 2943 ἀπὸ
333 2892 376 2942 τού
391 2890 496 2943 δυνατοί
508 2888 657 2960 κεφαλαίου,
678 2888 753 2942 ’Λλλά
771 2890 914 2961 δεδοίκαμεν
957 2890 1038 2943 TCV.

136 2967 248 3037 βασιλέα
265 2967 360 3033 Ταύτην
372 2966 457 3020 έλυσεν
466 2968 592 3039 όμογενδις
607 2967 688 3023 ίκτού
702 2967 776 3021 αύτού
784 2962 916 3039 κεφαλαίου
997 2973 1059 3038 τρίς,
1078 2984 1119 3022 ια.
1139 2967 1204 3039 Ὁριῗι
1215 2969 1261 3040 γάρ
1275 2969 1361 3031 αύτούς
1371 2971 1423 3041 -J
1435 2969 1575 3023 Κατατείνει
1587 2971 1682 3037 πολλὴν
1697 2993 1738 3029 κα·

137 3050 181 3099 τού
190 3048 302 3110 δυνατοῦ,
313 3046 453 3116 καίπρῶτον
462 3046 509 3100 ἀπδ
520 3051 563 3099 τοῦ
576 3048 717 3118 μαχομένου
726 3046 788 3100 κατὰ
797 3045 841 3113 τήν
852 3048 915 3100 θέσιν
957 3050 1075 3118 τηγορίαν
1089 3054 1137 3100 τῶν
1155 3046 1257 3102 Ῥοδίων
1273 3047 1419 3110 ἀξιοπιστίας
1432 3050 1522 3102 ε’ίνεκα·
1539 3052 1601 3103 πάνυ
1613 3050 1662 3122 γάρ
1677 3071 1737 3124 συμ-

135 3126 211 3193 εεύτῖης
222 3125 303 3189 εύθδς,
315 3127 409 3198 δτιίμ.
426 3143 485 3195 ιρι,
499 3128 551 3195 κύ)
563 3124 599 3176 ίλύ
615 3131 662 3178 τῶν
673 3125 751 3178 αύτῶν
769 3124 915 3196 ἐπιλέγων
958 3126 1077 3180 θάλλεται
1095 3128 1153 3197 πρδς
1174 3129 1250 3180 πειθὼ
1270 3127 1299 3180 τδ
1317 3127 1375 3197 πρδς
1395 3125 1486 3193 ήδονῗην
1506 3126 1532 3180 έν
1553 3131 1605 3191 τοῖς
1621 3130 1739 3196 τοιούτοις

138 3205 310 3276 συμβουλεύειν
325 3207 356 3276 τῇ
366 3204 437 3261 πόλει
453 3205 553 3274 βοηθεῖν
565 3203 703 3273 Αίγυπτίοις
715 3202 862 3273 ἀφεστηκόσι
873 3209 915 3258 τοῖν
958 3205 1121 3276 διαλέγεσθαι
1159 3206 1194 3257 Δι’
1209 3205 1298 3273 ἡδονῆς
1311 3205 1337 3259 δέ
1349 3205 1432 3268 αύτοῖς
1446 3204 1496 3259 ἐστι
1510 3206 1538 3259 τύ
1552 3212 1630 3269 κακῶς
1641 3206 1738 3262 ἀκούειν

136 3285 256 3353 βασιλέως
275 3285 315 3339 καί
338 3284 466 3355 φοόεῖσθαι
484 3282 584 3352 βασιλέα
604 3281 661 3352 ύπέρ
687 3279 799 3334 Ῥοδίων.
837 3281 915 3348 ίίαίή
963 3282 1080 3347 Ῥοδίους,
1118 3285 1247 3354 θέίμνηται
1263 3284 1290 3338 δὲ
1309 3282 1411 3337 Ῥοδίων
1427 3285 1499 3351 δῆθεν
1512 3292 1603 3351 κακῶς,
1619 3284 1737 3340 ἐνδεικνύ-

136 3359 262 3434 κροαθήκη
274 3367 317 3430 τής
329 3362 418 3427 αίτέας,
433 3363 471 3415 δτι
484 3361 515 3414 Οί
528 3361 570 3433 μέν
589 3360 727 3429 Ἕλληνες,
740 3361 764 3414 οί
775 3362 802 3415 δέ
814 3359 873 3414 ιίσιν
884 3362 916 3433 τῇ
959 3381 1031 3434 μενος
1050 3360 1111 3433 μήτε
1125 3362 1184 3434 πρδς
1196 3364 1269 3433 χάριν
1285 3360 1345 3434 μήτε
1360 3363 1391 3415 δι’
1406 3361 1501 3416 εόνοιαν
1520 3362 1612 3433 λέγειν,
1625 3364 1669 3417 ίνα
1682 3367 1738 3429 τούς

136 3442 203 3513 ἀρχῇ
228 3440 321 3495 ίκείνου
339 3442 521 3512 μεμερισμένον
563 3440 666 3511 Δευτέρα
683 3439 766 3505 λύσις,
780 3441 826 3492 δτι
842 3438 915 3511 Ὗεὲρ
958 3439 1077 3511 ἀκροατάς
1088 3440 1203 3510 ἀρέσηται
1219 3445 1261 3494 νύν
1281 3440 1324 3512 μέν
1339 3439 1518 3511 ένδεικνύμενος
1534 3446 1614 3512 μισεῖν
1628 3443 1683 3505 τούς
1696 3443 1738 3499 λε-

134 3520 182 3618 μύν
197 3525 246 3573 τῖεν
264 3519 362 3573 οίκείων
378 3519 541 3590 πολεμήσειεν
556 3520 585 3570 ἀν
610 3518 736 3588 βασιλεύς,
756 3517 814 3588 ύπέρ
827 3519 853 3572 δέ
867 3526 915 3572 τῶν
957 3518 1095 3586 λεπηκότας
1108 3518 1152 3585 τήν
1166 3519 1250 3585 πόλιν,
1270 3523 1312 3572 νύν
1326 3519 1352 3573 δέ
1371 3516 1405 3590 μὴ
1418 3518 1476 3590 ύπέρ
1494 3516 1595 3573 Ῥοδίων
1616 3524 1738 3576 ποιεῖσθαι

150 3597 321 3666 έῦιλήνεινοέ.
357 3598 431 3668 Τρίτη
444 3592 804 3668 λύσις,Είμίνούνέγνύκατε
818 3597 915 3652 ἀδικού
958 3598 1001 3650 τδν
1013 3596 1101 3669 λόγον,
1112 3597 1169 3649 ἀλλ’
1179 3597 1236 3668 ύπὲρ
1248 3597 1321 3651 αύτοῖι
1332 3602 1375 3651 τού
1389 3600 1550 3669 συμφέροντος
1560 3600 1600 3652 καὶ
1611 3604 1654 3668 τής
1667 3601 1739 3674 ύπαρ-

135 3696 208 3747 μενοι
222 3679 378 3748 παραχωρεῖν
391 3672 426 3730 ιὐν
437 3676 519 3730 ἀδικεῖ
529 3678 585 3739 τούς
596 3675 723 3744 Ἕλληνας
738 3677 859 3747 βασιλεύς,
872 3678 914 3731 ούκ
958 3677 1049 3746 χούσης
1068 3676 1138 3743 δόξης
1156 3678 1187 3747 τῇ
1209 3676 1289 3730 πόλει.
1326 3676 1421 3746 θίικρού
1443 3675 1469 3729 δέ
1488 3677 1528 3729 καὶ
1544 3676 1638 3746 οίηθείη
1659 3680 1689 3731 ἀν
1704 3699 1739 3742 τις

134 3755 228 3811 ἀπαινῖι
240 3753 284 3821 τήν
296 3757 407 3826 γνώμην·
419 3755 441 3809 εί
451 3756 478 3810 δέ
488 3758 535 3810 πᾶν
553 3755 634 3809 ότιούν
644 3754 789 3826 ύπομένειν,
801 3750 863 3826 μηδέ
872 3761 915 3810 νύν
958 3754 1032 3808 αύτδν
1043 3755 1216 3825 συμδουλεύειν
1228 3756 1363 3825 στρατεύειν
1378 3754 1417 3809 ἐπὶ
1432 3754 1556 3822 Ῥοδίους,
1569 3764 1685 3813 τοσοῦτον
1699 3763 1739 3814 θυ-

132 3835 240 3890 ἀκνεῖτε.
276 3832 380 3891 mmlx
392 3832 648 3907 παραδείγματος,ότι
660 3835 706 3887 ίέελ
718 3835 802 3907 Σάμον
820 3835 915 3890 ἀλευθε·
959 3833 1005 3904 μύν
1030 3832 1176 3886 ἐνδείκνυται
1198 3833 1257 3904 πρδς
1281 3834 1335 3896 τούς
1359 3832 1512 3902 ήδικηκόταςζ
1555 3834 1628 3890 Ἀλλὰ
1650 3839 1681 3891 δι’
1701 3836 1738 3892 ὧν

133 3916 259 3983 ριύεαντσς
271 3915 390 3985 Τιμοθέου
402 3915 599 3986 κατειλημμένην
612 3914 659 3968 ύπδ
674 3915 858 3987 Κυπροθέμιδος,
872 3915 916 3970 ούκ
958 3913 1100 3983 κατατρέχει
1118 3910 1230 3978 Ῥοδίων,
1244 3912 1284 3964 διά
1299 3915 1391 3966 τούτων
1403 3914 1479 3968 πείθει
1493 3915 1536 3968 τὸν
1549 3916 1638 3987 δῆμον,
1654 3918 1695 3969 καὶ
1706 3919 1738 3970 δι’

134 3992 293 4063 ἠγανάκτησε
309 3994 476 4065 βασιλεύς(μ.
494 3995 552 4064 193,
565 3994 608 4061 3).
622 3994 702 4056 FYV.
957 3988 992 4043 ὧν
1009 3993 1146 4062 κατηγορεῖ
1161 3991 1258 4061 μᾶλλον
1279 3993 1350 4045 δοκεῖ
1370 3992 1492 4064 πραύνειν.
1530 3994 1612 4048 Ταῦτα
1632 3996 1675 4066 μὲν
1694 3992 1737 4049 ούν

176 4073 233 4140 193,
249 4078 291 4134 14.
307 4070 364 4125 Ὅτι
379 4072 401 4125 δ’
415 4072 466 4125 τύδ’
486 4071 676 4140 ίναντιωθῆναι]
697 4071 773 4140 Ἄλλη
796 4071 916 4145 ἀντίθεσις
957 4070 999 4122 καί
1007 4069 1036 4123 τά
1046 4078 1146 4123 τοιαῦτα
1154 4069 1216 4123 κατὰ
1224 4070 1253 4123 τδ
1264 4072 1395 4141 κεφάλαιον
1407 4073 1545 4142 θαυμασίως
1557 4073 1736 4143 ἔρρητόρευκεν.

136 4148 185 4203 ἀπδ
196 4154 240 4203 τού
253 4149 327 4204 αθτού
338 4153 450 4204 δενατού·
467 4149 533 4204 Ἀλλ’
549 4148 684 4221 Ἀρτεμισία
697 4147 758 4221 ἡμῖν
770 4148 915 4216 ίναντιωθή·
962 4147 996 4203 ‘H
1010 4150 1036 4203 δέ
1052 4149 1169 4209 ἀντίθεσίς
1188 4148 1253 4203 ἔστιν
1265 4150 1312 4204 ἀπδ
1330 4156 1373 4204 τοῦ
1394 4152 1488 4204 δικαίου
1508 4150 1739 4223 ἀντεγκληματικῶς

137 4243 214 4278 σεται.
255 4223 389 4298 Ἀρτεμσία
402 4227 578 4281 δέίίίαυοιύλου
593 4227 636 4297 μέν
651 4229 751 4298 γέγονεν
770 4226 861 4299 ἀδελφὴ
875 4227 916 4280 καί
958 4228 1106 4301 είσηγμάνη·
1130 4227 1194 4294 Ἀλλ’
1209 4228 1270 4290 ἀξιοι
1286 4230 1378 4282 τούτων
1403 4227 1494 4281 Ῥόδιοι
1507 4232 1550 4294 τής
1562 4228 1657 4290 πόλεως
1676 4229 1737 4282 ἀπο·

136 4300 250 4373 γαμετή,
261 4303 349 4375 Ιίαρίας
365 4304 391 4357 δέ
404 4304 543 4369 έθασέλευε,
562 4307 631 4376 ρίλια
644 4306 669 4358 δέ
687 4306 789 4377 ἔπραττε
802 4306 912 4376 βασιλεῖ,
958 4310 1064 4370 στάντες·
1080 4306 1108 4359 ού
1121 4305 1169 4378 μήν
1181 4307 1283 4360 τέθειται
1292 4312 1425 4377 προφανῶς
1440 4307 1534 4376 γίνεται
1545 4306 1571 4359 δέ
1584 4307 1675 4378 φανερὰ
1686 4311 1738 4371 τοῖς

137 4378 319 4435 διάτδυίκεῖον
332 4385 453 4453 συμφέρον
470 4383 541 4437 αύτδν
557 4384 734 4454 θεραπεύουσα,
752 4385 793 4438 καί
806 4385 916 4457 ἀρχουσα
957 4384 1116 4457 ίπισεήμοσιν
1139 4384 1179 4438 ἀπ’
1201 4384 1279 4437 αὐτῶν
1302 4390 1350 4437 τῶν
1372 4384 1476 4440 λύσεων.
1517 4381 1548 4436 Ἦ
1568 4385 1594 4439 δέ
1614 4384 1678 4457 ἀρχή
1695 4392 1739 4453 τῆς

138 4458 182 4529 μέν
207 4465 256 4513 τῶν
279 4459 392 4524 οίκείων,
407 4460 475 4514 ούδέν
495 4461 522 4514 δέ
534 4452 608 4527 ήττον
630 4462 798 4534 φυλαττομένη
819 4463 919 4534 βασιλεῖ
956 4464 1049 4526 λύσεως
1061 4462 1155 4516 ίνθένδε
1170 4464 1181 4528 (
1188 4480 1216 4533 p.
1232 4465 1294 4531 ιρή,
1308 4463 1355 4533 4)·
1370 4484 1381 4511 ι
1396 4461 1430 4514 ίλύ
1443 4460 1490 4532 μὴν
1501 4460 1552 4514 ούδ’
1567 4464 1596 4515 ἀν
1611 4462 1632 4516 εἰ
1650 4465 1681 4516 δι’
1696 4464 1737 4517 αύ·

137 4537 311 4608 προσκρούειν,
326 4536 412 4591 έστιδ’
425 4539 466 4591 ότι
480 4539 545 4611 αύτῷ
555 4540 786 4612 συλλαμύανομένη.
833 4542 916 4596 Λείπει
960 4547 1036 4595 ιτιῖιν
1049 4539 1121 4612 εἶχον
1135 4539 1179 4605 τήν
1194 4539 1265 4593 πόλιν
1278 4539 1302 4592 σί
1315 4545 1355 4593 νῦν
1372 4542 1440 4602 όντες
1455 4537 1737 4614 Ῥόδιοι,τιαρήνεσαάν

136 4619 207 4691 δίτή
230 4617 348 4675 ἀντιθέσει
368 4619 513 4686 κατασκευή.
560 4620 630 4674 Ἔδει
646 4620 694 4691 γάρ
716 4619 816 4687 καλιήν
834 4621 913 4676 αἰτίαν
962 4620 1047 4692 ιύμῖν
1068 4620 1166 4680 τούτους
1189 4617 1294 4672 ἑλέσθαι.
1321 4620 1434 4672 εθῪίί.
1473 4618 1555 4681 ’Ἄξιον
1572 4619 1598 4672 δί
1617 4621 1738 4691 θαυμάσαι
1820 4682 1823 4687 ,

137 4700 295 4768 προσθεῖναι,
310 4698 342 4751 δι’
360 4700 390 4766 ἣν
404 4697 539 4770 Ἀρτεμισία
552 4698 580 4750 ού
599 4702 762 4771 συγχωρήσει·
786 4701 854 4767 ἀλλ’,
872 4702 915 4754 ίνα
957 4699 999 4752 καί
1010 4696 1054 4765 τήν
1067 4697 1230 4769 μεταχείρισιν
1242 4697 1271 4764 ήν
1283 4700 1389 4752 ποιεῖται
1400 4696 1441 4750 καί
1452 4695 1495 4762 τήν
1511 4697 1590 4750 λύσιν.
1628 4698 1676 4767 Τής
1690 4698 1737 4770 γάρ

137 4776 172 4849 μὴ
188 4777 349 4849 χαλεπωτέρα
365 4778 466 4849 γίνηται
475 4779 533 4849 πρδς
546 4777 590 4843 τήν
608 4778 692 4844 λύσιν,
710 4777 753 4845 τὴν
766 4779 915 4847 κατασκευήν
957 4777 1099 4839 ἀντιθέσεως
1110 4776 1230 4847 λεγούσης
1247 4774 1325 4838 ἀξίους
1337 4776 1402 4830 εἶναι
1419 4774 1527 4837 Ῥοδίους
1544 4772 1620 4829 ταῦτα
1633 4778 1737 4848 πάσχειν

136 4856 280 4927 παρολίσθοι
293 4855 338 4924 τήν
357 4855 401 4929 μέν
412 4858 527 4928 πρότασιν
544 4856 617 4925 ἔθηκε
632 4858 726 4927 μόνην,
739 4856 783 4923 τήν
798 4859 824 4912 δέ
840 4879 915 4913 κατα-
958 4857 1132 4921 έπεπόνθασι,
1146 4855 1282 4925 συντρέχων
1295 4862 1330 4927 τῖρ
1340 4854 1418 4917 ἀξίους
1429 4853 1515 4916 αύτούς
1526 4852 1600 4919 είναι,
1611 4854 1654 4907 ούκ
1667 4853 1735 4918 ίξιύν

136 4934 224 5000 σκευήν
234 4938 289 4999 ταῖς
298 4937 382 4991 λύσεσι
393 4937 528 5009 συμπλέξας
534 4936 706 5007 ἀσθενεστέραν
717 4937 838 5005 ἐποίησεν.
859 4940 915 4993 Λύει
957 4935 1086 5003 ἠδικήκασι
1100 4932 1145 5001 τήν
1156 4934 1228 4988 πόλιν
1242 4938 1314 4987 τοῦτο
1325 4934 1499 4988 κατεσκεύακεν
1501 4974 1509 4999 ,
1526 4933 1568 4985 ἵνα
1581 4930 1615 5004 μή
1628 4933 1737 4989 ἐναντίον

34 5018 40 5027 ’
136 5012 164 5064 δέ
177 5017 212 5083 τῷ
228 5014 325 5087 δυνατῷ
335 5015 427 5088 καὶτῷ
443 5014 600 5087 συμφέροντι.Ι
645 5013 692 5067 Ιίαί
711 5021 746 5086 τῷ
762 5014 805 5085 μίν
819 5017 915 5086 δυνατῷ
957 5015 1000 5068 τίεν
1011 5014 1088 5085 λόγον
1099 5012 1176 5085 ίαυτιῖε
1187 5013 1332 5081 ποιήσηται,
1345 5012 1403 5065 ἀλλ’
1419 5009 1490 5077 ίξῶν
1508 5012 1576 5066 αύτοί
1588 5012 1646 5084 πρδς
1660 5013 1744 5082 ἀλλή-

136 5091 199 5144 κατά
214 5094 384 5166 μερισμόν(μ.
398 5097 458 5165 193,
480 5097 538 5166 19)·
554 5093 585 5147 Εί
599 5093 642 5165 μέν
652 5088 679 5148 εδ
689 5096 790 5166 κράτιοι
803 5095 915 5167 βασιλεύς
957 5093 1015 5156 λοος
1027 5093 1167 5160 διετέθησαν
1188 5091 1316 5145 διαέάλλει
1329 5091 1371 5145 τδν
1392 5092 1491 5162 τρόπον.
1527 5090 1613 5144 έίαίτοι
1630 5092 1659 5145 τδ
1678 5092 1736 5146 ἀκό-

137 5169 192 5223 κατ’
207 5166 346 5240 Αἴγυπτον,
361 5172 499 5241 βοηθήσειν·
521 5170 616 5244 μήγύρ
633 5170 698 5227 εἶναι
710 5172 815 5241 ἀνόητον
833 5177 915 5244 ὥσπερ
956 5173 1046 5225 λοοθον
1065 5166 1095 5238 ήν
1115 5171 1190 5246 εἰπεῖν
1210 5169 1233 5233 ίξ
1255 5168 1290 5224 ὧν
1309 5172 1448 5238 διετέθησαν
1470 5171 1523 5242 περὶ
1541 5171 1583 5224 τδν
1605 5169 1736 5238 Ἀθηναίων

136 5246 291 5319 ίπιτείχισμα
303 5252 479 5305 κατασκευάσαι
492 5250 636 5319 τῆςοίκείας
653 5251 740 5323 ἀρχῆς.
787 5250 817 5304 m
830 5252 856 5304 δὲ
873 5249 915 5303 καί
957 5254 1052 5322 δῆμον·
1069 5250 1083 5302 ό
1102 5249 1142 5315 δὲ,
1155 5251 1198 5303 ίνα
1213 5252 1288 5320 μείζω
1301 5250 1419 5317 διαθολήν
1438 5251 1585 5324 ἐργάσηται,
1604 5252 1736 5323 μετήνεγκε

1596 5350 1632 5394 δῖε
