3967 5967
840 456 1091 523 FRAGMENTA.
1703 482 1757 532 lli

166 586 249 664 ἔργοις
267 584 428 662 συμόουλίαν
440 586 644 664 εἰσηγησάμενος
654 586 707 654 τοῖς
721 585 853 656 πολίταις·
864 591 900 657 ὡς
911 588 939 649 δί
984 596 1036 671 σος)
1048 591 1130 653 eisd
1141 592 1272 672 μειώσεως
1282 594 1378 668 ἕνεκεν,
1393 597 1429 664 ὣς
1437 600 1451 657 i
1460 597 1598 674 Δημάδης·
1611 625 1622 653 τ
1637 599 1761 680 ἥρααααν

165 673 274 747 πλησίον
290 675 354 747 iarn
367 679 415 746 τῆς
428 674 562 752 Ἀττικῆς,
575 679 592 747 ἡ
610 673 685 755 χύτρα
701 674 729 737 δί
748 679 784 743 εἰς
803 675 851 748 τήν
864 676 939 738 πόλιν
983 684 1011 739 ol·
1021 680 1171 759 Διόσκουροι
1184 680 1232 748 τδς
1241 682 1437 757 Λευκιππίδας,
1447 682 1612 767 Ἀλέξανδρος
1625 685 1673 758 τήν
1684 685 1760 748 Ἓλί.

165 764 337 835 κατεκλείετο,
346 762 392 821 καλ
401 761 431 821 τδ
440 762 620 841 περιμάχητον
630 762 674 822 καί
684 763 877 840 θαυμαζόμενον
889 764 939 824 tel
982 789 1043 840 νην·
1057 767 1102 827 καί
1114 767 1157 827 διὰ
1175 776 1249 829 τοῦτο
1259 777 1312 836 τοῖς
1321 769 1436 842 Ἕλλησι
1454 771 1567 849 πόλεμος
1590 773 1700 852 ἰγίνετο·
1715 778 1761 836 καλ

165 849 271 908 πάντων
288 850 353 908 ἄστυ
366 852 435 927 βοῶν
450 849 495 909 καί
514 849 654 929 προβάτων
666 848 874 930 ῶσπερίπαυλτς
893 852 939 911 καί
982 859 1028 913 νῦν
1037 859 1084 914 τοῦ
1097 855 1272 936 πορνοδοακοῶ
1283 856 1398 938 θυγάτηρ
1408 857 1553 939 ἥρπασται.
1571 886 1585 914 ν

163 942 215 997 τῶν
227 939 402 1018 βοσκημάτων
414 940 573 1018 ἐπληροῦτο,
588 938 708 1017 βοηίείας
718 940 741 998 δ’
755 938 897 1016 ούδαμόθεν
906 931 938 1012 ήν
1357 945 1384 1006 3.

163 1025 250 1099 ἰλπίς,
266 1024 370 1105 ἔγραψα
382 1025 429 1095 τήν
444 1025 560 1105 εἰρήνην.
583 1027 629 1103 (τι)
644 1025 784 1103 Ὁμολογῶ
791 1070 799 1103 ,
811 1027 856 1086 καὶ
869 1026 938 1107 φημί
1022 1032 1182 1090 Aristoteles
1192 1033 1277 1092 libet.
1295 1033 1343 1101 ΙΙ,
1362 1040 1399 1100 al.
1420 1054 1427 1089 ι
1443 1030 1534 1101 Ἄλλος
1546 1034 1605 1114 (sc.
1620 1035 1697 1104 τόπος
1708 1039 1760 1097 τῶν

163 1117 250 1180 καλῶς
269 1115 314 1174 τιεί
334 1113 518 1195 συμφερόντως
537 1114 699 1195 πεπραχέναι
718 1120 808 1174 τοῦτο·
822 1123 938 1195 κρεῖττον
982 1118 1143 1197 φαινομένων
1157 1118 1447 1199 ἐνθυμημάτωνίπαρδτ
1458 1121 1760 1203 τδοίναίτιονὼςαίτιον,

162 1202 214 1283 γὰρ
226 1202 398 1283 ἰπερχόμενον
413 1204 530 1261 ίκκλῖναι
544 1201 574 1260 τδ
588 1202 661 1280 νίφος
674 1201 691 1273 ἢ
710 1201 845 1283 φερομίυῳ
858 1226 938 1262 συνα·
981 1196 1035 1264 οἷον
1046 1208 1084 1284 τῷ
1096 1204 1153 1282 ἅμα
1165 1203 1183 1275 ἢ
1193 1204 1260 1282 μετὰ
1270 1212 1346 1264 τοῦτο
1357 1209 1537 1288 γεγονόναι··τδ
1546 1209 1597 1291 γὰρ
1607 1211 1675 1288 μετὰ
1683 1218 1760 1273 τοῦτο

162 1293 321 1370 πεντχθῆναι
334 1293 372 1368 τῷ
384 1290 506 1371 βιύματι.
520 1288 596 1358 ’dire
609 1288 652 1361 δέ,
665 1282 687 1349 ὦ
699 1290 787 1369 ἄνδρες
799 1290 937 1364 Ἀθηναῖοι,
981 1294 1016 1360 ὡς
1027 1293 1071 1353 δεδι
1084 1298 1160 1352 τοῦτο
1170 1292 1349 1370 λαμόοίνουσι,
1363 1296 1408 1354 καί
1422 1296 1539 1369 μάλιστα
1554 1303 1578 1358 οἰ
1596 1300 1624 1357 ἰν
1636 1301 1693 1367 ταῖς
1706 1323 1761 1359 πο-

161 1376 210 1449 eir
222 1380 254 1437 ίιι
268 1381 321 1437 τῶν
340 1378 503 1456 πραγμάτων
522 1377 605 1449 λύπην
618 1376 676 1454 ἰμολ
690 1372 753 1457 παρ’
765 1381 840 1453 iptio
853 1380 937 1455 μηδτ-
980 1386 1105 1459 λιττίαις,
1125 1377 1179 1444 οἷον
1193 1389 1228 1454 ὡς
1248 1390 1263 1444 δ
1276 1388 1404 1465 Δημάδης
1422 1388 1470 1460 τήν
1487 1390 1667 1467 Δημοσθίνους
1684 1395 1761 1452 πολι·

162 1466 226 1541 μίαν
240 1468 416 1544 ἀπογεννῆσαι
436 1464 601 1542 δυτμίνειαν.
644 1465 749 1544 οὐγὰρ
773 1463 826 1543 ἐγὼ
847 1470 937 1546 κρατῶ
981 1474 1053 1532 τείαν
1076 1474 1181 1531 πάντων
1204 1476 1256 1532 τῶν
1279 1479 1366 1535 κακῶν
1391 1476 1487 1535 αἰτίαν·
1511 1483 1568 1555 μετ’
1590 1479 1689 1553 ἐκείνην
1707 1478 1759 1564 γὰρ

162 1556 208 1622 τῆς
224 1551 322 1631 τύχης,
343 1553 402 1609 ἀλλ’
419 1553 512 1632 ἡτύχη
530 1559 575 1612 τοῦ
590 1552 664 1631 βίου,
685 1552 718 1611 δι’
735 1553 766 1626 ην
785 1553 934 1613 κινδυνεύει
980 1560 1077 1633 αννέὸη
1092 1564 1105 1618 i
1118 1560 1243 1639 πόλεμον,
1337 1606 1340 1611 .

162 1638 243 1699 Δεῖδί
253 1640 297 1698 τδν
307 1638 465 1716 αύμύουλον,
478 1639 644 1720 καθάπερτδν
656 1640 753 1720 ἰατρόν,
766 1640 795 1700 ού
804 1643 850 1712 τῆς
860 1639 935 1699 νόσου
1355 1650 1381 1711 ἰν.

162 1728 210 1798 τήν
220 1726 305 1786 αἰτίαν
316 1727 397 1806 ἔχειν,
411 1726 480 1785 ἀλλὰ
491 1731 537 1797 τῆς
548 1726 686 1805 θεραπείας
704 1729 751 1800 τήν
772 1727 850 1807 χάριν
866 1734 936 1789 ἀπο-
999 1730 1002 1737 '
1019 1723 1168 1778 Atheniens
1182 1723 1242 1793 111,
1259 1742 1290 1797 p.
1307 1742 1356 1798 99,
1370 1728 1396 1780 D
1410 1744 1416 1780 τ
1432 1722 1484 1783 Καὶ
1498 1723 1627 1800 Δημάδης
1640 1724 1667 1785 δί
1683 1726 1758 1808 ipol-

161 1813 319 1889 λαμύοίνειν.
360 1819 407 1887 (το)
433 1816 670 1892 Καταχωρίααντες
685 1807 728 1875 οὗν
742 1816 776 1875 cir
797 1815 935 1892 ουμύοίντα
979 1830 1033 1886 τυιρ
1044 1806 1116 1882 ἔλεγε
1129 1808 1176 1879 την
1188 1807 1236 1885 μὲν
1248 1809 1360 1887 Αἴγιναν
1375 1799 1441 1869 εἶναι
1454 1810 1540 1887 λήμην
1554 1817 1600 1872 ταῶ
1615 1816 1757 1894 Πειραιῶς,

162 1899 254 1969 διδτδς
263 1901 355 1971 ἔξωθεν
366 1905 462 1972 αἰτίας,
476 1903 558 1983 ψιλῶς
573 1903 617 1962 ἰπί
627 1909 678 1963 τῶν
696 1902 859 1982 πραγμάτων
869 1928 934 1983 γυμ·
979 1894 1027 1968 τήν
1041 1895 1068 1952 δὲ
1083 1894 1174 1971 Σάμον
1185 1894 1313 1976 ἀπώρυγα
1327 1901 1374 1968 τῆς
1384 1898 1499 1976 πόλεως,
1513 1899 1560 1978 iop
1573 1900 1601 1958 δὲ
1611 1907 1658 1961 τῠῧ
1673 1902 1757 1977 δήμω
1808 1959 1814 1971 .

162 1987 208 2060 νην
223 1990 374 2071 θεωρήσατί
387 2013 437 2067 μου
447 1989 494 2061 τὴν
504 1989 649 2052 πολιτείαν.
667 1993 744 2052 Μετὰ
754 1997 838 2050 ταῦτα
850 1991 933 2051 τοίνυν
978 1980 1037 2048 τῦίνί
1051 1981 1176 2062 tediosa,
1187 1981 1218 2039 τὸ
1236 1982 1263 2040 δί
1275 1990 1360 2062 τεῖχος
1378 1987 1474 2056 eseias
1486 1990 1533 2057 τῆς
1543 1985 1653 2067 eciem,
1665 1987 1711 2047 νὺν
1729 1988 1757 2047 δί

161 2079 193 2152 τῇ
207 2074 282 2135 πόλει
302 2077 387 2156 τρίτος
400 2076 512 2152 ἐπήγετο
526 2077 639 2144 κίνδυνος
652 2078 756 2137 πάντων
773 2079 935 2158 χαλεπώτα-
979 2065 1143 2149 σαόπῑΥἰῑίἰιν
1156 2068 1241 2128 ’(0ῑίὸί
1255 2068 1395 2142 Ἀθηναίων
1410 2073 1550 2152 ἀλέκτορα·

162 2186 223 2234 τος,
244 2164 330 2225 obuiae
348 2164 473 2244 πεμφθεὶς
493 2164 544 2223 ὑπὸ
564 2169 610 2236 τῆς
628 2164 727 2244 τύχης,
742 2167 801 2224 ἀλλ’
819 2165 870 2224 ὑπὸ
883 2172 934 2226 τῶν
1354 2160 1381 2220 5·

161 2250 219 2309 τότε
231 2251 346 2331 βητόρων
357 2249 489 2330 ἰποιχθείς,
506 2253 551 2331 (tl)
564 2252 618 2312 Καί
629 2256 731 2330 μοιτῶν
743 2255 933 2331 πεπραγμένων
1019 2248 1118 2303 Pollux
1131 2248 1199 2316 Vll,
1227 2256 1302 2316 1⁰42
1325 2246 1554 2329 Ἀργϋρᾶγχην
1575 2251 1609 2315 ὣς
1629 2250 1758 2325 Δημάδης

161 2338 361 2413 ἀναμνήσθητε,
380 2339 457 2412 ηνίνα
476 2340 645 2417 Δημοςθένης
664 2342 710 2399 ναὶ
730 2344 881 2421 Λνχαῦρφας
896 2346 934 2422 τῷ
979 2332 1107 2391 σκώπτων
1120 2333 1274 2410 Δημοσθένη
1293 2334 1411 2417 αυναίγχῃ
1422 2336 1531 2417 λέγοντα
1543 2338 1674 2418 εἰλῆφθαι.

161 2422 209 2499 μίν
226 2425 295 2507 λόγῳ
314 2426 541 2507 παραταττόμενοι
560 2427 618 2495 τούς
635 2427 786 2494 Μακεδόνας
804 2428 894 2487 ἐνίκων
906 2433 933 2489 ίν
1353 2426 1381 2484 6·

159 2511 333 2591 Τριύαλλυῖς,
357 2515 435 2589 μόνον
459 2516 481 2573 δ’
503 2519 552 2597 οὐχ
571 2515 663 2596 ὁρατόν
684 2517 729 2576 ἰπὶ
750 2520 795 2574 τού
817 2515 934 2594 βήματος
1017 2511 1138 2571 Βῑθᾶθΐι
1155 2512 1211 2569 3ῑο·
1228 2513 1277 2581 Χ,
1299 2532 1328 2588 9·
1352 2509 1411 2572 :‘0
1429 2509 1457 2570 δί
1478 2513 1650 2593 (Demades)
1672 2514 1758 2575 διαόε·

118 2674 119 2677 ¹
160 2607 249 2680 νεκρὸν
266 2601 311 2661 τὸν
327 2602 491 2680 Ἀλέξανδρον
513 2603 675 2684 προίθηκαν,
699 2607 726 2664 ἰν
750 2607 789 2683 τῷ
812 2605 890 2683 δήμῳ
911 2607 934 2663 δ’
979 2593 1130 2670 ύαιαύμενος
1153 2594 1193 2654 δτι
1205 2597 1244 2655 δεῖ
1257 2595 1287 2654 τὸ
1307 2596 1520 2657 λυσιτελέστατον
1538 2598 1628 2679 ὥσπερ
1643 2601 1685 2659 irai
1704 2605 1756 2661 τῶν

160 2690 312 2769 ἀλείψαντες
325 2690 409 2768 λόγοις
423 2690 563 2769 εὖπρτπίσι
583 2690 712 2762 Θηύαίων
725 2689 784 2760 τούς
802 2693 935 2773 παρόντας
978 2685 1064 2743 τίλλων
1079 2683 1147 2742 oieb
1158 2684 1203 2744 καὶ
1220 2685 1263 2743 ἐπὶ
1274 2688 1326 2744 τῶν
1338 2682 1422 2765 ύρτιων
1437 2689 1582 2766 αἱρεῖσθαι·
1595 2691 1657 2768 όρᾷν
1670 2688 1697 2747 δὲ
1711 2688 1755 2748 τδν

160 2780 281 2855 φυγάδων
296 2780 391 2856 θνμαὺς
406 2780 448 2836 ια’
465 2778 551 2838 ἐλπίδα
566 2782 613 2852 τῆς
627 2780 773 2860 ζ’),ανθςρίας
791 2782 933 2855 ἦαήνηααν,
978 2772 1171 2850 ἐπιορκήσαντα
1181 2777 1346 2852 παραχρῆμα
1354 2776 1427 2835 ταῦτ’
1438 2773 1530 2854 ἔχοντα
1541 2774 1600 2854 περὶ
1609 2767 1644 2835 ῶν
1654 2775 1753 2854 ὤμοσε,

159 2864 206 2942 &pl
218 2867 245 2925 δὲ
261 2868 369 2945 αςνφνὸν
388 2867 433 2927 χαί
447 2867 589 2948 ναρίλνααν
610 2867 721 2949 ἔηααααν
737 2861 802 2929 νῖναν
818 2869 855 2948 μὴ
871 2893 933 2930 ανν.
977 2859 1021 2918 τὸν
1034 2859 1061 2917 δὲ
1075 2860 1210 2940 δρκίζυντα
1224 2863 1339 2940 φανερῶς
1350 2860 1380 2919 τδ
1391 2862 1454 2921 ἴδιον
1466 2862 1624 2922 ἀπολλύντα.

160 2955 361 3015 clodomirem...
1354 2969 1379 3021 7·

390 3035 429 3095 ll.
452 3034 699 3098 Andetzlllii.
1018 3038 1178 3111 Demetrius
1194 3057 1224 3098 π.
1238 3039 1332 3113 ίρμην,
1355 3038 1442 3115 3282
1460 3058 1522 3113 sqq.
1540 3059 1547 3095 r
1573 3036 1652 3100 Δεινδι
1668 3037 1695 3099 δὲ
1709 3039 1755 3098 καλ

327 3188 331 3195 ‚
531 3142 559 3182 a.
979 3121 1013 3182 τδι
1032 3123 1184 3199 Δημύδεια,
1203 3122 1289 3182 καίτοι
1310 3122 1374 3182 ίδιον
1391 3123 1436 3182 καλ
1458 3124 1554 3183 ἄτοπον
1576 3126 1670 3205 τρόπον
1685 3125 1755 3204 ἔχειν

197 3214 362 3284 Anonymus
375 3212 500 3287 Seguerii
516 3229 524 3269 τ
545 3206 717 3285 Λαμύοίνεται
732 3208 786 3288 (sc.
803 3212 820 3280 ἡ
838 3208 933 3289 πρόθε-
979 3212 1115 3269 δοκοῦντα*
1131 3209 1186 3268 ἔστι
1200 3211 1227 3269 δὲ
1249 3212 1334 3268 αὐτῶν
1347 3215 1364 3282 ἡ
1378 3210 1493 3282 δεινότης
1508 3211 1538 3270 ίκ
1553 3234 1581 3269 τε
1601 3213 1653 3270 τῶν
1671 3212 1755 3293 ίμφτί·

157 3374 199 3423 ubi
209 3377 289 3423 erilem
300 3376 349 3436 jam
360 3374 520 3436 propinquum
533 3372 618 3422 Atticae
630 3373 719 3422 bellum
733 3377 784 3422 erat
794 3378 818 3422 el
829 3375 879 3423 tota
892 3387 930 3422 rc·
1123 3377 1155 3424 ll.
1170 3376 1212 3424 EX
1228 3377 1437 3426 oustloiluus
1451 3366 1616 3426 incutitis?

156 3446 197 3506 gio
214 3444 275 3493 lutra
287 3444 351 3492 urbis
363 3457 443 3493 mures
458 3443 625 3493 includebatur
639 3446 664 3492 el
675 3443 759 3492 civitas
771 3446 865 3503 nostra,
877 3456 930 3492 om·

157 3516 225 3563 nium
238 3513 390 3562 contentione
399 3516 424 3563 cl
433 3513 589 3563 admiratione
600 3513 720 3574 appetita,
736 3511 814 3563 bobus
831 3512 931 3563 oribus·
1327 3503 1408 3547 ²·ss·

158 3598 206 3646 ηιτο
221 3589 246 3633 el
258 3582 374 3645 iumentis
395 3582 481 3631 eubuli
504 3583 580 3632 instar
600 3582 753 3644 implebatur,
770 3596 814 3632 nee
834 3583 882 3631 ulla
901 3596 931 3632 ea
1008 3573 1124 3626 &mades
1140 3588 1146 3622 :
1161 3594 1173 3618 τ
1190 3574 1300 3624 Dioscuri
1318 3578 1449 3638 rapuerunt
1465 3576 1635 3640 Leucippidas,
1649 3578 1754 3628 Alexan·

158 3661 225 3717 parte
244 3666 298 3715 spes
322 3651 405 3701 auxilii
430 3652 568 3713 affulgeret,
592 3654 650 3702 lune
670 3664 713 3712 ego
735 3665 817 3713 pacem
839 3652 930 3713 scripsi.
976 3645 1018 3694 der
1029 3646 1152 3704 Helenam,
1164 3648 1322 3707 etproplerea
1337 3648 1426 3697 bellum
1440 3647 1680 3710 Greciseastiti13el
1689 3663 1754 3700 nuuc

158 3727 207 3787 (ta)
221 3726 312 3781 Fateor,
325 3728 349 3771 et
360 3722 441 3784 pulcre
455 3722 499 3770 boc
515 3735 544 3770 ac
557 3722 645 3773 utiliter
655 3735 694 3771 me
705 3722 788 3772 iecisse
799 3723 930 3783 contendo;
978 3716 1068 3765 lenonis
1082 3714 1128 3763 lilia
1144 3718 1211 3777 rapta
1222 3719 1266 3764 est.
1285 3735 1297 3760 ν

157 3797 254 3858 prestat
266 3794 329 3843 enlm
343 3792 432 3841 nubem
446 3791 610 3841 immineutcm
622 3791 698 3841 ritaro
711 3804 784 3852 ηττττττ
796 3791 932 3842 vehementi
1008 3790 1125 3841 Demades
1137 3791 1304 3842 Demosthenis
1313 3792 1540 3843 administrationem
1551 3793 1688 3856 reipublicae
1697 3808 1752 3845 orn·

156 3866 356 3928 abripltorreote.
374 3866 574 3922 consonantem,
584 3861 731 3922 μετίωμεν
744 3861 931 3924 iisqurcmbse·
976 3862 1044 3910 nium
1060 3862 1177 3910 malorum
1195 3873 1306 3912 muscam
1324 3864 1444 3915 exstitisse
1460 3863 1534 3928 dieil;
1551 3876 1606 3914 nam
1631 3868 1754 3927 postcom

156 3940 213 3985 cuta
230 3940 287 3984 sunt
300 3932 445 3983 calamitosis
461 3931 552 3981 nullam
568 3931 625 3980 mibi
641 3931 704 3994 apud
721 3945 764 3982 ros
784 3943 932 3982 succrescere
977 3932 1067 3982 bellum
1083 3932 1179 3994 ingruit.

157 4006 314 4054 inimicitiam.
345 4007 397 4055 tien
413 4001 530 4064 egoenim
540 4003 660 4050 torinnam
677 4000 841 4062 modero,sed
857 4001 931 4050 vitam
1010 4004 1126 4053 Demades
1140 4003 1222 4051 orator
1237 4003 1345 4065 digium
1359 4016 1412 4054 essa
1427 4002 1487 4052 dixit
1507 4004 1588 4052 Pirmei
1604 4008 1754 4066 portusgra·

157 4077 251 4125 torluna
263 4074 323 4135 regit
336 4072 494 4135 periculisque
506 4071 635 4121 obnoxiam
655 4070 719 4122 lectt.
765 4074 839 4121 Deeel
851 4075 931 4120 aulem
976 4075 1066 4135 miam;
1081 4077 1179 4124 samum
1195 4074 1390 4134 reroabruptum
1400 4073 1431 4122 ab
1450 4073 1509 4122 urbe
1527 4073 1640 4134 ἰεττττιτιττς
1652 4073 1753 4132 juvenes

156 4145 289 4195 conditorio
298 4145 360 4193 sicot
369 4142 461 4192 medico
470 4155 518 4190 uon
528 4141 638 4191 morbum
653 4141 765 4203 imputari
775 4141 817 4191 red
827 4142 931 4191 curalio·
977 4158 1019 4194 rer
1041 4143 1136 4208 populi:
1151 4153 1247 4191 mamm
1259 4144 1429 4195 vestimentum
1450 4142 1531 4201 urbis3
1555 4141 1677 4191 tibicinem
1696 4156 1754 4194 acre

157 4217 194 4265 ιιίε
210 4213 306 4276 rependi
316 4213 423 4275 matiam
457 4214 505 4274 (td)
520 4212 675 4275 seiungenles
691 4214 763 4274 igilur
774 4225 801 4261 ea
819 4224 875 4273 oure
890 4224 932 4274 per
977 4214 1099 4277 publicum
1115 4212 1292 4262 ltlrcniensium
1306 4211 1566 4273 gallum-gallinaceum.

157 4287 269 4335 externas
280 4280 521 4339 eanmaeciderunl,
532 4283 562 4331 orl
573 4296 601 4331 ea
613 4282 827 4343 solummndoqure
838 4281 932 4330 nonnisi
1007 4283 1165 4348 Ἀργυραγχη,
1190 4287 1382 4345 ανρειτίαπρίντα
1406 4282 1502 4343 (quum
1532 4280 1589 4341 quis
1614 4280 1753 4331 muneribus

157 4355 187 4403 od
200 4366 278 4403 meam
293 4354 318 4403 ln
331 4352 402 4401 rebus
412 4351 512 4413 publicis
525 4354 610 4414 agendi
620 4355 734 4403 rationem
747 4352 877 4414 pertinent,
894 4354 932 4401 at·
976 4359 1105 4415 corruptus
1126 4360 1205 4413 tacet,
1221 4354 1246 4401 et
1266 4353 1334 4413 quasi
1350 4354 1447 4410 ειηεττίο
1466 4349 1633 4410 suiloeatur);
1650 4362 1679 4398 ea
1695 4363 1753 4399 roca

157 4424 255 4473 tendite.
290 4425 345 4472 Doat
359 4422 411 4470 brec
421 4421 524 4481 denique
536 4423 633 4470 tertium
645 4422 699 4470 urbi
710 4420 843 4483 perieulum
857 4420 931 4468 addo·
978 4424 1096 4473 Deprades
1114 4437 1172 4474 usus
1188 4426 1224 4473 eol
1240 4421 1318 4471 ridens
1332 4420 1517 4470 Demosthenem
1534 4419 1620 4481 angina
1637 4432 1664 4470 sc
1678 4422 1751 4469 leuen

156 4496 224 4543 ctum
248 4495 285 4540 est
304 4490 411 4539 omnium
425 4491 607 4549 gravissimum,
621 4491 686 4551 quod
709 4503 755 4539 non
772 4489 932 4551 amplicator
977 4493 1107 4541 dicentem.

156 4565 215 4614 luna
227 4562 340 4621 immisit,
352 4559 393 4608 scd
405 4560 448 4619 ool
458 4562 517 4608 tunc
527 4563 596 4608 erant
607 4566 712 4608 oratores
722 4559 864 4609 coniteruul.
896 4563 932 4608 dc
1008 4564 1126 4612 Demades
1139 4560 1273 4610 altirmabal
1286 4557 1388 4620 idquod
1401 4558 1459 4609 utile
1474 4558 1598 4607 locellum
1611 4559 1635 4607 iu
1651 4557 1704 4607 aliis
1715 4570 1751 4607 rc-

157 4632 316 4683 rewitlifflllll
327 4630 384 4680 mih!
393 4641 503 4690 diffiniti!
514 4633 580 4689 gerla
589 4629 637 4678 lini
649 4629 688 4677 ἰΙΙθ
700 4632 815 4690 tempore,
827 4643 876 4691 quo
886 4632 932 4679 Dc·
977 4636 1023 4685 bus
1034 4638 1086 4684 tom
1101 4634 1172 4683 etiam
1190 4634 1213 4680 ln
1223 4628 1378 4692 jurejurando
1394 4627 1542 4691 εοητταιτίτττττ
1553 4639 1620 4687 csse,
1630 4638 1659 4676 ια
1670 4629 1751 4676 aalma

155 4701 292 4753 mostbsucs
302 4703 328 4751 et
343 4701 465 4762 Lycurgus
476 4697 590 4747 instructa
600 4698 746 4748 orationibus
757 4700 807 4749 acie
824 4701 932 4749 biaeedo-
977 4705 1056 4754 ridere
1068 4704 1214 4766 pejerantem
1229 4701 1310 4750 τίειίτιτ
1324 4699 1394 4761 poliri
1408 4713 1436 4748 ea
1452 4711 1491 4757 re,
1505 4696 1573 4756 cujus
1586 4707 1657 4744 οευνε
1670 4696 1751 4756 iurar-

157 4773 270 4836 neaapud
279 4770 397 4822 triballos
404 4768 536 4829 vincebant,
548 4772 571 4817 cl
582 4771 673 4818 tantum
683 4783 730 4818 non
742 4769 849 4818 omnium
859 4770 933 4819 oeulis
977 4778 1093 4832 semum
1104 4783 1160 4820 rere
1173 4770 1215 4831 uui
1234 4770 1324 4832 iustum
1335 4767 1501 4830 iusiurandum
1515 4765 1658 4827 conciperet,
1670 4768 1752 4827 aperto

156 4842 347 4906 conspiciendum
359 4839 461 4889 cadaver
468 4838 594 4887 Alexandri
605 4840 628 4887 iu
638 4845 750 4900 arrggestu
760 4845 930 4901 exposuerunt,
976 4857 1045 4895 enain
1056 4854 1105 4893 rem
1114 4840 1231 4890 amittere.

156 4913 181 4963 lu
199 4914 287 4976 populo
303 4914 384 4961 autem
401 4908 480 4958 verbis
498 4907 611 4970 ιρττίυτίε
628 4910 755 4970 presentes
764 4909 931 4958 Thebanorum
1351 4903 1376 4948 7·

156 4987 241 5034 exortes
254 4982 420 5032 demulcebant
432 4980 572 5039 animosque
581 4991 664 5027 eorurn
679 4990 721 5039 spe
737 4976 851 5028 libertatis
862 4993 933 5029 acue·
1009 4982 1143 5034 Demades:
1157 5000 1170 5024 ν
1184 4982 1236 5030 Non
1251 4977 1362 5027 mortuns
1374 4979 1411 5024 est
1424 4970 1565 5031 Alexander,
1583 4969 1752 5032 tibereum,

158 5058 227 5115 runt,
237 5057 367 5105 meantem
376 5057 472 5103 terrum
482 5053 508 5102 et
519 5050 610 5100 tristem
622 5060 674 5100 essa
687 5047 798 5099 dicebaut
810 5060 857 5098 uon
869 5062 932 5100 eom·
978 5066 1032 5100 nam
1046 5055 1111 5100 lotus
1121 5050 1186 5099 orbis
1197 5051 1315 5098 terrarum
1327 5044 1428 5094 cadaver
1443 5040 1495 5102 eius
1505 5041 1589 5089 oleret.
1602 5058 1615 5083 ν
1631 5065 1663 5075 -
1675 5059 1687 5083 α
1701 5042 1751 5090 lloc

157 5126 323 5188 probantem...
977 5122 1099 5171 decretum
1118 5133 1165 5170 oon
1184 5131 1229 5177 erro
1245 5117 1343 5177 scripsi,
1366 5112 1408 5163 sed
1429 5112 1520 5161 bellurn
1539 5110 1664 5160 Alexandri
1682 5110 1751 5161 basta

978 5191 1080 5254 scripsit.
1093 5210 1106 5234 ι
1118 5215 1149 5226 -
1158 5208 1170 5233 τ
1180 5190 1241 5239 iiam
1251 5184 1395 5237 niocedoom
1405 5181 1545 5245 imperium,
1555 5180 1644 5230 amum
1653 5180 1751 5233 Αἰειτιι·
