3967 5967
814 409 1060 490 retenturi.
1171 388 1173 392 ⁷
1679 440 1731 489 an

142 563 182 643 ροῖ
195 561 229 622 τδ
242 563 314 621 κῶλα
328 560 372 620 καί
382 560 416 620 cd
427 558 565 637 κόμματα,
579 559 649 628 ὅπως
660 559 686 619 δὲ
699 559 778 618 πάλιν
793 559 914 638 Ἰσοκρά-
929 562 935 646 l
957 573 998 617 tas
1019 580 1074 617 esse
1089 560 1172 616 tradit
1193 569 1291 615 auctor
1306 562 1369 614 vitae
1392 555 1439 634 lp.
1465 559 1520 630 ²57
1544 562 1574 614 in
1588 560 1661 635 Βιογ.
1684 562 1727 617 ed.

141 673 202 720 της,
223 650 261 727 τῷ
281 646 394 726 Λαχάρη
408 646 515 712 δεόντως
538 649 564 705 tv
586 652 624 726 τῷ
639 646 698 725 περὶ
709 649 794 704 αὐτῶν
814 645 914 722 εἴρηται
957 647 1236 721 Westerm.)‚quam
1247 648 1279 705 Α.
1293 647 1473 720 Mustoxydes
1485 648 1593 720 primus
1607 649 1733 707 edidit:

141 737 225 816 λόγῳ·
240 735 351 804 πολλοὺς
363 738 414 815 γδιρ
426 736 546 814 ὁρισμοὺς
555 731 606 795 τῶν
619 736 734 815 ἀρχαίων
744 736 913 815 παρατίθησι·
961 735 995 792 Ei
1010 732 1037 790 δέ
1051 755 1117 798 τινες
1128 731 1307 809 ἐπεισάγουσιν
1321 733 1414 799 ἄλλους
1422 731 1492 799 τινδς
1503 731 1603 809 λόγους,
1613 737 1647 800 ὡς
1657 734 1735 801 ὄντας

141 825 211 901 λέγει
233 825 284 904 γδιρ
305 823 354 883 καὶ
379 823 543 903 Ἰσοκράτους
564 824 680 904 ὁρισμόν,
698 824 725 883 θν
746 826 775 882 οὐ
797 823 915 901 παραδέ-
959 821 1053 889 αὐτοῦ,
1068 822 1097 878 οὐ
1111 817 1282 896 προσδεκτέον
1295 822 1405 887 ἐκείνους
1415 820 1489 900 παρδι
1502 822 1560 889 τοὺς
1570 823 1733 900 φερομένους.

142 933 228 990 χεται.
961 907 1021 966 Εἰσί
1031 909 1091 967 δθοί
1104 909 1314 987 έπεισρερόμενοι
1327 899 1409 966 einr·
1421 908 1636 983 συμθουλευτικοὶ
1648 912 1733 983 ἐννέα,

510 1016 553 1053 12.
959 994 1019 1071 περὶ
1033 1000 1199 1073 παρασκευῆς
1214 997 1376 1072 ίππομεδῶν,
1390 996 1449 1073 περὶ
1464 996 1634 1072 αὐτονομίας,
1647 1001 1734 1058 Σινω·

185 1090 324 1145 Maximus
335 1086 473 1143 Planudes
483 1096 502 1140 t.
517 1088 550 1153 V,
563 1102 593 1157 p.
610 1088 665 1156 497
681 1084 768 1139 Walz.
789 1084 845 1140 :Ol
859 1081 913 1140 ’Ᾱτ-
958 1081 1046 1152 πικός,
1062 1082 1226 1153 νησιωτικός,
1249 1081 1392 1158 σύμμικτοι
1407 1091 1487 1162 τρεῖς,
1509 1084 1734 1164 Ἀμρικτυονικός,

142 1174 257 1232 τικισταί
271 1174 405 1237 παντελῶς
415 1168 589 1248 ἀποτρέπουσι
604 1175 648 1228 τοῦ
662 1172 857 1245 ὀνοματοποιεῖν
871 1170 916 1227 καί
958 1168 1075 1247 περὶτοῦ
1091 1175 1259 1244 κατοικισμοῦ
1274 1170 1423 1238 Μιλησίοις.
1441 1170 1629 1230 Ἐπιδεικτικοί
1653 1174 1734 1244 ἑπτά,

143 1261 232 1339 μόνοις
245 1259 435 1339 προστάττουσι
449 1261 592 1335 κεχρῆσθαι
606 1265 662 1323 ταῖς
675 1257 822 1336 εἰρημέναις
831 1257 916 1324 λέξεσι
962 1258 1195 1335 Κλυταιμνήστρας
1212 1258 1353 1335 ἐγκώμιον,
1370 1258 1540 1330 Πηνελόπης,
1552 1261 1734 1339 Μενεκράτης,

144 1348 256 1416 καὶτοῖς
273 1345 439 1423 τεταγμένοις
460 1345 592 1422 ὀνόμασιν,
604 1344 638 1410 ὥς
661 1367 738 1424 φησιν
753 1343 914 1423 Ἰσοκράτης.
962 1341 1096 1420 ἐπιτάφιος
1118 1347 1170 1409 τοῖς
1184 1346 1210 1401 έν
1231 1344 1353 1422 Θυραίορ,
1368 1344 1564 1422 Νεοπτόλεμος,
1583 1347 1717 1425 Παριακός
1726 1394 1734 1420 ,

144 1435 189 1495 Cf.
204 1438 240 1493 fr.
265 1456 309 1492 ro.
959 1430 973 1454 *
985 1428 1019 1452 “¹
1035 1431 1174 1506 (septimae
1193 1433 1417 1488 demonstrativae
1438 1436 1534 1490 titulus
1548 1447 1576 1491 et
1594 1455 1641 1494 νν.
1658 1437 1731 1492 δικα-

185 1521 384 1596 subjungimus
397 1520 432 1576 de
451 1521 610 1575 orationum
628 1520 836 1590 voluminibus,
856 1539 917 1594 quae
961 1515 1027 1574 νικοὶ
1039 1516 1160 1596 τέσσαρες
1174 1520 1368 1592 exciderunt),
1382 1522 1521 1599 συνηγορία
1536 1522 1599 1599 πρδς
1614 1521 1661 1591 rhu
1676 1525 1733 1580 ἐπι-

145 1611 197 1667 ειὼ
216 1610 346 1665 Isocratis
377 1609 491 1663 nomine
512 1607 607 1678 paullo
631 1619 696 1680 post
713 1621 835 1664 mortem
857 1608 917 1679 ejus
961 1603 1055 1675 στολὴν
1068 1610 1112 1663 τοῦ
1128 1604 1283 1677 ἐπιστάτου,
1299 1605 1358 1685 περὶ
1371 1606 1548 1686 τοῶδρτυγος,
1565 1609 1630 1687 ὑπὲρ
1645 1613 1734 1685 Τιμο-

145 1696 425 1763 eircumierebantur‚
447 1695 635 1748 testimonium
667 1696 797 1767 Dionysii
825 1693 864 1768 (t.
881 1698 915 1767 V,
961 1691 1449 1773 θέουἐπιτροπικός,περθτῆςὺδρίας,
1482 1696 1632 1771 Σύμμικτοι
1646 1698 1734 1768 πέντε,

144 1804 175 1860 p.
192 1783 249 1854 576
269 1784 325 1857 R.)
341 1800 349 1839 t
366 1779 466 1850 Μηδεὶς
484 1780 506 1836 δ’
521 1784 620 1856 ἀγνοεῖν
635 1780 753 1859 ὑπολάόη
775 1781 832 1859 [με]
855 1782 916 1856 μηθ’
960 1779 1021 1857 περί
1034 1779 1200 1861 ιριλοσορίας,
1220 1779 1280 1857 περὶ
1300 1779 1453 1852 Πλάτωνος,
1474 1783 1533 1860 περὶ
1547 1783 1644 1863 ἔριδος,
1666 1807 1734 1863 προ-

145 1871 184 1929 θτι
199 1869 339 1949 Ἀφαρεύς,
353 1871 367 1926 δ
381 1866 503 1946 πρόγονός
517 1890 545 1925 τε
559 1868 603 1925 καὶ
618 1868 763 1938 εἰσποίητος
775 1868 917 1948 Ἰσοκράτει
960 1865 1095 1943 τρεπτικός
1103 1909 1111 1937 ,
1124 1866 1275 1943 καταδρομὴ
1287 1872 1428 1946 σοφιστῶν.
1446 1873 1487 1927 Ex
1500 1874 1544 1930 his
1556 1876 1733 1931 orationibus

145 1955 297 2033 γενόμενος,
313 1959 339 2014 έν
353 1959 391 2034 τῷ
404 1955 469 2033 πρὸς
489 1957 672 2031 Μεγακλείδην
685 1957 803 2035 περὶτῆς
817 1958 917 2016 ἄντιδό·
961 1956 1223 2030 Amphictyonicam
1239 1966 1266 2010 et
1277 1954 1464 2034 προτρεπτικόν
1475 1960 1603 2015 isocratis
1616 1963 1735 2035 Apollo·

146 2067 210 2111 σεως
223 2043 292 2121 λόγῳ
304 2043 441 2121 διορίζεται
454 2044 584 2119 μηδεμίαν
599 2044 648 2103 tut
659 2050 704 2103 τοῦ
715 2047 812 2124 πατρὸς
826 2046 917 2104 onobe-
960 2045 1063 2099 niensis
1087 2043 1178 2098 rideri
1205 2043 1287 2099 fuisse
1311 2043 1345 2102 G.
1368 2047 1532 2119 Bernhardy
1557 2049 1594 2103 ad
1616 2048 1736 2104 Suidam

146 2155 185 2190 σιν
202 2132 238 2197 εἷς
249 2130 412 2207 δικαστήριον
427 2130 587 2207 γεγράρθαι,
603 2133 664 2207 μήθ’
685 2131 725 2190 ότι
740 2131 836 2208 δέσμας
850 2133 917 2191 πάνυ
963 2131 1041 2204 (vol.
1059 2150 1082 2201 t,
1098 2150 1114 2185 a
1132 2149 1160 2203 p.
1185 2130 1275 2205 1078)
1296 2134 1405 2186 monuit
1425 2152 1433 2188 ι
1453 2135 1644 2206 Apolloniensi
1659 2139 1735 2192 enim

147 2218 243 2284 πολλδις
266 2219 403 2275 δικανικῶν
421 2216 505 2294 λόγων
533 2217 716 2297 Ἰσοκρατείων
735 2219 918 2300 περιφέρεσθαί
961 2216 1061 2274 Suidas
1082 2219 1224 2271 orationes
1242 2216 1342 2272 eodem
1365 2219 1453 2297 modo
1478 2221 1624 2295 inscriptas
1646 2223 1736 2278 tribui

147 2327 224 2383 φησιν
239 2305 289 2362 ὑπὸ
301 2307 352 2361 τῶν
368 2302 549 2383 βιθλιοπωλῶν
566 2305 759 2383 Ἀριστοτέλης·
774 2309 918 2385 ἐπίσταμαι
962 2314 1085 2361 testatur.
1103 2308 1196 2376 mque
1215 2322 1299 2376 quam
1319 2302 1418 2362 suidas
1436 2305 1558 2377 ejusdem
1579 2312 1736 2366 orationem

146 2382 288 2461 γάρτοῦτο
300 2383 349 2441 ὑπὸ
362 2387 412 2440 τῶν
425 2383 523 2460 ἀνδρῶν
538 2384 641 2442 ἐκείνων
655 2383 796 2462 λεγόμενα·
809 2389 853 2445 καί
865 2387 918 2445 οὔτ’
962 2391 1080 2469 περὶτοῦ
1095 2394 1288 2465 μετοικισθῆναι
1303 2392 1370 2448 ferri
1388 2394 1472 2465 dicit,
1487 2396 1604 2453 sortasse
1622 2416 1657 2454 ea
1674 2411 1735 2469 est,

149 2473 318 2552 Ἀριστοτέλει
331 2474 454 2550 πείθομαι
469 2476 599 2553 ῥυπαίνειν
617 2474 660 2535 τὸν
671 2477 750 2556 ἄνδρα
771 2482 918 2559 βουλομένῳ
963 2501 1049 2556 qnam
1069 2480 1240 2554 biographus
1261 2477 1319 2557 περὶ
1339 2483 1385 2536 τοῦ
1404 2486 1574 2557 κατοικισμοῦ
1600 2483 1737 2553 Μιλησίοις

149 2560 203 2620 οὔτ’
218 2563 326 2641 Ἀφαρεῖ
341 2561 432 2620 τούτου
450 2565 475 2637 γ’
491 2561 566 2621 ἕνεκα
581 2562 656 2639 λόγον
671 2568 786 2642 εὐπρεπῆ
804 2571 917 2626 πλαττο·
963 2572 1124 2643 inscn'ptam
1150 2568 1231 2623 fuisse
1257 2568 1383 2628 tradidit.
1401 2568 1615 2643 Clytaemncstrae
1640 2575 1737 2631 laudes

150 2650 219 2727 μένῳ
237 2649 404 2724 συντίθεμαι·
415 2647 502 2706 ἱκανὸν
513 2648 539 2707 δὲ
549 2651 713 2726 ἡγησάμενος
725 2643 790 2711 εἶναι
799 2657 843 2723 τῆς
853 2658 918 2725 dhe,-
964 2657 1139 2729 Polycratem
1152 2652 1293 2725 scripsisse
1303 2672 1388 2725 supra
1403 2655 1530 2710 vidimus.
1547 2679 1558 2706 ν

148 2735 217 2803 θείας
234 2735 381 2814 βεόαιωτὴν
401 2736 444 2794 τὸν
459 2727 593 2807 Ἀθηναῖόν
616 2739 810 2818 Κηριυόδωρον,
832 2743 860 2808 ὃς
874 2744 918 2802 καί
1004 2739 1159 2812 «Denique
1185 2737 1220 2792 de
1247 2740 1391 2793 sententiis
1415 2741 1584 2813 quibusdam
1607 2743 1738 2799 isocratis

148 2821 919 2906 συνεόίωσενἸσοκράτεικαὶγνησιώτατοςἀκουστλςίγίνετο
963 2826 1191 2891 videndumst,
1216 2841 1279 2895 quae
1298 2825 1399 2898 passim
1419 2827 1633 2900 ascriptoribus
1653 2832 1738 2885 variis

147 2909 193 2966 καὶ
211 2906 257 2977 τὴν
270 2908 410 2985 ἀπολογίαν
432 2908 479 2978 τὴν
498 2909 565 2966 πάνυ
579 2910 730 2987 θαυμαστὴν
748 2917 773 2971 ἐν
787 2924 844 2981 ταῖς
857 2916 920 2994 πρὸς
964 2922 1229 2971 commemorantur.
1243 2913 1336 2985 Atque
1347 2915 1485 2987 permulta
1498 2915 1613 2987 quidem
1626 2934 1736 2982 eorum,

147 2993 310 3072 Ἀριστοτέλη
321 2996 488 3073 ἀντιγραφαῖς
497 2997 647 3071 ἐποιήσατο,
656 2999 919 3082 πιοτειίωγιγροίρθαι
964 3020 1027 3074 quae
1062 2999 1232 3070 afferuntur,
1261 2998 1388 3053 homines
1420 2999 1499 3054 docti
1519 3018 1578 3053 non
1604 3001 1738 3057 viderunt

146 3082 237 3158 λόγους
249 3080 320 3148 τινὰς
337 3082 386 3140 ὑπὸ
395 3088 440 3142 τοῦ
459 3084 549 3163 ἀνδρὸς
563 3087 598 3149 είς
613 3087 778 3165 δικαστήρια,
792 3090 820 3148 οὔ
833 3089 920 3163 μέντοι
964 3092 1124 3146 etiamnunc
1147 3086 1176 3139 in
1201 3086 1377 3139 orationibus
1395 3086 1591 3159 superstitibus
1614 3099 1733 3144 exstare.

145 3169 265 3237 πολλοός.
276 3173 404 3229 ·Deinde
412 3175 565 3231 Isocratem
574 3178 768 3234 Atheniensem
778 3181 851 3235 inter
860 3201 920 3239 ora·
964 3175 1010 3232 Sic
1024 3181 1058 3231 A.
1071 3163 1299 3229 Westennannus
1311 3173 1382 3228 Hist.
1399 3173 1494 3245 eloqu.
1504 3191 1547 3245 gr.
1558 3191 1589 3245 p.
1603 3173 1658 3246 293
1674 3171 1738 3229 Sto·
1839 3200 1844 3208 ·

149 3267 224 3314 tores
234 3259 326 3328 finisse,
336 3261 386 3331 qui
396 3279 422 3318 a.
436 3260 491 3316 352
506 3262 542 3317 ab
558 3266 704 3321 Artemisia
714 3267 821 3323 invitati
832 3271 921 3342 epita·
964 3261 1115 3321 baeilloril.
1141 3258 1197 3328 482
1218 3258 1735 3336 ²841&1⁰·Dam250011551PPffld·

147 3345 919 3426 pbiisinhonoremMausolicomponendisdecertarent,
967 3370 1013 3421 ²1,
1035 3349 1067 3405 13
1083 3347 1180 3413 affert,
1194 3346 1242 3402 sed
1265 3365 1298 3402 0³
1322 3358 1430 3402 θῐὸῑθῐῑῑ
1451 3349 1480 3401 ἰῐὶ
1497 3366 1541 3406 ⁰1¹·
1562 3347 1618 3421 αθ·
1643 3348 1735 3418 2735

147 3431 252 3486 Gellius
270 3451 315 3500 ιο,
339 3432 392 3500 ιθ,
410 3433 586 3509 Biographus
604 3438 701 3494 decem
719 3454 788 3497 orat.
807 3462 835 3516 p.
851 3443 919 3499 838.
965 3449 994 3492 et
1020 3436 1037 3511 S
1068 3454 1116 3492 nn.
1149 3434 1219 3491 ltem
1252 3433 1392 3507 permulta
1423 3452 1537 3502 eorum,
1577 3454 1638 3509 qua·
1669 3438 1737 3491 We·

148 3518 188 3585 B,
210 3520 409 3594 Theopompus
433 3522 509 3595 apud
535 3525 685 3580 Eusebium
707 3528 795 3602 Praep.
823 3548 918 3604 evang.
965 3536 1142 3581 stet-mannus
1158 3522 1177 3579 l.
1192 3519 1221 3575 d.
1245 3523 1390 3576 eMaximi
1410 3523 1582 3578 confessoris
1597 3524 1736 3597 capitibus

153 3622 197 3658 ιο.
213 3604 229 3658 3
243 3625 273 3679 p.
296 3605 397 3671 464AE
417 3608 594 3665 tradiderunt
610 3629 764 3686 eorumque
782 3614 921 3685 judicium
967 3611 1133 3684 theologicis
1154 3609 1277 3682 collegit.
1299 3607 1384 3680 Quod
1403 3609 1539 3664 Maximus
1564 3610 1699 3665 Planudes
1720 3608 1736 3665 5

149 3710 215 3746 cum
240 3694 286 3747 alii
308 3704 367 3749 tum
391 3698 427 3752 D.
456 3697 640 3752 Rulmkenius
665 3698 730 3755 hist.
754 3712 839 3758 oratt.
870 3714 919 3761 att.
967 3719 996 3772 p.
1014 3698 1081 3767 254,
1098 3697 1132 3752 ιθ
1147 3706 1175 3751 et
1187 3713 1420 3768 anonymus7p.
1440 3698 1738 3768 177Walz.alserunt‚

147 3798 175 3853 p.
193 3779 230 3835 85
244 3799 306 3854 sqq.
322 3783 410 3837 secuti
428 3794 493 3838 sunt
512 3783 751 3856 (aeclinant.
768 3791 802 3844 ll.
817 3808 846 3862 p.
864 3809 921 3863 ²99
967 3788 1070 3862 legitur
1086 3787 1117 3838 in
1130 3802 1173 3839 or.
1190 3801 1201 3837 1
1219 3784 1301 3857 §343
1319 3785 1398 3857 quod
1418 3786 1536 3859 Sopater
1555 3793 1612 3861 lp.
1634 3785 1702 3854 346,
1722 3806 1735 3841 1

149 3868 238 3940 [trag.
251 3867 273 3943 ).
295 3865 351 3924 Sed
366 3869 434 3925 illud
448 3881 589 3926 certamen
601 3869 717 3928 Suidam
728 3872 790 3945 jure
810 3876 846 3930 ad
859 3878 919 3932 lso-
966 3888 994 3931 et
1008 3874 1134 3930 Stobaens
1148 3870 1233 3927 floril.
1249 3872 1297 3946 93,
1312 3880 1348 3938 at.
1364 3884 1392 3928 et
1410 3872 1527 3929 loannes
1543 3874 1639 3947 Lydus
1652 3893 1682 3948 p.
1700 3883 1734 3941 41

149 3967 253 4010 cratem
267 3958 494 4030 Apolloniensem
509 3960 634 4015 retulisse
643 3973 671 4015 et
687 3964 712 4019 1.
729 3960 874 4038 Pllugltius
886 3965 922 4021 de
966 3962 1065 4035 Belin,
1081 3964 1111 4016 in
1126 3980 1169 4018 or.
1190 3981 1201 4016 1
1222 3960 1249 4035 S.
1264 3960 1298 4028 63
1318 3959 1396 4033 quod
1408 3962 1527 4033 Sopater
1546 3966 1561 4025 4
1579 3979 1609 4033 p.
1626 3962 1694 4035 679,
1708 3964 1739 4017 in

149 4043 255 4117 Theop.
271 4046 329 4100 vita
340 4064 371 4118 p.
387 4045 423 4100 26
439 4064 482 4117 sq.
500 4046 597 4101 docuit
611 4058 638 4102 et
650 4066 704 4121 ego
718 4050 747 4103 in
759 4051 919 4110 Zimmernu.
967 4069 1008 4105 or.
1024 4069 1037 4104 1
1050 4049 1067 4123 S
1079 4048 1116 4105 25
1129 4068 1137 4117 ;
1154 4050 1233 4124 quod
1251 4046 1385 4121 Syrianus
1396 4050 1516 4103 Venetus
1528 4054 1543 4112 t.
1557 4065 1588 4119 p.
1604 4048 1658 4117 δυ,
1674 4047 1736 4104 Sui·

152 4126 252 4188 Dium.
271 4130 345 4188 1835
360 4153 390 4206 p.
408 4140 440 4199 41
451 4153 461 4188 ι
480 4134 605 4205 exposui.
622 4132 666 4190 cf.
680 4135 711 4193 C.
727 4137 872 4195 Maerclter.
887 4139 922 4194 ele
967 4137 1016 4192 das
1028 4155 1059 4209 p.
1076 4136 1163 4194 2686.
1178 4134 1309 4202 CGaist‘..
1319 4134 1456 4188 Maximus
1467 4134 1487 4189 l.
1499 4133 1527 4189 d.
1539 4151 1569 4205 p.
1588 4132 1640 4197 184
1652 4134 1735 4189 Gesn.

150 4216 317 4274 Theodectis
341 4222 398 4274 vita
416 4239 426 4274 1
443 4240 474 4295 p.
489 4219 525 4274 οδ
538 4238 600 4293 sqq.
616 4253 655 4264 -
667 4218 820 4298 Ἰσοκράτης
833 4226 859 4281 ἐν
871 4227 924 4290 τοῖς
966 4227 997 4279 in
1013 4243 1055 4281 or.
1078 4223 1169 4298 1§29
1184 4223 1262 4298 (nam
1276 4241 1338 4295 quae
1357 4221 1433 4295 apud
1448 4218 1597 4292 Syrianam
1607 4220 1739 4292 leguntur

149 4301 213 4378 πρδς
229 4304 351 4364 Εἰδοθέαν
372 4307 650 4363 commemorabatur
666 4310 743 4383 apud
764 4312 878 4367 Suidam
898 4332 921 4372 s.
967 4310 1090 4383 ἀλγεινῶν
1106 4305 1211 4384 ῥακίων,
1226 4318 1319 4381 aperte
1333 4318 1464 4380 corrupta
1478 4317 1560 4374 sunt,
1573 4304 1688 4361 sortasse
1700 4308 1739 4361 ita

149 4408 177 4443 ν,
198 4387 309 4465 χιάζειν,
328 4392 376 4446 sed
400 4391 544 4470 Σωκράτης
562 4392 589 4448 έν
607 4395 644 4470 τῷ
664 4391 727 4469 πρὸς
748 4393 867 4453 Είδόθεον
883 4387 924 4454 le:
967 4394 1136 4470 corrigenda
1147 4391 1210 4471 πρὸς
1222 4389 1367 4468 Δημόνικον
1381 4390 1515 4470 γράρων);
1527 4411 1589 4467 quae
1600 4395 1739 4450 Maximus

150 4477 271 4548 gendum
291 4496 347 4533 esse
368 4480 402 4536 G.
422 4482 595 4537 Hermannus
608 4481 704 4537 docuit
724 4483 761 4538 ad
775 4485 920 4559 Aristoph.
966 4485 1044 4539 Plan.
1061 4482 1118 4556 tp.
1131 4483 1148 4537 6
1163 4482 1259 4547 affert,
1277 4482 1307 4534 in
1319 4500 1360 4536 or.
1375 4481 1408 4535 13
1424 4481 1451 4556 s,
1469 4500 1503 4555 ¹9
1518 4493 1644 4552 exstant,
1658 4482 1740 4538 deni-

151 4560 226 4619 uub.
249 4582 308 4637 97⁰
330 4564 387 4641 (cf.
403 4570 517 4640 Fragm.
541 4568 611 4624 uin.
637 4578 659 4624 t.
684 4566 730 4638 tv,
753 4589 782 4643 p.
803 4571 875 4644 4963
892 4573 920 4640 Ι,
967 4589 1023 4644 que
1040 4588 1102 4642 quae
1117 4569 1147 4623 in
1160 4568 1272 4622 scholiis
1290 4567 1428 4638 homercis
1446 4568 1483 4623 ad
1506 4568 1587 4624 lliad.
1601 4588 1632 4642 p.
1647 4568 1702 4633 sat
1722 4586 1740 4624 a

149 4651 344 4726 p.vatt.).
367 4677 379 4701 ι
969 4657 1005 4722 46
1020 4657 1070 4714 Bk.
1096 4652 1263 4724 afferuntur,
1279 4674 1314 4711 ex
1342 4652 1386 4713 στ’.
1410 4656 1468 4730 t§.
1492 4675 1503 4711 1
1526 4656 1652 4712 desumta
1665 4666 1738 4713 sunt.

190 4737 305 4793 «Porro
316 4750 417 4813 praeter
426 4758 471 4795 eas
482 4741 623 4797 orationes
636 4761 698 4815 quae
707 4762 782 4798 nunc
795 4746 925 4800 Isocratis
967 4745 1075 4800 Eodem
1097 4744 1206 4817 modo,
1230 4744 1333 4816 quibus
1353 4743 1513 4798 Aristoteles
1537 4744 1567 4796 in
1594 4741 1674 4796 libris
1703 4741 1739 4796 da

151 4841 210 4879 esse
223 4836 359 4899 putantur
372 4827 526 4900 permultas
543 4828 697 4900 aliquando
710 4831 779 4888 lhlso
793 4833 819 4888 ei
833 4832 923 4888 tribu·
968 4833 1107 4887 rhetorica
1130 4833 1220 4886 utitur
1233 4826 1368 4903 exemplis
1381 4829 1537 4898 isocrateis,
1565 4829 1659 4882 omnia
1672 4846 1739 4901 pos·

149 4990 186 5036 los
198 4988 364 5050 definiverint,
378 4983 493 5039 Limera·
505 4990 529 5038 iu
539 5003 585 5038 eun
595 4992 625 5040 de
635 4992 790 5042 illistractetu
799 4995 923 5056 diligenter
1336 4997 1372 5043 tt.

149 5058 372 5119 exposuit3multes
380 5059 612 5122 enimenthutorum
624 5062 924 5123 scriptommdeunittones
999 5065 1140 5114 Atticinus
1155 5063 1224 5113 novis
1244 5063 1374 5125 pangendis
1394 5060 1517 5110 vocabulis
1536 5072 1633 5122 prorsus
1652 5060 1739 5110 εθθοτ-

150 5127 267 5189 apponit,
288 5129 312 5178 in
330 5129 407 5191 ltsque
428 5130 500 5181 ellam
516 5132 672 5192 imminu,
690 5144 763 5193 quatu
784 5138 923 5184 tamennon
967 5137 1035 5195 rent,
1054 5146 1133 5196 neque
1147 5133 1253 5194 usurpari
1266 5133 1351 5192 jubent
1366 5132 1475 5193 nisiquae
1490 5130 1536 5179 dici
1546 5130 1637 5179 soleant
1647 5133 1672 5180 et
1686 5131 1741 5181 ιιευί

150 5197 243 5260 mliii·
792 5213 794 5218 ’
969 5205 1140 5267 receptarunt,
1150 5201 1355 5252 utliocmtesait.

257 5291 384 5330 ludlow.
1609 5286 1632 5330 δέ
