3967 5967
239 417 297 468 860
953 400 1119 463 tt'ctlttot

239 533 312 602 μῆνα
327 528 440 605 θυόμενα
462 525 547 607 [ὑπὲρ
571 530 617 596 τῆς
639 524 739 591 πόλεως
755 528 822 584 add.
850 526 939 585 Bekk.
962 529 1017 583 λιι.
1043 540 1047 551 ·
1062 525 1175 597 jectura
1184 543 1277 601 neque
1294 523 1343 591 ἕως
1362 526 1429 582 terri
1441 538 1535 602 potest
1543 547 1638 604 neque
1651 532 1788 588 articulus
1799 550 1849 590 ne·

236 638 267 694 p.
282 619 338 687 254
351 619 362 696 J
377 615 440 689 ἧτίι
452 614 517 693 ὑπὲρ
531 614 592 674 δλου
610 613 690 691 μηνὸς
704 613 776 683 ἅπαξ
800 614 864 673 τοτὲ
878 613 1019 693 γιγνόμενα
1064 631 1120 686 que
1131 614 1305 668 accusativus
1316 631 1396 669 casus
1412 615 1533 671 mulctae.
1553 640 1566 666 υ
1580 617 1733 689 Semeros,
1747 620 1797 693 qui
1811 620 1849 677 de

236 705 350 781 θύματα.
1063 720 1115 759 suo
1130 701 1210 759 dedit
1223 698 1266 759 τδν
1277 699 1417 779 γράψαντα
1427 702 1561 768 καταδεῶς
1572 701 1631 769 τοὺς
1642 702 1775 776 Ἓλληνας
1790 707 1818 774 ἐζ
1838 737 1848 751 ·

603 792 649 849 Ἀ
1063 788 1173 864 μίωσεν.
1187 792 1302 848 Scilicet
1315 791 1437 865 Sopater
1448 792 1478 846 in
1489 792 1545 848 Rh.
1557 811 1601 868 gr.
1614 804 1635 849 t.
1649 793 1726 864 VIII,
1739 813 1771 869 p.
1786 794 1846 861 340

275 884 376 940 Idem:
394 877 616 940 Ἐπιτιλεοῧν
646 878 691 936 καὶ
713 874 936 953 ἐπιτελίωμα.
953 877 1017 952 Ἀμ·
1062 898 1124 954 sqq.
1152 898 1159 936 ε
1182 877 1260 938 Μετὰ
1283 880 1437 957 Μαραθῶνα
1461 878 1555 937 Μίκων
1582 883 1597 937 δ
1623 880 1758 960 ζωγράφος
1786 882 1846 951 τοδς

234 968 329 1050 ρύτερα
344 968 470 1035 πολλάκις
485 967 540 1027 ἐστὶ
555 967 590 1025 τὰ
605 968 722 1040 ὀνόματα
742 968 769 1025 ἐν
788 968 825 1045 τῷ
847 965 907 1043 περὶ
923 968 968 1036 τῆς
979 968 1017 1022 ἱε-
1063 964 1211 1045 βαρύάρους
1235 964 1337 1044 γράψας
1360 967 1462 1042 μείζους
1482 969 1534 1024 τῶν
1557 964 1694 1039 Ἑλλήνων
1716 968 1843 1048 κρίνεται.

234 1059 304 1136 ρείας
317 1057 477 1136 Λυκούργου·
490 1057 557 1117 ἔοικε
572 1055 599 1114 ll
612 1056 777 1130 ἐπιτελίωμα
790 1056 913 1134 λέγεσθαι
927 1053 957 1112 τδ
972 1053 1016 1113 ἐπί
1062 1055 1169 1112 Eadem
1191 1065 1291 1110 nostro
1313 1054 1378 1110 Ioco
1401 1052 1555 1130 signidemi
1575 1057 1626 1112 vix
1646 1068 1688 1113 est
1710 1057 1843 1121 dubium,

1062 1142 1227 1219 Legendum
1246 1152 1318 1217 puto
1344 1161 1351 1196 :
1375 1139 1420 1197 τδν
1435 1141 1572 1221 γράψαντα
1594 1139 1662 1224 [τῶν
1679 1141 1844 1222 βαρύάρων]

233 1155 299 1205 πᾶσι
309 1147 433 1221 θυόμενον
445 1145 510 1225 ὑπὲρ
522 1149 566 1203 τοῦ
582 1146 710 1211 ἐπιτελεῖς
724 1142 846 1222 γενέσθαι
864 1139 1017 1220 τδιθιρύτε-

233 1257 276 1313 ρον
292 1236 392 1302 θυσίας.
435 1234 521 1302 Αὐτὸς
537 1238 598 1309 γοῦν
612 1236 627 1291 δ
643 1231 729 1312 ῥήτωρ
744 1233 770 1289 ἰν
790 1229 911 1311 τῷλόγῳ
926 1229 1015 1310 φησίν·

236 1350 248 1375 ι
265 1322 304 1381 ἔτι
324 1322 408 1381 τοίνυν
429 1322 479 1401 ἔφη
494 1319 600 1379 πάντων
621 1319 723 1379 ύστατα
744 1324 828 1378 ταῦτα
847 1318 951 1377 θύεσθαι
970 1317 1015 1376 καὶ

231 1411 431 1488 ίαιτελειύματα
445 1400 510 1466 εἶναι
520 1411 571 1468 τιῗιν
581 1408 668 1467 ἄλλων
678 1408 810 1483 θυμάτων.
824 1433 836 1459 ν

599 1512 649 1582 37.

271 1617 351 1674 Idem
376 1634 384 1674 ε
403 1614 566 1693 Ἔσχάρα·
581 1616 731 1692 Λυκοῦργος
750 1614 776 1671 ἐν
799 1613 838 1690 τῷ
853 1611 914 1690 περὶ
932 1613 1013 1692 [τῆς]

233 1704 337 1782 ἱερείας.
363 1703 509 1781 Ἀμμώνιος
523 1706 549 1761 ἐν
566 1701 618 1769 τοῖς
631 1701 691 1780 περὶ
704 1703 801 1779 βωμῶν
820 1699 935 1779 ἐσχάραν
949 1703 1014 1780 ρηαὶ

229 1793 365 1850 καλεῖσθαι
376 1792 424 1865 τλν
437 1789 474 1867 μὴ
487 1790 598 1870 ἔχουσαν
613 1788 676 1869 ὕψος
686 1793 720 1855 ὡς
736 1786 824 1846 ἱστίαι
837 1786 898 1845 ἀλλ’
910 1788 953 1847 tul
967 1794 1014 1866 γῆς

229 1878 369 1959 ἱδρυμένην
385 1880 490 1950 κοίλην,
503 1881 567 1955 παρ’
584 1877 599 1936 δ
614 1876 659 1934 καὶ
674 1875 734 1943 τοὺς
748 1873 850 1954 ἰατροὺς
870 1875 903 1933 τὰ
916 1877 943 1934 ἐν
960 1881 1014 1944 τοῖς

229 1967 335 2043 σώμασι
344 1967 419 2026 κοῖλα
432 1963 495 2039 ἕλκη
510 1964 624 2044 ἐσχάρας
633 1965 732 2023 καλεῖν.

269 2167 350 2222 Idem
367 2185 374 2224 :
390 2161 612 2225 Ἐτεούουτάδ
622 2180 664 2220 αι·
686 2164 837 2240 Λυκοῦργος
853 2162 879 2217 ίν
893 2163 931 2240 τῷ
952 2160 1012 2240 περί

228 2256 274 2321 τῆς
283 2249 389 2329 ἱερείας.
400 2253 476 2317 Γένος
486 2251 608 2322 Ἀθήνησι
617 2251 669 2330 (sic
682 2253 764 2308 Phot.
776 2251 857 2320 cod.;
869 2246 1012 2321 Ἀθηναίοις

228 2342 315 2398 codd.
332 2341 503 2416 Hammon),
514 2330 567 2397 οἱον
580 2340 604 2396 cl
623 2340 723 2409 άληθῶς
742 2334 795 2393 ἀπὸ
816 2335 925 2396 Βούτου·
941 2334 1011 2394 ἐτεὸν

228 2427 280 2506 γδρ
298 2427 328 2487 τὸ
340 2428 442 2494 ἀληθές·
458 2430 489 2486 ἐκ
511 2429 539 2486 δὲ
553 2425 653 2486 τούτων
673 2424 847 2496 καθίσεατοή
870 2425 951 2503 ἱέρεια
965 2429 1013 2493 τῆς

230 2515 360 2582 Πολιάδος
376 2514 497 2588 Ἀθηνᾶς,
517 2513 586 2575 καθά
600 2535 664 2592 φησι
677 2513 788 2593 Δράκων
802 2512 862 2591 περὶ
876 2516 967 2592 γενῶν.

268 2717 348 2773 Idem
362 2734 370 2774 ε
392 2714 550 2793 Κύρύεις·
572 2719 722 2793 Λυκοῦργος
743 2715 770 2771 ίν
784 2716 822 2787 τῷ
840 2711 903 2790 περὶ
917 2717 965 2785 τῆς
977 2715 1011 2771 ir·

232 2802 312 2880 ρείας.
338 2800 450 2881 ἱίύρύιις
468 2801 547 2881 pecli
562 2802 754 2878 Ἀπολλόδωρος
771 2802 832 2860 κτλ.
856 2806 890 2860 V.
914 2804 1011 2876 Apol·

227 2890 326 2948 lodori
338 2893 373 2951 [ε.
389 2899 445 2968 243
459 2893 603 2949 Aristotel.
616 2890 679 2950 Pol.
700 2893 735 2950 fr.
755 2909 799 2948 11.

598 2995 643 3054 lo.

267 3080 348 3138 Idem
366 3099 373 3134 ε
390 3077 511 3138 Μίκων·
524 3081 673 3156 Λυκοῦργος
684 3079 710 3134 ἓν
726 3078 764 3155 τῷ
778 3075 837 3154 περὶ
847 3079 893 3148 τῆς
906 3075 1009 3150 ἱερείας·

227 3192 239 3215 ι
254 3165 299 3223 καὶ
314 3165 426 3225 Μίκωνα
444 3164 489 3223 τδιι
510 3163 648 3245 γράψαντα
670 3164 719 3231 ἕως
739 3162 798 3229 τοδς
811 3163 835 3220 λ’
851 3168 935 3239 μῆνας
949 3166 1010 3234 ἐζη-

228 3254 341 3330 μίωσαν.
358 3281 371 3308 ν
381 3255 426 3313 stc
437 3256 561 3313 codices.
569 3257 713 3314 Bckkerus
720 3275 736 3312 e
744 3257 881 3312 Maussaci
891 3256 1009 3327 conjec-

227 3356 289 3402 tura
302 3344 383 3401 dedit
396 3363 404 3402 ε
417 3342 466 3410 ἕως
481 3340 527 3409 rit<
538 3340 677 3422 τριάκοντα
690 3350 767 3418 μνᾶς.
782 3366 793 3392 ι
813 3345 846 3398 In
866 3361 921 3416 quc
932 3361 1007 3396 con·

227 3493 381 3572 sinuetque
399 3509 497 3571 singulis
518 3509 639 3559 mensibus
651 3507 817 3558 sacrificantur
834 3507 871 3558 nel
890 3520 946 3571 ηοω
965 3520 1009 3570 pro

227 3582 280 3629 toto
290 3592 375 3629 mccsc
384 3580 457 3629 semel
471 3578 532 3629 liunt
545 3580 668 3629 εεειίθοὶιι.

257 3747 403 3795 'Eumenous
413 3750 439 3796 et
449 3746 601 3808 ἐπιτελὲωμα.
615 3748 752 3806 Utrumque
766 3743 913 3793 vocabulum
920 3746 1010 3805 amiton

227 3816 313 3878 legiuu
331 3817 355 3864 iu
369 3818 469 3878 Lycurgi
485 3818 592 3867 oratione
602 3815 633 3863 de
649 3814 780 3863 sacerdote.
801 3813 904 3863 Videtur
922 3817 1009 3864 autem

226 3888 373 3950 ἐπιτελέωμα
384 3887 431 3935 dici
441 3888 518 3936 lrcstia
531 3885 686 3944 succidanea.
699 3898 753 3946 quse
764 3886 817 3946 post
825 3885 917 3934 ceteras
927 3898 1010 3935 omnes

227 3956 376 4017 immolatur,
394 3960 421 4005 lit
439 3957 564 4018 superiora
585 3956 701 4005 morilicia
722 3958 772 4005 rata
793 3955 860 4004 liant.
881 3957 935 4017 ipsc
945 3958 1010 4006 certe

225 4030 308 4076 orator
330 4027 354 4075 ic
375 4028 420 4076 ists
440 4027 547 4076 oralionc
570 4027 630 4076 dicit
650 4040 657 4075 ι
675 4045 687 4068 s
707 4028 825 4076 Praeterea
847 4025 929 4088 itaquo
948 4026 1010 4076 (lixit

226 4097 337 4146 omniurn
356 4103 476 4160 postrema
496 4097 549 4145 tnnc
570 4096 691 4146 Immolari
709 4098 735 4146 et
759 4096 935 4159 ἐπιτελεώματα
956 4109 1010 4148 esse

227 4168 375 4232 reliquorum
387 4167 567 4217 sacrifimorum.
579 4184 591 4211 α

610 4258 648 4304 87.

260 4333 379 4396 'ltc1tpct
393 4336 518 4396 lycurgus
534 4333 559 4382 in
574 4345 610 4382 or.
624 4334 656 4382 dc
675 4330 807 4382 aarardote.
828 4333 972 4382 Ammonius
985 4332 1009 4380 in

228 4403 297 4452 libris
310 4406 346 4454 De
360 4405 409 4453 aris
421 4404 524 4467 ἐσχάραν
540 4403 600 4453 (licit
611 4406 692 4452 vocari
708 4416 776 4452 aram
792 4416 847 4465 que
858 4403 1009 4453 altitudinem

227 4486 275 4522 nou
288 4472 386 4532 lrabeat,
403 4474 472 4522 siculi
491 4474 570 4532 locus,
591 4472 633 4522 secl
655 4473 723 4521 humi
744 4473 822 4535 posits
842 4475 867 4523 ct
883 4485 943 4521 cata
962 4473 1009 4535 uit3

227 4543 385 4606 quamobrem
406 4542 479 4595 elium
499 4555 514 4591 ε
535 4543 635 4593 medicis
658 4556 718 4594 cara
746 4543 826 4594 ulcera
848 4541 947 4608 ἐσχάραι
964 4556 1009 4592 no·

226 4616 320 4663 rentur.

596 4699 635 4743 38.

241 4799 244 4805 -
259 4767 440 4831 Bttctutode,
453 4767 523 4830 cujus
535 4770 644 4819 meminit
663 4772 788 4832 Lycurgum
799 4772 824 4819 in
834 4784 870 4819 or.
883 4770 915 4819 do
927 4783 1009 4820 tacer-

228 4841 302 4899 dole,
315 4839 403 4887 tamilla
415 4839 529 4901 Athenis,
542 4841 612 4903 quati
629 4853 711 4890 revera
723 4855 738 4889 a
751 4844 812 4890 Buta
827 4842 938 4904 oriundi;
954 4856 1009 4892 narn

228 4908 292 4958 ἑτεύν
310 4909 426 4971 significat
441 4923 531 4959 revera.
548 4914 583 4959 Ex
601 4910 638 4959 liis
654 4911 861 4960 constituebantur
872 4913 1010 4963 sacerdotes

228 4981 469 5043 elucescentem,
482 4984 510 5031 ut
522 4981 666 5032 dicitDraco
679 4981 705 5031 in
717 4981 780 5030 libro
790 4984 825 5031 Dc
837 4982 943 5031 familiis.

260 5137 371 5199 Κύρθεις,
389 5137 457 5188 stole
466 5138 551 5202 quibes
567 5064 638 5200 tegi}
649 5137 779 5200 iuscripta.
792 5138 955 5201 Lycurgosin
971 5152 1008 5190 or.

229 5206 261 5257 dc
271 5208 402 5259 secutiolo.

1062 1228 1167 1295 ἑαυτοδς
1183 1227 1291 1305 μείονας
1302 1226 1461 1305 ἐζημίωσαν.

1427 1330 1474 1391 θι.

1101 1415 1200 1474 Idem:
1213 1409 1302 1485 Νίκη
1314 1410 1440 1484 Ἀθηνᾶ·
1460 1414 1609 1491 Λυκοῦργος
1622 1415 1652 1472 ίν
1672 1416 1710 1496 τῷ
1723 1415 1783 1495 τιρὶ
1797 1419 1845 1488 τῆς

1060 1501 1164 1582 ἱερείας.
1178 1499 1285 1560 Ὅτιδὲ
1304 1500 1389 1572 Νίκης
1406 1498 1513 1572 Ἀθηνᾶς
1535 1498 1624 1567 ξόανον
1639 1501 1760 1580 ἄπτερον,
1781 1504 1844 1583 ἔχον

1059 1594 1085 1649 ἐν
1104 1588 1196 1668 μὲντῇ
1211 1587 1281 1668 δεξιᾷ
1295 1587 1372 1670 ῥόαν,
1393 1589 1421 1647 ἐν
1437 1585 1508 1665 cleu]
1529 1587 1656 1669 εὐωνύμῳ
1667 1590 1775 1670 κράνος,
1793 1596 1846 1650 ἔτι·

1059 1685 1128 1753 μθτο
1142 1678 1205 1756 παρ’
1217 1675 1375 1750 Ἀθηναίοις,
1387 1674 1532 1746 δεδήλωκεν
1546 1673 1704 1759 Ἡλιόδωρος
1719 1681 1733 1735 δ
1748 1701 1846 1760 περιη-

1057 1764 1140 1844 γητὴς
1154 1766 1181 1824 δν
1195 1763 1220 1823 α’
1234 1762 1295 1844 περί
1309 1763 1486 1842 ἀκροπόλεως.

1425 1884 1474 1946 lu.

1097 1990 1178 2046 Idem
1200 2009 1207 2045 ι
1233 1986 1419 2067 Πάρεδρος·
1439 1988 1588 2066 Λυκοῦργος
1610 1989 1638 2046 ἐν
1655 1989 1695 2068 τῷ
1712 1959 1773 2067 ίτιρὶ
1796 1989 1845 2057 τῆς

1058 2077 1162 2152 ἱερείας.
1179 2076 1253 2135 Πολύ
1271 2078 1327 2134 ἔστι
1338 2073 1454 2152 τοῦνομα
1470 2072 1543 2154 παρά
1558 2097 1586 2132 τι
1600 2082 1654 2141 τοῖς
1669 2075 1776 2155 ῥήτορσι
1797 2077 1843 2135 καί

1057 2165 1083 2220 ἐν
1102 2164 1247 2243 τῇᾶρχαίρ
1259 2161 1398 2244 κωμερδίρ.
1441 2159 1624 2241 Ἀριστοτέλης
1644 2163 1667 2221 δ’
1684 2165 1711 2220 ίν
1721 2168 1754 2241 τῇ
1765 2163 1842 2236 Ἀθη·

1056 2250 1135 2310 ναίων
1151 2251 1269 2332 πολιτεία
1283 2249 1356 2333 φησί·
1375 2277 1388 2302 ι
1407 2249 1575 2326 λαμδάνουσι
1595 2249 1622 2308 δὶ
1634 2250 1680 2308 καλ
1697 2250 1843 2332 ταρίδρους

1056 2337 1073 2397 δ
1092 2362 1120 2398 τε
1135 2339 1224 2420 ἄρχων
1238 2339 1283 2398 καὶ
1306 2341 1320 2396 δ
1337 2337 1517 2416 πολέμαρχος,
1538 2337 1583 2397 δύο
1601 2336 1723 2417 ἑκάτερος
1744 2339 1788 2406 οὒς
1809 2339 1843 2398 διν

1058 2428 1195 2506 βούληται·
1213 2429 1258 2486 καί
1273 2418 1345 2486 οὗτοι
1364 2426 1551 2504 δοκιμάζονται
1566 2428 1593 2485 ἐν
1618 2430 1655 2506 τῷ
1678 2427 1844 2508 δικαστηρίῳ

1056 2515 1116 2594 πρὶν
1134 2514 1319 2596 παρεδρεύειν,
1341 2516 1387 2573 καί
1408 2512 1515 2581 εὐθύνας
1535 2512 1650 2574 διδόασιν
1668 2514 1734 2573 ἐτδιν
1756 2537 1841 2594 ιταρε·

1057 2604 1231 2682 spetaculo.»

1095 2813 1196 2869 Idem:
1215 2808 1375 2875 Πίλανος·
1394 2811 1543 2888 Λυκοῦργος
1560 2809 1587 2867 ἕν
1603 2811 1641 2889 τῷ
1663 2808 1723 2888 περὶ
1742 2813 1789 2881 τῆς
1801 2811 1840 2867 ἱε-

1057 2897 1136 2975 ρείας.
1154 2896 1288 2962 Πολλάκις
1302 2897 1358 2956 ἐστὶ
1378 2895 1494 2974 τοῦνομα
1510 2895 1583 2977 παρδ
1597 2898 1703 2963 πολλοῖς
1720 2900 1771 2954 τῶν
1791 2901 1840 2976 ἀρ-

1055 2987 1156 3072 γαίων.Ι
1172 2983 1344 3051 Ἀπολλώνιος
1369 2987 1423 3044 δ’ὁ
1444 2982 1584 3064 Ἀχαρνεὺς
1603 2988 1630 3043 ἐν
1650 2987 1689 3064 τῷ
1711 2984 1771 3064 περὶ
1787 2988 1842 3043 τῶν

1056 3079 1150 3155 ἑορτῶν
1164 3075 1232 3137 ούτω
1242 3072 1347 3154 γράφει·
1364 3100 1376 3126 ιι
1401 3073 1496 3150 ὁμοίιος
1514 3072 1542 3130 δὲ
1556 3071 1601 3130 καὶ
1620 3073 1840 3153 δτιροααγυρευό·

1056 3185 1131 3241 μενος
1149 3163 1269 3229 πέλανος.
1313 3161 1425 3239 Λέγεται
1439 3160 1467 3219 δὲ
1489 3159 1620 3236 πέμματά
1631 3183 1690 3220 τινα
1706 3165 1760 3227 τοῖς
1772 3162 1841 3227 θεοῖς

1056 3249 1179 3327 γινόμενοι
1198 3250 1228 3307 ίκ
1247 3253 1294 3306 τοῦ
1318 3246 1499 3327 ἀφαιρεθέντος
1522 3248 1594 3307 σίτου
1619 3250 1649 3307 ἐκ
1667 3252 1713 3319 τῆς
1738 3247 1804 3309 ἅλω.
1826 3277 1841 3301 ν

1058 3335 1207 3415 Σαννυρίων
1222 3335 1244 3394 δ’
1256 3338 1282 3395 ἓν
1296 3335 1395 3395 Γίλωτί
1409 3358 1481 3415 φησι·

1089 3585 1180 3633 Micon.
1194 3581 1352 3643 Lycurgum
1366 3594 1402 3631 or,
1416 3580 1448 3631 de
1460 3583 1585 3634 secerdote
1598 3597 1605 3627 ι
1618 3602 1630 3626 ι
1644 3584 1669 3633 ct
1683 3581 1803 3632 ultroneus
1814 3582 1842 3632 ot

1059 3651 1101 3710 qui
1117 3651 1140 3700 io
1154 3651 1245 3711 pictura
1258 3651 1323 3713 ipsos
1338 3650 1460 3704 tortoris
1480 3653 1586 3705 minores
1600 3653 1712 3718 (tanecle
1731 3651 1842 3716 μείονας)

1056 3724 1268 3782 representasset,
1278 3722 1422 3773 multarunt.

1089 3887 1188 3935 Victrix
1197 3889 1326 3937 Minerua.
1344 3889 1466 3950 Lycurgus
1476 3888 1500 3937 in
1512 3902 1549 3937 or.
1564 3886 1595 3938 de
1607 3886 1739 3937 sacerdote.
1753 3887 1841 3937 victri-

1054 3956 1090 4005 cis
1107 3959 1222 4006 Minervae
1237 3958 1407 4019 simutacmm,
1422 3959 1467 4008 alic
1482 3971 1583 4019 carens,
1605 3957 1668 4007 etin
1687 3955 1773 4008 dextra
1787 3972 1841 4008 ma·

1055 4025 1105 4074 tuni
1122 4028 1256 4089 Punicum,
1271 4029 1296 4077 ln
1315 4028 1409 4078 sinistra
1419 4029 1511 4091 galeam
1524 4032 1621 4089 teucos,
1640 4027 1671 4076 ab
1685 4027 1837 4078 athenuusi·

1055 4094 1100 4144 bus
1121 4097 1213 4146 cultum
1233 4096 1308 4147 tuisse
1325 4096 1471 4148 ilcllodcrus
1493 4098 1610 4161 poteret·
1627 4096 1690 4149 iibro
1710 4098 1789 4161 primo
1804 4099 1839 4147 lle

1054 4167 1165 4228 Acropoll
1176 4166 1257 4217 tradit.

1446 4251 1485 4298 42.

1084 4345 1210 4407 Πύροδρος,
1225 4346 1347 4407 Lycurgos
1367 4346 1392 4395 io
1410 4359 1447 4397 or.
1462 4347 1493 4397 ‹lc
1506 4346 1641 4397 sacerdote.
1660 4349 1783 4410 Frequens
1803 4349 1841 4399 est

1054 4428 1141 4464 nomen
1152 4414 1217 4475 apud
1234 4418 1341 4466 oratores
1359 4420 1384 4465 el
1397 4416 1422 4465 tn
1438 4419 1538 4480 ιυθιμιε
1553 4417 1682 4468 comedia.
1702 4418 1841 4469 Aristotelen

1054 4485 1078 4534 in
1093 4485 1274 4535 Allienicnsiom
1289 4486 1417 4549 Republica
1429 4487 1488 4538 dicit
1506 4501 1513 4531 ι
1528 4507 1540 4531 ι
1561 4489 1658 4538 Archon
1678 4494 1704 4538 et
1720 4490 1840 4540 Ρολοαιει·

1054 4556 1114 4604 clius
1124 4555 1192 4604 binos
1204 4556 1292 4617 singuli
1303 4569 1435 4607 mensores
1451 4570 1496 4608 suc
1507 4558 1625 4610 croturtu
1640 4561 1840 4623 eunomiique

1055 4628 1079 4676 ni
1091 4625 1215 4688 injudicio
1235 4630 1291 4676 ante
1310 4640 1399 4678 munus
1412 4628 1502 4679 initum
1522 4630 1717 4693 explorantium
1736 4631 1842 4682 ratioooe

1055 4697 1159 4746 reddunt
1172 4709 1271 4747 munere
1285 4697 1370 4747 functi.
1384 4717 1396 4741 υ

1426 4772 1457 4826 tl

1084 4862 1197 4917 Πιλαιος.
1213 4863 1373 4924 Lycurgum
1388 4875 1425 4912 or.
1442 4862 1474 4913 dc
1483 4863 1616 4912 tacerdotc.
1635 4866 1705 4926 sepe
1719 4864 1773 4913 lucc
1785 4876 1833 4912 νοι

1053 4930 1118 4993 opud
1134 4931 1222 4982 multos
1241 4936 1335 4981 voleret
1350 4933 1462 4983 occurrit.
1479 4933 1620 4995 Apollonius
1638 4934 1797 4983 aclnamecats
1814 4934 1839 4982 in

1053 5015 1124 5065 opere
1135 5002 1166 5051 de
1185 5004 1251 5053 lestis
1266 5004 1300 5053 ita
1314 5003 1414 5053 scribit:
1431 5022 1444 5046 ι
1459 5005 1571 5055 Similiter
1583 5019 1641 5055 nero
1653 5007 1726 5056 etiam
1739 5006 1839 5061 πέλανος

1054 5073 1096 5135 qui
1107 5076 1217 5132 vocatur,
1227 5075 1242 5123 l.
1259 5087 1281 5123 e.
1296 5074 1412 5136 piscentur
1425 5074 1537 5135 οιιωιλιιιι
1553 5075 1666 5137 cutodita
1678 5075 1839 5124 coniiciuntur

1054 5157 1085 5194 ex
1103 5143 1225 5194 frumento
1236 5147 1261 5194 in
1282 5157 1355 5194 usum
1372 5145 1545 5194 sacriticiorum
1558 5161 1589 5196 cx
1607 5159 1663 5196 arca
1683 5150 1793 5204 exemto,
1808 5159 1839 5195 nc

1054 5227 1111 5264 cum
1140 5215 1231 5279 reliquo
1246 5216 1389 5267 excutiatur.
1412 5216 1544 5276 Sannyricu
1565 5216 1589 5266 in
1611 5212 1668 5267 Iliso
1684 5232 1714 5266 :·
1732 5218 1837 5267 Πελανον
