3967 5967
691 455 727 516 ΙΙ.
752 453 843 517 ΠΕΡΙ
864 450 1200 517 [ΙΑΡΑΙΙΡΕΣΒΕΙΑΣ.
1691 467 1749 517 εοε

143 590 191 637 τῶν
207 584 344 656 βουλευτῶν
361 582 473 653 έγίνοντο
485 582 527 635 καί
540 583 564 635 οἰ
578 584 703 653 πρυτάνεις
716 584 758 637 καὶ
771 584 795 637 οἰ
812 584 924 654 πρόεδροι
1007 583 1051 649 89.
1069 578 1207 632 Πάλλιστον
1215 577 1280 649 γάρ]
1289 580 1406 646 δηλονότι
1417 578 1448 633 τά
1454 580 1561 651 δημόσια
1566 583 1709 653 γράμματα.
1721 586 1752 637 Β.

147 662 195 717 άπὸ
210 663 303 734 κλήρου
321 661 383 716 κατὰ
397 661 486 732 φυλὴν,
499 662 532 723 ὡς
546 660 668 733 ἔγνωμεν.
680 664 762 719 FLM.
1009 657 1229 727 Κατευημερηκόις]
1251 655 1305 709 οἰυν
1331 657 1490 729 εὐδοκιμήσας
1511 657 1576 712 ίλεῖν
1599 657 1644 726 τῆν
1666 659 1754 725 ἰκκλη·

182 742 225 796 83.
247 739 424 813 Ιίριτόόουλος]
444 740 458 794 ό
472 740 655 812 Περαοόλίπτσυ
679 745 723 794 τού
741 740 837 812 θράκης
860 741 927 811 βασι·
971 736 1043 800 σίαν,
1060 734 1093 796 ὣς
1105 734 1185 796 καλῶς
1196 734 1411 807 πρεαόευσάμενος.
1423 737 1506 792 ml.

144 820 205 882 λέως
216 820 368 890 κρεαόευτής.
384 819 413 875 Β.
1006 815 1088 868 Ταῦτα
1107 813 1141 886 μή
1159 816 1252 886 ποιεῖν]
1270 817 1377 869 τουτέστι
1400 813 1433 887 μὴ
1458 815 1600 886 πολιορκεῖν
1620 816 1755 887 Ιίιρσοόλί·

178 898 587 971 Συναναγραφῆναι-συμμάχοις]
599 898 656 963 ἵνα,
666 901 748 969 ὥσπερ
759 898 783 951 οἰ
798 897 927 965 Ἀθηναίων
974 915 1047 963 πτην.
1063 898 1119 951 BL.

144 977 272 1048 σύμμαχοι
284 977 310 1030 οἰ
324 976 399 1029 άλλοι
412 974 524 1029 ἐδίδοσαν
542 977 628 1048 όρκους
640 980 692 1040 τοῖς
703 976 769 1049 παρά
786 976 925 1037 Φιλίππου,
1016 973 1104 1046 Ὠρεῷ]
1117 975 1166 1041 Τῆς
1177 973 1281 1035 Εύόυίις
1293 973 1364 1035 πόλις
1378 973 1471 1045 Ὦρεός.
1486 977 1550 1031 LM.

146 1054 210 1109 ούτω
223 1057 264 1109 καί
280 1055 466 1127 όίίριτόόουλος
479 1057 515 1128 δῷ
528 1054 586 1127 ίιπέρ
599 1055 798 1127 Περσοόλέπτου,
811 1056 844 1117 ὡς
858 1056 928 1116 όντος
1007 1054 1136 1124 Προξενίας
1153 1054 1406 1125 κατασκευαζόμενοι]
1420 1055 1547 1125 γινόμενοι
1558 1055 1678 1125 πρόξενοι.
1693 1056 1756 1125 Πρό-

145 1135 237 1189 ἔκςίνου
249 1135 302 1199 ἐνὸς
311 1142 358 1190 τῶν
371 1137 520 1207 συμμάχων.
535 1136 621 1192 BLM.
972 1130 1036 1194 ξενοι
1047 1132 1073 1185 δέ
1088 1130 1134 1184 εἰσι
1146 1131 1243 1185 πόλεων
1257 1129 1282 1183 οί
1293 1130 1318 1185 ἐν
1331 1133 1386 1194 ταῖς
1394 1130 1475 1185 αύτῶν
1489 1135 1587 1203 πατρίσι
1597 1139 1646 1187 τῶν
1659 1133 1756 1189 πόλεων

181 1218 226 1279 δή.
248 1213 420 1287 Ἔπιψηφιεῖν]
434 1214 508 1268 όπότε
526 1213 551 1267 ἰν
566 1218 597 1286 τῆ
612 1214 729 1285 ἐκκλησίᾳ
745 1213 856 1285 ψήφισμα
869 1230 928 1282 γρα·
973 1207 1071 1261 ἐκείνων
1086 1210 1277 1281 προϊστάμενοι,
1291 1205 1327 1262 ὧν
1340 1207 1386 1263 εἰσι
1399 1208 1520 1280 πρόξενοι.
1534 1212 1597 1267 LM,

147 1294 216 1363 φείη,
236 1292 403 1366 ἰπιψηφίζουσι
422 1294 540 1365 πρότερον
556 1292 616 1346 αύτδ
636 1293 660 1345 οἱ
674 1294 801 1364 πρόεδροι,
818 1289 874 1345 εἶτα
893 1295 928 1362 τῷ
1009 1308 1054 1360 9⁰·
1074 1290 1109 1343 Τδ
1126 1287 1201 1362 Ἱερόν
1216 1291 1286 1360 δρος]
1303 1289 1462 1361 Πρόφεταιτδ
1480 1289 1587 1361 Ἡραῖον
1601 1293 1665 1361 όρος.
1683 1292 1756 1345 Ἐστι
1784 1322 1786 1325 -

147 1372 221 1445 δήμῳ
239 1372 442 1442 ἀναγινώσκεται.
468 1370 634 1444 Ἐπιψηφίζειν
657 1372 683 1426 δέ
700 1375 752 1426 ἰστι
771 1373 800 1425 τό
825 1371 864 1425 ἐπί
878 1390 926 1423 τινι
973 1368 1000 1421 δέ
1011 1368 1073 1422 κατὰ
1089 1371 1170 1441 στόμα
1186 1370 1282 1423 Πόντου
1302 1369 1429 1441 ἐμπόριον.
1449 1371 1504 1426 BL.
1526 1372 1605 1434 Τόπος
1617 1377 1661 1440 τῆς
1682 1371 1758 1443 Ἀψιν-

146 1451 225 1521 ψῆφον
246 1452 334 1522 φέρειν.
356 1452 441 1506 BLM.
458 1450 541 1504 Οίονεί
560 1450 728 1518 ύπυόάλλειν,
745 1453 809 1505 ὥστε
823 1455 929 1520 κυρῶσαι
974 1447 1032 1500 θίων
1054 1450 1137 1518 χώρας
1151 1447 1177 1502 ἰν
1196 1447 1290 1522 θρᾴκῃ.
1310 1447 1436 1503 ΠαλεῖταιΥ
1449 1448 1476 1503 δέ
1502 1449 1669 1517 πληθυντικῶς
1694 1449 1760 1522 Ἱερὰ

148 1532 191 1585 τὸν
203 1532 234 1597 δῆ
255 1550 293 1586 ον.
305 1532 414 1587 BFLM.
973 1527 1029 1598 ύρη.
1043 1529 1107 1582 LM.

183 1551 487 1682 ὓύδέλύπιν-εἰρήνην]
499 1608 551 1663 ἐπεί
564 1615 589 1664 έν
601 1607 691 1679 ίικοήίᾳ
702 1604 732 1676 ῆν
746 1608 930 1678 Περσοόλίπτης
1010 1610 1056 1679 93.
1073 1606 1124 1675 Τὴν
1139 1607 1273 1681 ἰπιύολήν]
1289 1609 1366 1663 οίονελ
1387 1610 1478 1681 ζημίαν
1500 1611 1543 1664 καὶ
1562 1612 1706 1678 καταδίκην.
1726 1612 1757 1668 1².

148 1687 191 1752 (ού
202 1687 250 1760 γάρ
261 1690 291 1741 δν
300 1687 448 1760 ὡμήρευενό
460 1690 517 1750 παῖς
528 1686 628 1757 αύτού),
641 1687 669 1741 ού
683 1688 764 1750 καλῶς
776 1686 843 1758 έχει,
859 1687 929 1759 φησί,
975 1684 1027 1752 Τήν
1039 1687 1140 1757 ζημίαν,
1157 1686 1186 1739 τδ
1201 1685 1331 1757 ἐπιτίμιον.
1352 1690 1383 1743 Β.

149 1767 189 1819 διὰ
207 1766 235 1821 τό
256 1770 343 1820 τοῦτον
360 1764 511 1838 ἐγγραφῆναι
532 1765 664 1838 σύμμαχον
685 1766 784 1821 λύεσθαι
807 1763 851 1832 τήν
872 1767 931 1838 πρός
1011 1764 1062 1817 Οθκ
1082 1763 1196 1835 ἐπεξιὼν]
1224 1764 1269 1817 ούκ
1292 1764 1402 1831 εἰσῆλθες
1421 1762 1454 1827 εἰς
1474 1762 1518 1830 τήν
1539 1766 1565 1819 ἐν
1590 1763 1672 1837 Ἀρείῳ
1688 1767 1762 1838 πάγῳ

144 1845 273 1899 Φίλιππον
287 1844 396 1917 εἰρήνην.
411 1845 476 1899 LM.
976 1842 1079 1913 βουλήν.
1105 1841 1245 1915 ’Βγράψατο
1266 1842 1314 1915 γάρ
1334 1842 1348 1896 ό
1370 1844 1526 1914 Λημοσθένης
1547 1844 1695 1915 Δημομέλην
1718 1845 1762 1898 τόν

186 1922 249 1977 Ούδί
271 1924 486 1995 γινώσκειν-τῶν
506 1922 591 1993 ἱερῶν]
607 1920 640 1975 'H
654 1921 763 1986 σύνταξις
775 1923 852 1986 ούτως
866 1922 928 1994 ἔχει·
975 1919 1073 1992 άνεψιδν
1089 1921 1226 1992 τραύματος
1243 1920 1270 1974 ἐκ
1281 1922 1410 1993 προνοίας,
1421 1921 1463 1973 καί
1477 1922 1653 1992 δωροδοκηθεὶς
1661 1921 1705 1975 ούκ
1714 1922 1762 1975 εἰσ·

149 2003 191 2057 καί
205 2001 249 2055 ούκ
269 2000 313 2072 ἔφη
329 2003 458 2073 γινώσκειν
473 2001 528 2064 τούς
545 2003 768 2073 συνεφαπτομένους
779 2005 822 2069 τῆς
836 2001 932 2073 εἰρήνης
975 2000 1061 2068 ῆλθεν.
1078 1998 1214 2067 Ἐπιόολῆν
1228 2000 1255 2054 δέ
1270 2001 1347 2055 οίονελ
1364 2001 1454 2072 ζημίαν
1467 2001 1508 2054 καὶ
1521 2003 1664 2069 καταδίκην.
1678 2005 1742 2059 LM.

150 2083 235 2152 (λέγει
245 2079 273 2134 δέ
281 2080 324 2134 τόν
336 2079 540 2151 Περσυθλέπτην]
551 2083 633 2152 ὥσπερ
642 2080 670 2133 ού
682 2083 812 2152 γινώσκειν
822 2081 867 2153 ἔφη
879 2084 932 2144 τοῖς
1015 2078 1314 2153 Ἐπιτεμὼν-κιφαλήν]
1329 2080 1402 2134 θέλει
1417 2078 1494 2133 εἰπεῖν
1512 2079 1545 2142 ὡς
1556 2082 1595 2134 δτι
1607 2080 1663 2135 ούδέ
1680 2082 1695 2134 ό
1707 2080 1763 2135 άντ-

151 2162 279 2215 σπένδουσι
292 2160 347 2222 τούς
358 2162 582 2233 συνεφαπτομένους
593 2166 642 2214 τῶν
654 2160 735 2232 ίερῶν.
747 2162 778 2217 F.
797 2159 870 2215 Ἐπεί
879 2161 933 2232 ίερὰ
975 2159 1029 2231 ψιδς
1049 2158 1123 2213 αύτού
1136 2159 1309 2230 ἐτραυμάτισεν
1324 2158 1414 2223 αύτδν,
1436 2157 1494 2211 ἀλλ’
1513 2159 1585 2222 αύτός
1598 2159 1701 2224 έαντδν,
1719 2160 1763 2212 ἵνα

150 2242 244 2312 γίνεται
257 2239 282 2294 ἰν
298 2242 351 2304 τοῖς
368 2241 448 2312 θρκοις
459 2244 502 2308 τῆς
521 2240 663 2312 συμμαχίας
675 2240 717 2293 καλ
734 2240 839 2311 εἰρήνης.
877 2240 932 2312 Οθχ
976 2240 1149 2313 συκοφαντήαη
1175 2241 1280 2297 ἐκεῖνον.
1300 2242 1387 2299 FLM.
1406 2239 1570 2292 Διαόάλλεται
1586 2239 1663 2311 γδρό
1679 2242 1762 2311 Δημο·

151 2320 210 2391 όρῶ,
224 2320 297 2390 φησί,
307 2319 350 2373 τὀν
361 2319 502 2392 σύμμαχον,
512 2321 540 2382 δς
549 2318 628 2373 αἰτῶν
639 2320 722 2391 μόνων
729 2325 778 2373 τῶν
791 2319 862 2391 ἱερῶν
875 2318 932 2390 ἐφά·
977 2323 1062 2389 σθένης
1074 2322 1107 2383 ὣς
1126 2319 1248 2393 ἰπιτεμίυν
1269 2321 1356 2375 έαυτοῦ
1369 2317 1414 2386 τήν
1423 2316 1532 2389 κεφαλήν
1544 2319 1666 2391 ἰγρόήατο
1681 2322 1762 2392 Δημο-

153 2419 250 2464 πτεται,
265 2401 346 2471 ὥσπερ
358 2398 382 2452 οἰ
396 2401 549 2466 σπένδοντες,
562 2399 595 2462 ὡς
621 2398 650 2453 ού
663 2402 833 2471 παρεχομένου
847 2398 933 2452 ἐαυτδν
978 2402 1066 2474 μέλην.
1079 2400 1130 2454 Ἦν
1144 2400 1171 2454 δέ
1183 2401 1331 2473 Δημομίλης
1351 2399 1447 2472 άνεήιδς
1464 2398 1550 2456 αἰτοῦ.
1563 2402 1626 2456 LM.

153 2483 195 2533 τοῦ
206 2478 388 2551 Περσούλίπτου
403 2477 436 2540 εἰς
445 2478 526 2532 τάλλα
540 2477 570 2531 τὰ
583 2477 730 2550 συμμαχικὰ
743 2478 833 2531 δίκαια.
854 2479 917 2533 LM.
1013 2481 1130 2547 Τούτοις]
1140 2481 1192 2542 τοῖς
1205 2481 1332 2542 δικασταῖς
1348 2478 1390 2531 καί
1404 2482 1456 2541 τοῖς
1468 2480 1660 2551 περιεστηκόσιν.
1676 2479 1764 2551 Γράφε·

191 2555 530 2629 Ἀποδοθῆναι-έκιιλησίαν]
540 2556 608 2623 Ἤδη
618 2556 666 2627 γάρ
675 2555 881 2628 προεγεγένητοί]
897 2554 935 2609 έκ·
977 2579 1019 2614 ται
1033 2561 1074 2613 καί
1088 2564 1172 2613 τοῦτο.
1189 2562 1246 2616 BL.

152 2639 256 2705 κλησία,
270 2635 295 2690 έν
315 2634 331 2710 ή
345 2636 400 2707 περί
414 2639 457 2704 τῆς
472 2635 568 2708 εἰρήνης
582 2633 753 2701 ἰόουλεύοντο,
775 2635 830 2688 καθ’
844 2636 874 2703 ῆν
890 2635 933 2689 τδν
1015 2638 1108 2707 Πόθος]
1122 2637 1151 2690 ού
1163 2637 1203 2691 διδ
1216 2637 1245 2692 τδ
1255 2637 1282 2692 ἐκ
1291 2637 1442 2699 παλλακίδος
1456 2636 1536 2703 εἶναι,
1552 2637 1619 2690 άλλίι
1630 2638 1659 2692 τό
1674 2638 1700 2692 ἐκ
1713 2640 1766 2691 δια·

154 2717 318 2790 ίίριτόόυυλον
333 2715 401 2778 άξιοῖ
408 2715 607 2786 παραγενόμενον
624 2715 680 2767 τότε
695 2713 734 2768 ἐπὶ
749 2714 839 2781 ταύτην
859 2713 935 2768 ύπαν-
978 2717 1054 2788 φόρου
1063 2718 1157 2788 γένους,
1166 2714 1407 2788 ὥσπαρτδνήμίονον
1418 2717 1526 2787 λέγομεν
1534 2718 1607 2770 νόθον
1617 2717 1692 2775 εἰναι.
1701 2720 1763 2775 LM.

155 2799 215 2861 τᾶν,
229 2792 264 2866 μή
275 2796 316 2848 ότι
329 2792 409 2861 ἐκείνη
424 2791 517 2859 ἐξῆκεν.
533 2791 700 2862 Κριτόόουλος
713 2792 740 2846 δέ
753 2792 936 2864 Περαοόλέπτου
1016 2800 1061 2866 91..
1085 2795 1268 2867 Ἀμφικτύονας]
1284 2796 1322 2849 θτι
1341 2796 1448 2864 θηόαῖοι
1459 2796 1500 2850 καί
1519 2796 1642 2851 θετταλολ
1659 2798 1701 2851 καί
1717 2799 1765 2851 Λο·

154 2879 197 2928 τοῦ
210 2872 304 2944 Θρφκδς
314 2871 432 2943 βασιλέως
443 2870 597 2944 πρεσύευτής.
616 2873 680 2927 LM.
981 2875 1035 2945 κροί
1052 2878 1158 2941 συνῆσαν
1174 2881 1210 2947 τῷ
1225 2874 1343 2946 Φιλίπιαρ
1362 2873 1529 2946 Ἀμφικτύονες
1548 2875 1624 2938 ὄντες.
1666 2873 1710 2928 Ἐκ
1722 2880 1766 2929 τοῖν

191 2952 237 3004 Παλ
247 2951 303 3013 τούς
319 2949 641 3022 προέδρους-καλούντων]
655 2952 721 3011 δπως
735 2948 882 3014 άναστάντες
902 2951 936 3005 εἰΙ
981 2950 1026 3007 υύν
1049 2958 1148 3026 μερικού
1172 2961 1207 3027 τῷ
1221 2960 1297 3027 κοινῷ
1315 2952 1419 3027 ὀνόματι
1436 2960 1486 3009 τῶν
1506 2953 1683 3026 Ἀμφικτυόνων
1696 2954 1767 3026 έχρή·

157 3051 224 3085 ποιεν
237 3032 253 3083 δ
266 3035 439 3102 προαιροῦνται
452 3030 511 3102 πρός
528 3030 695 3102 Δημοσθένην·
712 3025 785 3093 ούτος
800 3028 848 3102 γάρ
862 3029 937 3098 ῆναν-
983 3053 1054 3088 σατο.
1071 3036 1155 3090 ml.

156 3111 435 3184 τιυύτοτῇέπιήηφίσει,
448 3112 511 3167 LM.
1022 3113 1231 3187 Ἐξομοσάμενος]
1247 3114 1290 3167 σύν
1311 3115 1378 3186 θρκῳ
1396 3113 1565 3185 διωσάμενος.
1582 3113 1638 3169 BL.
1656 3111 1766 3186 Ἐξωμο·

192 3191 236 3247 85.
260 3188 306 3243 Ἐν
321 3196 357 3263 τῷ
375 3191 530 3263 στρατηγίῳ]
546 3188 623 3252 Οἰκός
635 3208 670 3251 τις
683 3189 800 3260 δημόσιος
817 3184 862 3256 ήν,
880 3188 939 3242 ἔνθα
983 3192 1025 3244 σία
1036 3191 1087 3246 ἰστί
1100 3193 1153 3264 μεθ’
1166 3193 1240 3263 όρκου
1252 3192 1361 3262 άρνησις.
1372 3190 1534 3263 Ἀντωμοσία
1547 3190 1574 3245 δί
1585 3190 1625 3244 ἐπὶ
1636 3190 1714 3258 δίκης,
1726 3191 1768 3244 διδ

156 3272 274 3343 συνήεσαν
286 3268 310 3322 οἱ
322 3269 471 3341 στρατηγοὶ,
485 3271 567 3340 ὥσπερ
580 3267 671 3340 άρχεῖα
681 3267 785 3322 ἐκάλουν
802 3267 861 3322 ἔνθα
869 3269 941 3341 αυνή·
983 3269 1013 3324 τό
1026 3269 1130 3343 ὀμνύναι
1147 3270 1289 3342 ίκατίρους,
1301 3271 1344 3324 τόν
1363 3269 1406 3341 μέν
1423 3270 1577 3343 ἰγκαλούντα
1596 3271 1635 3324 ότι
1648 3268 1767 3337 ἠδίκηκε,

158 3370 215 3403 εααν
231 3349 256 3402 οί
265 3348 391 3421 άρχοντες.
406 3350 514 3404 BFLM.
983 3348 1027 3401 τδν
1041 3349 1066 3402 δέ
1080 3347 1262 3422 ἐγκαλούμενον
1275 3350 1313 3403 ότι
1323 3346 1446 3416 ἠδίκηται.
1462 3348 1493 3401 Οἱ
1505 3348 1532 3403 δί
1545 3345 1587 3414 τὴν
1604 3347 1645 3402 ἰπί
1655 3350 1769 3420 πράγμα·

192 3432 235 3484 θό.
259 3426 314 3481 Ἀπδ
323 3433 371 3481 τῶν
382 3426 453 3498 ἱερῶν
463 3430 473 3495 ]
483 3426 534 3479 Νῦν
544 3424 597 3497 ἰερά
606 3424 711 3495 λέγειτθ
723 3424 800 3497 ἱερεῖα
811 3424 841 3480 τά
852 3425 941 3478 καλού-
985 3446 1023 3479 σιν
1037 3425 1215 3498 άμαρτυρήτοις
1226 3426 1268 3479 καί
1290 3426 1461 3497 ἀνεπιγράφοις
1479 3426 1512 3489 εἰς
1526 3428 1599 3497 όρκον
1613 3429 1768 3497 περιϊσταμί-

158 3525 219 3578 μενα
235 3507 326 3577 τόμια,
349 3506 404 3558 καθ’
417 3501 454 3557 ὧν
465 3506 574 3576 ὤμνυον.
613 3502 650 3558 Ἦ
666 3504 737 3575 ἱερῶν
758 3502 825 3576 λέγει
837 3509 886 3557 τῶν
901 3504 941 3559 ἐπί
985 3527 1030 3573 νην
1042 3508 1129 3576 δίκην,
1142 3507 1177 3578 ἐφ’
1191 3503 1207 3580 fi
1222 3506 1271 3560 ἴσοι
1287 3508 1367 3578 κριταί
1379 3508 1527 3569 δικάζουσιν·
1543 3506 1605 3561 ένιοι
1618 3506 1661 3572 δί,
1672 3508 1714 3560 δτε
1730 3506 1769 3563 ἰπί

157 3587 209 3647 τοῖς
222 3585 303 3654 ὅρκοις
316 3583 450 3652 θυομένων.
465 3583 550 3639 BLM.
985 3586 1098 3658 δημοσίῳ
1116 3584 1194 3656 άγῶνι
1216 3588 1384 3658 σκηπτομένου
1406 3585 1471 3648 τινδς
1489 3588 1591 3658 κάμνειν
1612 3585 1627 3639 ό
1649 3585 1770 3648 άντίδικος

194 3668 238 3733 87.
259 3661 319 3715 Κατ’
338 3660 592 3733 άνδρδς-ύμετέρου]
611 3662 664 3715 κατ’
686 3660 786 3731 άνδρδς,
803 3663 830 3725 δς
840 3663 942 3732 πολίτης
988 3666 1185 3736 άνθυπόμνυται,
1202 3667 1302 3736 φάσκων
1327 3664 1401 3719 αύτδν
1425 3667 1627 3736 προσποιεῖσθαι,
1650 3665 1693 3719 καί
1716 3666 1771 3736 περὶ

159 3742 224 3797 ἐστίν
239 3739 360 3806 Ἀττικός,
372 3740 401 3793 ού
413 3741 520 3809 Σκύθης,
534 3741 739 3812 ὧςΔηροσθὲνης.
758 3744 791 3798 Β.
986 3744 1073 3798 τούτου
1096 3743 1304 3815 διαλαμύάνουσιν
1322 3744 1347 3797 οἰ
1367 3745 1486 3799 δικασταί.
1506 3746 1570 3801 Lm.
1585 3756 1612 3798 οι
1624 3747 1661 3808 Β,
1677 3746 1771 3816 inquo

197 3819 256 3874 Ἐπί
269 3819 420 3892 Παλλαδίῳ]
438 3819 496 3874 Ἔπί
505 3821 584 3893 τούτῳ
594 3820 718 3892 ἐκρίνοντο
733 3820 757 3872 οί
772 3820 884 3875 ἀκούσιοι
897 3824 942 3894 φό·
986 3835 1118 3896 postrema
1132 3824 1168 3877 ita
1179 3823 1278 3878 habeut
1289 3840 1296 3877 ι
1355 3822 1474 3896 ἠδίκημαι
1488 3825 1504 3890 ῆ
1517 3825 1555 3878 ότι
1568 3823 1585 3891 ῆ
1599 3824 1670 3886 πόλις
1686 3823 1770 3892 άδίκη·

160 3921 207 3955 νοι.
244 3900 275 3953 (λί
288 3898 352 3953 δίἰν
361 3899 645 3972 τούτῳτῷδικαστηοίῳ
658 3901 797 3964 δικάζοντες
809 3899 943 3956 ἐκαλοῦντο
986 3922 1042 3968 ται,
1063 3901 1362 3975 εἰρηταιάντωμοσία.οί
1378 3903 1517 3969 δί,δτιίπ’
1532 3902 1770 3976 άδικήμασινάμαρ-

160 3980 257 4051 ἐφέται,
279 3977 391 4041 ἰδίκαζον
406 3978 433 4032 δὲ
447 3977 562 4032 άκουσίου
580 3980 656 4050 φόνου
676 3979 717 4032 καί
735 3979 884 4050 βουλεύσεως
903 3982 944 4035 καὶ
987 3983 1098 4053 τυρήτοις
1108 3982 1150 4037 καί
1162 3982 1347 4054 άνεπιγράπτυις
1360 3983 1393 4046 εἰς
1407 3985 1492 4055 θρκους
1508 3985 1676 4056 παρεσταμίνη
1695 3985 1768 4050 δίκη,

160 4058 255 4127 οἰκέτην
268 4058 285 4125 ῆ
297 4060 410 4131 μέτοικον
423 4058 439 4126 ῆ
454 4057 520 4119 ξένον
537 4057 718 4113 ἀποκτείναντι.
760 4057 905 4131 Ὠνομάσθη
917 4060 943 4114 δέ
988 4062 1024 4134 ἐφ’
1038 4057 1053 4135 ᾖ
1068 4064 1122 4116 ύσιι
1142 4061 1223 4134 κριταί
1234 4063 1385 4126 δικάζουσιν·
1407 4063 1469 4117 ένιοι
1486 4064 1526 4130 δί,
1544 4067 1582 4118 ότι
1593 4064 1634 4119 έπί
1651 4067 1772 4137 δημοσίου

161 4137 280 4191 ἐντεῦθεν.
321 4134 424 4209 Ἀργεῖοι
442 4137 471 4191 τδ
486 4137 629 4191 Παλλάδιον
651 4137 751 4209 ἔχοντες
764 4139 792 4193 τό
805 4137 853 4193 άπδ
868 4137 944 4193 Ἰλίου
988 4140 1084 4212 ἀγῶνος
1096 4145 1139 4196 τοῦ
1149 4142 1281 4213 φεύγοντος
1292 4145 1461 4214 σκηπτομένου
1472 4145 1513 4197 καί
1522 4144 1689 4214 όμνύοντος,ό
1704 4144 1771 4197 άντί-

162 4218 202 4270 καί
215 4216 242 4270 ἐκ
262 4218 350 4290 Τροίας
366 4216 572 4291 ἀνακομιζόμεναι
596 4220 737 4291 ὡρμίσαντο
756 4219 888 4293 Φαληροῖ,
903 4222 944 4275 καλ
988 4222 1063 4283 δικος.

162 4297 248 4358 αύτούς
261 4303 309 4350 τῶν
323 4297 452 4369 ἐγχωρίων
471 4299 533 4362 τινές
548 4297 666 4360 άκυυσίως
684 4298 835 4369 ἀναιροῦσιν.
848 4300 943 4353 Μενόν-
1028 4300 1077 4372 Ἀφ’
1089 4295 1117 4367 ής
1127 4294 1188 4366 ήκον
1200 4302 1345 4374 πρεσύείας]
1359 4301 1437 4355 οἷονεί
1452 4305 1495 4368 τῆς
1507 4303 1632 4371 προτέρας.
1646 4302 1677 4357 F.

163 4396 211 4428 των
221 4376 248 4429 δέ
260 4375 299 4430 ἰπλ
308 4376 385 4430 πολύν
397 4380 488 4449 χρόνον
497 4384 545 4431 τῶν
559 4383 650 4448 νεκρῶν
660 4377 813 4450 άδιαφθόρων
821 4379 862 4431 καί
874 4378 945 4451 άψσύ·
1025 4381 1089 4452 Πρδς
1100 4380 1127 4434 δί
1138 4377 1182 4444 τὴν
1196 4378 1303 4449 βουλήν]
1322 4382 1395 4451 Ἀρεία
1415 4380 1464 4452 γάρ
1484 4376 1514 4447 ήν
1530 4379 1591 4449 μετὰ
1607 4378 1651 4445 τὴν
1663 4400 1772 4451 χειροτο-

163 4474 227 4508 στων
238 4454 285 4508 ίιπδ
294 4456 398 4525 θηρίων,
409 4457 690 4528 πολυπραγμονήσαντες
704 4457 729 4510 οἰ
739 4456 856 4528 ἰγχιίιριοι
867 4457 945 4529 έγνω·
990 4460 1043 4511 νίαν
1056 4463 1099 4512 τοῦ
1108 4457 1188 4528 δήμου
1203 4455 1301 4510 εἰσιέναι
1316 4458 1371 4518 τούς
1382 4459 1490 4527 πρέσύεις
1501 4456 1534 4519 εἰς
1551 4455 1596 4523 τήν
1614 4456 1716 4527 βουλήν,
1729 4460 1772 4511 ἰ’να

163 4555 209 4587 σαν
221 4535 276 4606 παρ’
294 4533 441 4605 Ἀκάμαντος
455 4538 493 4590 ότι
505 4535 608 4607 Ἀργεῖοι
623 4532 696 4604 ήσαν,
710 4538 790 4591 καὶτὸ
804 4538 946 4591 Παλλάδιον
990 4537 1126 4607 ἰπικυρωθῆ
1140 4533 1249 4601 αύτοῖςή
1263 4534 1352 4598 ἶξθῧνς.
1368 4538 1390 4593 F
1392 4538 1453 4591 LM.

165 4621 274 4692 εύρόντες
292 4620 423 4692 ίδρύσαντό
434 4640 460 4675 τε
479 4622 543 4692 παρά
559 4626 589 4693 τῆ
614 4620 700 4693 Ἀθηνᾷ
713 4627 745 4695 τῇ
760 4624 892 4694 Φαληροῖ,
906 4626 947 4678 καί
1026 4618 1070 4686 95.
1094 4614 1278 4686 Ἀψευδεῖν]ίλύ
1294 4615 1362 4685 λέγει
1376 4614 1419 4686 ἰμέ
1435 4614 1561 4685 πρύετοῦς
1576 4613 1772 4686 15⁰&thssssssss-

164 4701 220 4763 τούς
231 4700 329 4771 νεκρούς
349 4700 466 4771 θάψαντες
479 4701 633 4770 δικαστήριον
648 4700 764 4769 ἐποίησαν
781 4701 835 4757 ἐκεῖ
843 4707 895 4768 τοῖς
908 4705 946 4760 ἐπί
992 4696 1080 4748 ῦαΰθαῑ
1093 4692 1117 4747 tf
1129 4712 1158 4763 ΤΕ
1170 4691 1296 4763 imm,
1309 4692 1375 4745 ἇδίἆ
1384 4693 1440 4755 τοίς
1454 4691 1592 4761 Ἀθηναίους
1601 4692 1771 4765 ἐμῠῦθῐυῦθῆ·

166 4781 273 4852 άκουσίῳ
284 4780 353 4851 φόνῳ
363 4780 502 4851 φεύγουσιν,
517 4781 578 4835 LM.
992 4794 1046 4840 ναι,
1056 4770 1116 4845 ἰν’ή
1129 4772 1262 4843 ψευσθῆναι
1273 4775 1390 4838 ποιῆσαι,
1405 4774 1465 4844 ὅπερ
1475 4773 1587 4845 ἄμεινον.
1603 4774 1664 4827 LM.

203 4858 363 4929 Πατίδειξαν]
374 4859 508 4922 ἀπέδειξαν.
527 4862 559 4915 Β.
1028 4857 1072 4923 9⁶·
1087 4852 1198 4921 Ταύτης]
1209 4850 1274 4918 Assm
1285 4849 1350 4905 ίσῐίί
1364 4851 1380 4918 θ
1393 4853 1461 4924 ῒθίῖθ
1476 4852 1598 4924 θθῑῦθῑία·
1616 4852 1671 4907 BL·

202 4939 355 5009 Τέμνεντας]
369 4938 399 4991 τά
411 4938 464 5010 ἱερὰ
479 4940 554 5011 τόμια
564 4938 673 5009 λέγουσι.
687 4939 788 5009 Τέμνειν
802 4938 828 4992 δέ
846 4940 874 4993 το
885 4941 948 4994 θύειν
1032 4931 1089 4986 Ἐπί
1102 4929 1211 5001 ww]
1226 4929 1271 4997 ῖθθ
1283 4932 1405 5002 δῑθῖίθαν·
1419 4933 1474 4987 BL·

167 5018 198 5070 ιλ
210 5019 291 5089 τόμια.
305 5020 367 5075 LM.
1030 5039 1073 5091 97.
1093 5019 1226 5091 Ὗστέραν]
1235 5019 1290 5073 ἀντὶ
1301 5025 1344 5073 τοῦ
1355 5021 1477 5090 δευτέραν.
1493 5021 1523 5074 F.

204 5099 247 5150 88.
267 5096 303 5148 'fl
318 5100 380 5165 που]
393 5098 457 5151 πολύ
466 5098 549 5152 πλέον.
564 5099 594 5154 F.
1031 5121 1074 5171 99.
1087 5100 1317 5170 Στρωματόδεσμκ]
1329 5101 1344 5150 ἃ
1358 5099 1481 5169 καλοῦμεν
1495 5099 1519 5152 έν
1530 5102 1561 5169 τῆ
1573 5100 1686 5168 συνηθείᾳ
1701 5118 1775 5169 στρω-

205 5174 254 5246 Ἀρ’
278 5171 338 5245 οἰν]
360 5175 410 5230 ίλύκ
437 5177 502 5232 ἔστιν
516 5177 628 5249 ἔμψυχον
651 5177 718 5230 τουτὶ
735 5177 763 5231 τὸ
787 5179 877 5247 χωρίον
900 5179 951 5231 ούδ’
998 5179 1250 5252 ματοδεσματόφελλα
1264 5180 1296 5245 (θ)
1309 5179 1351 5230 καί
1363 5176 1499 5247 άόελτέρικ.
1518 5180 1577 5233 FM.

171 5251 297 5319 mqovmv.
311 5257 373 5310 LM.
1035 5258 1163 5330 Βάταλος]
1179 5258 1340 5327 Πλούταρχος
1357 5256 1382 5309 ἓν
1395 5262 1431 5327 τῷ
1444 5259 1610 5327 Δημοσθένους
1624 5258 1669 5328 βίῳ
1683 5262 1716 5321 (c.
1730 5258 1771 5325 (5)-
