3967 5967
797 429 937 489 Σλθλίλ
959 431 1024 490 ΕΙΣ
1044 430 1318 493 ΔΗΜΟΣΘΕΝΙΙΝ.

415 588 487 640 χχχιΙ
509 585 583 638 [ηρρη
601 584 666 638 TssN
685 584 888 641 HMMONQN·
1087 582 1177 633 γμασι,
1195 565 1235 618 διὰ
1248 565 1276 617 τδ
1295 562 1328 634 μὴ
1341 564 1407 634 ἐχειν
1417 566 1518 636 δύναμιν
1535 567 1624 619 καὶδιά
1634 568 1662 621 τδ
1679 569 1871 639 τοδςἝλληνας

1087 643 1145 711 πρδς
1156 641 1249 695 ἐκεῖνον
1266 645 1362 713 μᾶλλον
1377 644 1473 713 βλέπειν
1491 647 1506 711 ἢ
1521 647 1579 716 πρδς
1590 647 1659 717 ὑμᾶς.
1689 648 1740 701 Ούκ
1751 649 1870 721 ἀπέχεται

302 730 366 797 178,
387 743 410 781 1.
431 726 461 778 01
476 726 519 797 μέν
535 727 695 789 ἐπαινοῦντες,
708 724 823 797 ῶάνδρες
840 725 973 794 Ἀθηναῖοι,
988 725 1043 786 τούς
1086 720 1113 772 δὲ
1132 721 1188 774 ούδέ
1209 729 1252 775 τοῦ
1275 723 1368 776 δικαίου
1391 722 1416 775 ἐν
1436 728 1619 796 τῇκατασκευῇ
1638 731 1681 780 τοῖν
1698 731 1869 799 συμφέροντος.

263 806 397 876 προγόνους
410 804 498 875 ἡμῶν]
513 803 542 857 '0
552 806 606 875 περί
619 810 668 858 τῶν
680 805 824 875 Συμμοριῶν
834 805 909 875 λόγος
919 804 1042 873 πρόδηλον
1091 797 1221 870 Ἆξιοῖγάρ
1233 801 1276 853 τδν
1289 802 1398 872 πόλεμον
1410 803 1504 855 δίκαιον
1519 806 1677 873 γενέσθαι-
1688 810 1762 859 τούτο
1779 810 1806 862 δέ
1817 808 1872 864 ἐστι

264 884 318 954 έχει
334 882 378 948 τήν
400 884 522 938 ύπόθεσιν.
561 884 689 936 Πέπεισται
707 882 755 952 γὰρ
775 882 877 952 όδήμος
895 882 1044 951 παρασκευά·
1087 878 1284 949 τδνόμιμον-,
1295 879 1375 932 καίτδ
1385 878 1417 949 μή
1428 880 1480 932 δεῖν
1492 881 1647 950 παραύαίνειν
1658 882 1743 946 αύτούς
1751 888 1872 953 συνθήκας

263 966 346 1025 ζεσθαι
360 964 459 1033 βασιλέα
474 968 516 1016 νύν
532 962 571 1016 ἐπί
589 960 633 1027 τήν
653 959 817 1014 Ἐλλάδακαλ
836 961 933 1032 μέλλειν
954 960 1045 1014 ἐπιέναι
1087 959 1213 1027 πρότερον.
1257 957 1292 1009 θλ
1312 955 1360 1028 μὴν
1379 958 1530 1028 ἐπεξέρχεται
1548 964 1621 1013 τοῦτο
1639 964 1747 1032 σφόδρα,
1771 964 1813 1016 διά
1839 969 1869 1020 1¹0

263 1046 321 1096 όσον
342 1044 448 1098 ούδέπω·
466 1045 504 1096 διδ
517 1042 558 1096 καλ
578 1042 728 1112 παρώξυνται
749 1041 790 1094 καί
809 1043 964 1111 προαπαντᾶν
979 1040 1045 1112 αύτῷ
1088 1038 1242 1094 εύλαόεῖσθαι
1261 1040 1305 1106 τὴν
1328 1042 1514 1112 συμόησομένην
1536 1042 1662 1099 ύπόνοιαν.
1699 1045 1799 1113 Οέηθείη
1820 1049 1871 1119 γάο

263 1124 318 1194 περί
332 1123 376 1189 τήν
390 1123 477 1176 Λυδίαν
492 1124 584 1192 κέκρικε
598 1121 640 1173 καί
657 1125 699 1174 τοῦ
717 1120 825 1191 πολέμου
841 1122 971 1189 κατάρχειν
984 1118 1041 1185 ήδη.
1087 1118 1116 1169 ἀν
1131 1137 1165 1180 τις
1180 1119 1252 1172 αύτδν
1268 1123 1430 1191 χαριζόμενον
1446 1121 1547 1190 βασιλεῖ
1556 1124 1682 1192 πειρᾶσθαι
1695 1126 1814 1178 δεικνύναι
1834 1102 1869 1198 μῆ

263 1202 417 1271 Δημοσθένης
438 1201 464 1255 δέ
484 1200 575 1254 σκοπδν
595 1200 637 1271 μέν
651 1199 704 1270 ἔχει
724 1199 832 1252 κωλῦσαι
847 1199 888 1250 καί
903 1197 947 1264 τὴν
965 1196 1043 1269 ὁρμήν
1087 1199 1273 1267 παραόεόηκότα
1289 1198 1332 1261 τάς
1348 1196 1406 1269 πρδς
1419 1200 1474 1261 τούς
1487 1199 1615 1267 Ἕλληνας
1627 1205 1791 1273 γεγενημένας
1803 1205 1872 1259 αύτιῖν

264 1279 402 1351 ἀποτρέψαι.
428 1281 546 1341 Δεδοικὼς
561 1279 587 1333 δέ
599 1282 642 1331 τοῦ
653 1279 732 1349 δήμου
746 1276 789 1343 τήν
803 1275 1043 1348 ῥοπὴν-χαλεπὸν
1086 1277 1213 1342 συνθήκας.
1259 1278 1420 1348 Ἐνδιατρίόει
1444 1277 1470 1330 δέ
1492 1284 1527 1350 τῷ
1548 1280 1645 1344 δυνατῷ
1669 1282 1774 1351 μᾶλλον,
1798 1264 1869 1338 ούδέν

262 1358 311 1429 γάρ
328 1354 358 1425 ήν
373 1359 529 1411 ἀνθίστασθαι
542 1360 622 1420 ζέοντι
638 1388 687 1422 -,
703 1356 757 1410 ούδέ
776 1363 881 1427 φανερῶς
902 1355 1043 1427 ἀποτρέπειν
1087 1349 1161 1420 ήττον
1173 1355 1309 1427 ἐμφανίζων
1323 1358 1364 1409 καί
1376 1357 1416 1408 διά
1430 1357 1516 1409 τούτου
1528 1358 1556 1410 εδ
1569 1359 1673 1422 δίκαιον,
1694 1359 1722 1411 τδ
1736 1362 1819 1430 μέντοι
1839 1382 1870 1432 γε

260 1436 304 1489 καί
319 1437 456 1507 συντρέχειν
471 1438 549 1489 δοκῶν
565 1439 597 1507 τῆ
614 1439 701 1507 γνώμῃ
716 1435 813 1489 κωλύει.
852 1437 906 1497 Πῶς
925 1434 954 1502 δή
969 1441 1042 1490 τοῦτο
1059 1454 1061 1459 ’
1087 1436 1216 1505 συμφέρον,
1227 1436 1337 1506 ὡςέφην,
1350 1435 1391 1488 διά
1398 1437 1490 1489 τούτων
1501 1436 1613 1490 ἁπάντων
1625 1444 1758 1509 παραινῶν.
1774 1441 1869 1511 Τδγάιρ

262 1517 346 1579 ποιεῖς
365 1516 507 1585 προστάττει
523 1515 744 1583 παρασκευάζεσθαι
763 1514 803 1566 καί
819 1513 876 1566 ἀνευ
889 1519 937 1566 τῶν
953 1512 1044 1579 Ἕλλή-
1088 1516 1131 1585 (p.
1144 1531 1208 1584 179,
1222 1516 1255 1585 7)
1273 1538 1283 1562 ι
1299 1514 1321 1567 εί
1330 1516 1426 1584 γένοιτο
1440 1512 1538 1585 ἐναργές
1546 1534 1569 1568 τι
1579 1515 1620 1568 καί
1630 1516 1743 1586 σαφέςῶς
1756 1519 1869 1588 βασιλεύς

264 1612 312 1645 νων
328 1592 360 1663 μὴ
379 1594 520 1663 ἐπιχειρεῖν,
535 1592 578 1644 ἵνα
589 1597 624 1663 τῷ
641 1592 683 1662 μέν
704 1591 875 1662 συμδουλεύειν
896 1595 1044 1663 παρασκευά·
1090 1614 1101 1641 ε
1118 1592 1266 1646 ἐπιόουλεύει
1284 1596 1336 1655 τοῖς
1349 1592 1475 1660 Ἕλλησι,
1495 1596 1550 1647 τότε
1569 1594 1611 1646 καί
1624 1597 1812 1665 συμμαχήσουσι
1826 1600 1869 1651 καί

262 1673 345 1733 ζεσθαι
358 1673 419 1743 δοκῆ
432 1672 581 1740 συντρέχειν,
594 1669 666 1741 τῷδέ
677 1670 734 1722 άνευ
748 1675 795 1722 τῶν
815 1667 944 1735 Ἑλλήνων
959 1668 992 1740 μὴ
1006 1691 1042 1723 κι-
1089 1696 1101 1720 ι
1117 1673 1299 1743 ὁμονοήσουσιν
1312 1675 1452 1743 δεῖγματοῦ
1462 1672 1523 1742 μήτε
1530 1674 1770 1742 παραόεόηκέναιτάς
1777 1679 1868 1744 σσνθή·

263 1750 357 1801 νεῖσθαι
368 1749 485 1820 λαμπρῶς
497 1748 649 1818 ἀποτρέπειν,
667 1750 729 1800 ῶστε
741 1751 784 1813 τῆς
797 1751 839 1813 τῆς
853 1749 991 1815 δεινότητος
1004 1769 1044 1819 με·
1087 1771 1130 1813 κας
1143 1752 1186 1804 τδν
1207 1752 1308 1821 βασιλέα
1328 1751 1389 1822 μήτε
1409 1751 1466 1812 τούς
1482 1751 1608 1817 Ἕλληνας
1632 1754 1661 1803 άν
1684 1752 1798 1819 ἐθελῆσαι
1815 1760 1870 1818 τοῖς

262 1830 336 1882 θόδου
350 1830 459 1899 μετέχειν
478 1828 583 1889 πωςτδν
598 1827 686 1897 λόγον.
724 1827 776 1879 Καί
789 1827 915 1897 σχήματος
931 1830 1042 1880 τοιοῦτόν
1090 1827 1220 1897 ’λθηναίοις
1230 1831 1413 1900 συνεπαμύνειν·
1427 1826 1463 1882 ὧν
1473 1829 1502 1881 τδ
1513 1831 1555 1900 μέν
1567 1830 1618 1883 ἐστι
1632 1832 1685 1900 περί
1695 1831 1737 1893 τάς
1750 1835 1870 1900 συνθήκας

262 1906 326 1960 ἐστιν
341 1905 407 1968 εἶδος
418 1907 460 1958 καί
470 1906 535 1976 παρὰ
546 1906 681 1978 θουκυδίδη
695 1905 720 1959 ἐν
732 1910 763 1977 τῆ
776 1906 829 1958 κατ’
846 1904 988 1976 Ἀρχίδαμον
1003 1908 1044 1974 δη-
1086 1909 1128 1960 καί
1138 1909 1167 1961 εδ
1179 1910 1294 1979 νόμιμον,
1308 1909 1336 1962 εδ
1350 1907 1375 1961 δὲ
1389 1907 1452 1960 κατδι
1464 1905 1508 1972 τὴν
1519 1910 1671 1978 συμμαχίαν,
1688 1912 1745 1980 ὅπερ
1759 1910 1811 1965 ἐστὶ
1823 1919 1869 1966 τοῦ

263 1991 411 2060 μηγορίατή
425 1989 520 2058 πρώτῃ·
536 1985 633 2056 καλγάρ
649 1985 760 2047 κάκεῖνος
771 1986 849 2037 δοκῶν
865 1984 904 2038 ἐπί
915 1985 958 2039 τδν
972 1986 1045 2039 πόλε-
1086 1988 1202 2041 δυνατοῦ·
1219 1987 1260 2039 καί
1271 1989 1309 2040 ότι
1320 1986 1461 2039 τούναντίον
1473 1987 1653 2057 πολεμήσουσιν
1665 1987 1725 2059 ἡμῖν
1741 1993 1792 2060 μετ’
1804 1991 1868 2044 ἐκεί-

263 2084 309 2138 μον
321 2070 460 2138 προτρέπειν
470 2065 539 2118 ούδέν
551 2059 625 2131 ήττον
635 2063 785 2117 ἀνθίσταται.
813 2064 929 2117 Τοιοῦτον
941 2064 967 2117 δέ
977 2062 1044 2126 εἶδος
1086 2085 1129 2118 νου
1150 2066 1174 2119 σί
1197 2065 1334 2133 Ἕλληνες,
1354 2065 1375 2118 εί
1396 2066 1633 2136 προαπεχθησόμεθα
1653 2065 1733 2138 ἡμεῖς.
1770 2069 1816 2121 Καὶ
1838 2071 1867 2124 τ“ο

261 2146 326 2217 παρὰ
335 2149 387 2208 τοῖς
397 2146 519 2214 νεωτέροις
529 2143 572 2197 ούκ
582 2145 611 2196 άν
624 2163 659 2206 τις
671 2144 744 2214 εύροι,
758 2143 798 2195 διά
809 2143 839 2196 τδ
850 2143 894 2209 τήν
905 2143 1041 2216 ύπερδολῆν
1086 2142 1181 2213 σύμπαν
1195 2143 1221 2197 δέ
1234 2150 1409 2214 στοχαστικῶς.
1447 2142 1482 2195 Ού
1495 2143 1542 2214 γάρ
1559 2143 1715 2213 ἀποφαίνεται
1729 2146 1868 2208 ύντωςέπι.

261 2233 304 2293 τῆς
313 2227 450 2291 δεινότητος
460 2229 509 2276 τῶν
518 2224 629 2276 παλαιῶν
640 2221 672 2294 μή
683 2223 769 2294 ῥᾳδίως
777 2222 919 2277 ύποπίπτειν
930 2225 1040 2294 μιμήσει,
1086 2220 1208 2273 δουλεύειν
1220 2221 1261 2273 ιδν
1279 2221 1379 2291 βασιλέα
1389 2222 1441 2282 τοῖς
1451 2219 1587 2287 Ἕλλησιν,
1605 2221 1672 2286 ἀλλ’,
1688 2221 1769 2288 ἐπειδὴ
1787 2227 1868 2279 πέπει.

260 2303 309 2355 Δύο
331 2298 375 2354 ούν
394 2301 511 2372 σχήματα
526 2302 723 2372 παραδεδώκασιν
743 2299 804 2370 ἡμῖν
825 2307 935 2371 κρυπτῶν
957 2302 1042 2373 λόγων
1086 2299 1169 2351 σταιό
1188 2301 1265 2370 δῆμος
1290 2298 1331 2351 καί
1354 2298 1464 2368 άντικρυς
1482 2301 1685 2369 παρρησιάζεσθαι
1704 2301 1732 2353 ού
1747 2303 1865 2369 δύναται,

261 2382 416 2452 Δημοσθένης
437 2381 479 2432 καί
498 2380 693 2446 Θουκυδίδης-
708 2373 776 2432 ούτοι
797 2379 844 2449 γάρ
863 2381 902 2433 ἐπί
922 2383 1042 2447 δεινότητι
1085 2378 1139 2430 καθ’
1152 2378 1264 2432 ύπόθεσιν
1284 2378 1326 2430 καί
1346 2377 1417 2440 αύτδς
1439 2376 1609 2448 ἀπολαμόάνει
1629 2378 1718 2448 λέγων,
1738 2401 1748 2427 ι
1769 2380 1801 2431 EI
1817 2382 1867 2451 άρα

261 2467 310 2513 τῶν
324 2461 409 2512 ἀλλων
422 2460 613 2530 διήνεγκαν-’
628 2461 654 2512 ἐν
668 2458 710 2530 μέν
724 2464 812 2523 τούτο,
827 2462 1041 2533 δπροειρήκαμεν,
1088 2457 1235 2527 «ἐγχειρεῖν
1254 2459 1370 2527 διέγνωκε
1391 2459 1443 2518 τοῖς
1462 2456 1571 2523 Ἕλλησι
1590 2457 1713 2527 βασιλεύς,
1737 2480 1748 2505 ν
1770 2464 1807 2528 τῷ
1831 2461 1868 2512 δυ

261 2536 287 2589 ἐν
301 2534 322 2609 ᾧ
334 2539 413 2590 δοκῶν
428 2558 464 2599 τις
474 2539 612 2608 συντρέχειν
626 2536 731 2601 κωλύει,
744 2537 785 2589 καί
800 2535 850 2589 ἐστι
868 2538 925 2607 πρδς
940 2540 1042 2610 μίμησιν
1085 2543 1188 2608 σταγμῷ
1199 2535 1243 2602 τήν
1254 2537 1390 2607 προθυμίαν
1401 2534 1512 2605 τραύνων
1523 2536 1564 2587 καί
1577 2537 1718 2588 καταπαύων
1732 2534 1776 2601 τήν
1786 2536 1867 2607 ἀργὴν

261 2617 465 2687 δυσχερέστατον·
485 2617 574 2669 δέδωκε
592 2615 619 2669 δέ
636 2614 685 2684 ίδίᾳ
698 2614 845 2682 θουκυδίδης
863 2617 905 2668 καί
920 2617 1042 2687 έτερον,δ
1085 2636 1115 2688 τη
1131 2621 1258 2687 μεσότητι·
1274 2613 1330 2687 ἐνῷ
1345 2615 1386 2668 καί
1404 2614 1510 2681 τὴντῶν
1527 2613 1658 2680 Ἑλλήνων
1680 2612 1783 2676 ἐξετάζει
1802 2621 1868 2686 γνώ-

261 2693 372 2763 ἀντικρύς
385 2693 448 2747 ἐστιν
463 2691 511 2746 ἀπδ
525 2697 568 2745 τού
580 2692 704 2756 ἐναντίου,
717 2686 771 2744 οίον
782 2692 810 2744 τδ
823 2691 848 2744 ἐν
860 2695 891 2764 τῇ
902 2693 1043 2765 δημηγορίᾳ
1086 2715 1145 2765 μην,
1163 2698 1192 2764 ῆν
1211 2700 1254 2748 νῦν
1268 2695 1365 2765 έχουσι,
1383 2693 1416 2764 μὴ
1438 2695 1590 2754 πιστεύοντες
1605 2693 1706 2763 βασιλέα
1727 2696 1865 2764 στρατεύειν

261 2773 356 2825 Νικίου.
394 2773 441 2825 Καὶ
458 2773 505 2843 γάρ
520 2771 545 2825 ἐν
565 2772 643 2845 ἐκείνῃ
658 2772 829 2843 συμόουλεύων
850 2773 890 2825 καί
902 2776 1042 2844 προτρέπων
1085 2773 1124 2827 ἐπί
1137 2773 1181 2839 τήν
1199 2774 1319 2828 Ἐλλάδα.
1356 2774 1427 2826 Οὕτω
1445 2773 1488 2843 μέν
1502 2767 1546 2824 ούν
1564 2773 1681 2843 διῴκηται
1695 2771 1724 2824 τ“ο
1742 2775 1864 2844 συμφέρον

263 2853 336 2918 δῆθεν
353 2851 426 2905 πλεῖν
443 2851 482 2906 ἐπί
493 2849 537 2916 τὴν
552 2851 664 2903 Σικελίαν
676 2857 711 2923 τῷ
728 2852 823 2921 μεγέθει
840 2856 881 2918 τῆς
893 2856 1043 2922 παρασκευῆς
1085 2852 1150 2924 αύτῷ
1163 2852 1211 2906 άπδ
1223 2857 1265 2905 τοῦ
1276 2854 1380 2904 δυνατοῦ
1392 2851 1433 2903 καί
1446 2855 1489 2904 τοῦ
1500 2851 1593 2903 δικαίου
1607 2850 1684 2910 πάσας
1694 2849 1753 2919 έχον
1768 2850 1810 2912 τὰς
1820 2871 1866 2903 κα-

260 2931 403 2985 τοθναντίον
419 2930 555 3002 ἐργάζεται.
587 2927 659 2982 Ἐκεῖ
668 2928 710 2999 μὲν
725 2923 768 2981 ούν
781 2928 839 2982 ύλον
851 2929 880 2982 τδ
892 2928 957 2991 εἶδος
965 2935 1044 2983 τοιού·
1084 2931 1215 2995 τασκευὰς,
1230 2932 1262 2993 ῶς
1274 2930 1457 3002 προηγούμενον
1474 2929 1516 3000 μέν
1532 2927 1597 2981 εἶναι
1609 2927 1638 2981 τδ
1651 2930 1779 2999 συμφέρον,
1791 2928 1865 2999 ἐμπε·

261 3012 304 3063 τόν
316 3008 367 3062 ἐστι
376 3009 417 3061 διά
429 3012 473 3061 τού
486 3006 595 3061 ἐναντίου
602 3046 610 3073 ,
624 3004 682 3079 ἐνῷ
695 3008 791 3078 μεγάλα
803 3006 878 3060 αἰτῶν
892 3007 936 3060 ούκ
950 3007 979 3078 ἐᾷ
997 3007 1041 3074 τὴν
1084 3013 1227 3080 ριεχόμενον
1241 3010 1267 3063 δέ
1281 3011 1310 3062 τδ
1324 3010 1418 3061 δίκαιον
1438 3008 1479 3060 καὶ
1492 3006 1519 3060 τδ
1543 3007 1656 3058 δυνατόν.
1694 3006 1769 3077 Πέρας
1781 3007 1802 3056 δ’
1820 3002 1864 3059 ούν

262 3087 345 3150 ἐξοδον
358 3089 481 3159 γίνεσθαι·
498 3086 601 3140 ἐνταῦθα
611 3086 638 3140 δέ
652 3087 789 3159 συντρέχειν
801 3087 878 3139 δοκῶν
890 3086 931 3139 καί
944 3088 1041 3157 μεταόι-
1085 3087 1171 3150 ἐπιθείς
1188 3092 1240 3151 ταῖς
1251 3088 1348 3149 οἰκείαις
1360 3089 1453 3141 πίστεσι
1468 3086 1588 3156 λοιμόάνει
1608 3085 1667 3155 πρδς
1685 3084 1713 3138 τδ
1733 3085 1864 3156 κεφάλαιον

260 3167 342 3229 ύάζων
361 3163 406 3232 τήν
426 3167 535 3219 διάνοιαν
550 3171 598 3219 τῶν
620 3165 744 3236 ἀκροατῶν
760 3163 799 3218 ἐπί
818 3169 968 3236 παρασκευῆς
984 3169 1042 3236 πρό-
1084 3165 1128 3232 τήν
1141 3167 1260 3221 ἀντίθεσιν
1274 3172 1316 3221 τοῦ
1328 3168 1503 3237 συμφέροντος,
1516 3165 1623 3234 ὁμογενῆ
1637 3169 1671 3234 τῷ
1682 3164 1804 3235 κεφαλαίῳ
1820 3185 1864 3235 με·

261 3266 330 3300 νοιαν
346 3247 388 3300 καί
401 3246 538 3318 ἐπιμέλειαν
551 3253 599 3299 τῶν
613 3247 712 3299 δικαίων
728 3248 824 3317 μεθόδῳ
837 3244 882 3312 τήν
901 3246 1041 3318 ἀποτροπήν
1085 3248 1198 3308 θοδεύσας
1218 3243 1303 3311 αύτὴν,
1329 3246 1377 3315 ούχ
1398 3246 1430 3306 ῶς
1447 3243 1578 3308 ἀντίθεσιν,
1598 3242 1655 3294 ἀλλ’
1676 3243 1709 3304 ώς
1727 3242 1864 3314 ἐπιτίμησιν

260 3327 302 3379 διίι
315 3332 358 3395 τῆς
370 3327 482 3393 τοιαύτης
496 3326 637 3398 μελλήσεως
649 3326 691 3378 καὶ
703 3325 775 3391 ήθους
793 3325 834 3377 καί
848 3324 984 3396 ἐπιμελείας
1003 3327 1041 3398 ἐρ·
1084 3324 1142 3393 πρδς
1163 3326 1217 3386 τούς
1238 3324 1348 3396 ῥήτορας.
1386 3324 1416 3376 Τί
1434 3324 1460 3376 δέ
1480 3342 1552 3392 φησιν
1559 3342 1567 3386 ;
1595 3344 1606 3371 ι
1630 3324 1682 3382 τοῖς
1703 3320 1729 3373 δέ
1747 3322 1865 3390 θρασυνο·

259 3409 378 3477 γάζεται,
395 3406 448 3461 οίόν
463 3406 515 3460 ἐστι
526 3407 568 3459 καί
579 3407 608 3460 τδ
626 3405 691 3468 εἶδος
702 3410 746 3459 τοῦ
763 3406 856 3476 λόγου,
870 3407 903 3467 ὡς
916 3406 985 3476 ἔφην,
999 3406 1042 3458 καί
1087 3424 1098 3451 ι
1118 3405 1197 3474 μένοις
1219 3404 1259 3455 καί
1281 3406 1373 3475 σφόδρα
1392 3403 1509 3472 πολιμεῖν
1532 3401 1670 3454 κελεύουσιν
1693 3398 1772 3453 ἐκεῖνο
1797 3400 1865 3472 λέγω

260 3491 304 3541 τοῦ
323 3491 365 3555 τῆς
387 3486 519 3557 Ἀχιδάμου
541 3486 700 3557 δημηγορίας.
739 3485 861 3554 Κέχρηται
882 3483 908 3536 δέ
929 3485 1042 3553 διαιρέσει
1084 3483 1131 3552 (p.
1150 3486 1211 3547 180,
1230 3484 1306 3551 5).κ
1348 3483 1414 3550 Αθτη
1434 3482 1499 3536 ἐστίν
1513 3480 1529 3547 ή
1545 3479 1674 3541 ἀντίθεσις.
1712 3478 1866 3549 Βουλόμενος

261 3573 341 3637 μερῶν
354 3567 463 3638 τοιαύτη.
502 3565 548 3617 Ἓν
565 3564 608 3636 μέν
624 3565 752 3630 πεποίηται
770 3564 908 3633 προοίμιον,
925 3562 1041 3632 ούδεμίαν
1083 3560 1109 3613 δὲ
1122 3559 1196 3626 αὐτὴν
1210 3560 1242 3631 μὴ
1255 3560 1425 3633 πραγματικὴν
1439 3564 1540 3627 ποιῆσαι
1557 3560 1614 3629 μηδ’
1630 3557 1700 3628 ίσχδν
1724 3558 1786 3628 αύτῆ
1797 3578 1862 3629 περι-

259 3643 395 3715 δμοιότητα
406 3644 491 3696 διόλου
504 3643 563 3714 ἐχον
576 3642 634 3713 πρδς
646 3643 674 3695 τδ
688 3646 731 3694 τοῦ
744 3642 891 3694 θουκυδίδου
900 3642 1039 3711 προοίμιον,
1085 3641 1163 3692 θεῖναι
1179 3642 1308 3694 διαύάλλει
1326 3640 1401 3707 αύτῆν
1417 3641 1442 3694 ἐν
1462 3645 1493 3712 τῆ
1512 3641 1576 3693 θέσει
1592 3639 1633 3691 καὶ
1644 3638 1703 3708 πφδς
1721 3638 1776 3699 τοδς
1792 3637 1806 3707 ρ
1824 3658 1865 3691 το-

259 3723 293 3785 ὣς
303 3729 351 3775 τῶν
365 3724 411 3794 πφδ
424 3722 494 3793 ήμῶν
512 3721 574 3784 τινές
587 3722 713 3793 ᾠήθησαν,
728 3719 813 3782 ὀλίγας
831 3721 857 3772 δέ
876 3738 941 3780 τινας
953 3720 1043 3789 προτά-
1083 3738 1125 3789 ρας
1140 3720 1182 3773 τδν
1201 3721 1278 3791 λόγον
1290 3726 1409 3785 ποιεῖται,
1426 3721 1459 3781 ῶς
1472 3723 1513 3771 νῦν
1526 3718 1569 3789 μέν
1589 3718 1790 3788 θρασυνομένους,
1807 3718 1863 3770 τότε

260 3821 309 3864 σεις
328 3803 414 3874 όμοίας
434 3806 522 3874 μόνας,
543 3801 689 3862 κατασκευάς
708 3800 734 3853 δέ
752 3800 797 3866 ούχ
814 3800 912 3871 όμοίας,
928 3799 983 3853 ούδέ
1000 3802 1041 3862 τάς
1083 3802 1105 3852 δ’
1122 3801 1147 3855 ἐν
1169 3804 1220 3863 τοῖς
1239 3802 1357 3862 κινδύνοις
1371 3798 1572 3860 ἀποδειλιῶντας,
1595 3801 1630 3867 τῷ
1649 3795 1691 3865 μέν
1708 3797 1790 3847 δοκεῖν
1805 3795 1863 3865 πρός

260 3882 346 3944 αύτάς·
367 3886 430 3937 ώστε
444 3885 506 3937 πάνυ
527 3882 590 3935 πολύ
603 3883 725 3934 διεστάναι
744 3879 788 3946 τὴν
810 3881 871 3947 όλην
888 3880 983 3932 ἔννοιαν
999 3886 1042 3949 τῆς
1083 3881 1137 3941 τούς
1148 3879 1248 3951 ῥήτορας
1259 3879 1349 3950 λέγων,
1362 3881 1393 3949 τῆ
1407 3878 1429 3930 δ’
1441 3876 1544 3946 ἀληθεία
1557 3876 1615 3944 πρδς
1634 3874 1674 3927 τδν
1687 3871 1808 3944 ἀκροατήν
1825 3875 1864 3927 αέ·

260 3961 354 4024 ἐννοίας
370 3963 411 4014 καί
424 3960 468 4028 τήν
482 3962 600 4028 διοίκησιν
616 3960 707 4027 ἐκείνης
720 3963 762 4026 τῆς
774 3959 923 4025 διοικήσεως.
958 3957 1043 4013 Ἐπαι-
1084 3963 1223 4030 νιττόμενος
1237 3961 1275 4012 ότι
1288 3959 1315 4012 ού
1329 3960 1370 4011 δεῖ
1381 3958 1555 4028 θρασύνεσθαι,
1571 3955 1613 4006 ίνα
1626 3951 1659 4024 μή
1674 3958 1825 4025 μεταγνῶσιν
1837 3953 1863 4007 ἐν

261 4044 303 4095 νεῖ
316 4042 343 4096 δέ
362 4041 517 4114 Δημοσθένης
537 4040 565 4092 ού
582 4039 625 4102 τάς
650 4038 758 4110 πράξεις,
786 4038 852 4091 ἀλλά
872 4040 914 4101 τάς
937 4037 1039 4111 ἀρετάς,
1083 4041 1135 4100 τοῖς
1156 4039 1236 4109 ἔργοις
1257 4040 1395 4109 γενόμενοι,
1432 4034 1496 4089 Εἶτα
1514 4034 1584 4103 ἑτέρᾳ
1605 4033 1673 4086 λύσει
1696 4034 1813 4101 κέχρηται
1832 4037 1865 4104 τῇ

261 4121 426 4194 αἰνιττόμενος
436 4125 487 4185 τοῖς
496 4121 623 4174 ἀκούουσιν
636 4121 673 4174 ότι
685 4119 716 4171 δι’
727 4119 852 4172 εύόουλίαν
865 4120 953 4173 ἐκεῖνοι
962 4121 1042 4173 πάντα
1084 4116 1131 4170 άπδ
1144 4122 1186 4170 τοῦ
1197 4118 1310 4169 δυνατοῦ.
1349 4116 1448 4186 Μερίζει
1458 4113 1484 4168 δέ
1498 4114 1525 4167 τδ
1539 4113 1641 4166 δυνατδν
1657 4111 1689 4174 είς
1699 4113 1727 4165 τδ
1739 4113 1860 4182 χαλεπὸν,

261 4202 434 4273 κατώρθωσαν,
457 4203 552 4272 ἐνάγων
570 4201 625 4263 τούς
644 4200 775 4261 ἀκούοντας
792 4198 969 4269 ἀσφαλέστερον
988 4201 1042 4270 βου·
1086 4196 1140 4264 [ότι
1151 4195 1282 4266 δυσχερὲς]
1296 4194 1320 4248 ἐν
1335 4198 1386 4256 τοῖς
1396 4193 1488 4247 ἐκείνου
1500 4194 1581 4253 τόποις
1597 4190 1724 4262 πολεμεῖν,
1740 4195 1783 4243 τοῦ
1795 4192 1864 4262 τριή-

260 4280 391 4335 λεύσασθαι
406 4282 452 4354 πρδ
470 4288 518 4334 τῶν
537 4280 626 4352 ἐργων.
664 4280 698 4333 Tb
715 4278 845 4350 κεφάλαιον
865 4278 931 4341 εύθύς
947 4280 997 4333 ἐστι
1012 4280 1040 4332 τδ
1083 4296 1130 4346 ρεις
1145 4274 1261 4336 τοσδιύτας
1273 4275 1314 4327 καὶ
1327 4276 1461 4345 χρημάτων
1473 4273 1565 4339 πλῆθος
1578 4272 1619 4325 καί
1629 4271 1763 4340 ἐπικαίρους
1777 4270 1864 4333 τόπους

260 4361 389 4430 συμφέρον,
403 4359 462 4431 ἐχον
476 4360 565 4426 ταύτην
580 4357 624 4425 τήν
637 4357 716 4429 ἀρχήν
736 4362 783 4430 (ρ.
801 4360 867 4427 178,
887 4357 946 4428 ατ)·
965 4381 975 4408 ι
990 4357 1040 4429 ἐγὼ
1085 4355 1095 4423 [
1105 4355 1287 4425 κεκτημένου]·
1305 4360 1340 4425 τῷ
1361 4352 1387 4405 δέ
1402 4352 1491 4423 βοιδίῳ,
1516 4352 1553 4403 ότι
1575 4349 1673 4410 εύκολος
1691 4346 1752 4418 ἡμῖν
1773 4348 1787 4399 ό
1805 4348 1863 4417 πρδς

264 4440 384 4508 «νομίζω
403 4439 485 4493 κοινδν
509 4440 623 4493 ἁπάντων
648 4438 736 4509 ἐχθρόν
758 4434 885 4490 εἶναιτῶν
912 4436 1040 4503 Ἐλλήνων
1083 4431 1176 4486 ἐκεῖνον
1197 4432 1264 4485 ἐσται
1280 4431 1403 4501 πόλεμος,
1424 4430 1445 4483 εί
1459 4429 1528 4490 αύτδς
1549 4428 1646 4482 ἐπέλθοι
1660 4432 1708 4480 τῶν
1733 4424 1861 4492 Ἑλλήνων

263 4518 428 4588 «βασιλέων
471 4517 502 4570 Ἦ
514 4519 539 4572 δὲ
551 4521 665 4589 πρότασις
676 4516 723 4570 ἀπδ
737 4520 780 4570 τού
792 4516 948 4580 δικαίου,ύτι
959 4517 1041 4579 άδικος
1083 4518 1153 4585 κοινῇ
1169 4513 1409 4583 συναγωνιζομένων.
1448 4508 1511 4562 Εἶτα
1525 4513 1560 4579 τῷ
1572 4508 1716 4577 συμφέροντι
1727 4505 1810 4569 πάλιν,
1824 4506 1862 4557 ότι

260 4597 515 4667 περίτοὶιςἽέλληνας
528 4597 648 4668 βασιλεύς.
677 4597 755 4649 Τοῦτο
769 4596 795 4650 δέ
807 4594 857 4649 ἐστι
869 4596 1041 4665 συντρέχοντος
1085 4594 1152 4646 «διὰ
1173 4598 1248 4646 ταῦτα
1260 4593 1340 4645 τοίνυν
1361 4596 1470 4661 παραινῶ
1485 4586 1517 4659 μὴ
1540 4588 1667 4657 προτέρους
1680 4583 1806 4638 ἀνελέσθαι
1818 4584 1860 4636 τδν

260 4678 333 4745 δῆθεν
347 4681 378 4749 τῇ
390 4683 477 4752 γνώμη
489 4684 537 4731 τῶν
550 4678 741 4749 παροξυνόντων.
752 4677 832 4730 TCV.
1085 4697 1096 4721 ι
1111 4674 1169 4743 πρδς
1183 4672 1275 4726 ἐκεῖνον
1289 4671 1408 4741 πόλεμον,
1423 4668 1488 4720 ἀλλὰ
1503 4666 1733 4738 παρασκευάζεσθαι.
1748 4686 1759 4713 ν
1782 4663 1861 4716 Πάλιν

298 4761 363 4826 178,
377 4763 422 4821 είς.
440 4758 475 4811 Ού
492 4757 540 4829 μήν
550 4758 590 4811 διὰ
601 4758 692 4827 ταῦτα]
705 4755 771 4808 ίίατδι
786 4754 865 4824 βραχύ
876 4753 903 4806 τδ
921 4755 1039 4824 συμφέρον
1083 4753 1109 4806 ἐκ
1129 4757 1171 4819 τῆς
1186 4752 1298 4823 ἐργασίας
1317 4750 1429 4802 ἀντέπεσε
1446 4749 1504 4818 πρὸς
1515 4751 1587 4799 τοῦτο
1599 4747 1627 4798 τδ
1646 4743 1792 4815 ἐπιχείρημα
1806 4744 1859 4797 ότι.

259 4840 431 4901 κατασκευάζει
449 4846 485 4912 τῷ
503 4840 589 4910 δικαίῳ
607 4837 647 4890 καί
667 4842 701 4907 τῷ
718 4837 825 4907 δυνατῷ,
847 4833 943 4905 μᾶλλον
965 4833 991 4885 δέ
1012 4833 1040 4885 τδ
1086 4831 1151 4885 Ἀλλ’
1166 4832 1206 4886 ἐὰν
1224 4829 1475 4902 παρασκευαζώμεθα,
1491 4825 1558 4879 ούδέν
1572 4818 1645 4890 ήττον
1662 4823 1762 4893 δόξομεν
1784 4823 1860 4892 αἱρεῖ-

260 4916 398 4990 ἀσύμφορον
417 4924 452 4991 τῷ
469 4918 588 4990 ἀδυνάτῳ.
626 4915 733 4969 Είώθασι
751 4914 776 4967 δὲ
794 4914 834 4968 καλ
853 4916 904 4975 τοῖς
924 4913 1040 4974 ἐναντίοις
1082 4913 1137 4963 σθαι
1153 4912 1276 4982 πόλεμον·
1300 4909 1323 4971 ἐξ
1339 4903 1368 4961 ού
1387 4908 1517 4977 συνάγεται
1535 4906 1563 4957 εδ
1584 4905 1673 4966 δεινόν,
1696 4902 1718 4954 εἰ
1737 4904 1778 4954 δεῖ
1793 4919 1862 4970 στρα-

260 4995 377 5068 όνόμασιν
392 4998 526 5069 ἀδιαφόρως
544 4997 583 5051 ἐπὶ
594 4995 686 5050 τούτων
699 4995 805 5065 χρῆσθαι
821 4993 845 5046 οί
860 4992 985 5063 τεχνικοί,
999 4993 1040 5045 καί
1081 4996 1191 5049 πείσεσθαι
1205 4994 1398 5064 συγκαλέσαντας
1414 4990 1468 5052 τοὺς
1482 4989 1618 5055 'Eum
1656 4988 1734 5039 Τοῦτο
1752 4985 1779 5037 τὸ
1794 4983 1860 5036 ἀντι.

260 5075 290 5127 τὸ
301 5075 439 5147 8868809ον
454 5079 571 5149 συμφέρον
587 5077 727 5146 ὀνομάζων
743 5074 784 5128 καί
798 5074 826 5127 ῖθ
838 5076 922 5126 ἆόῑῐθθ
933 5074 1037 5138 δίκαιον,
1081 5078 1170 5129 πῖπτον
1182 5074 1225 5127 ούκ
1239 5074 1311 5141 ἔθηκε
1326 5072 1368 5142 μέν
1385 5070 1411 5124 ἐκ
1425 5074 1467 5123 τοῦ
1487 5072 1638 5138 προφανοῦς,
1659 5065 1731 5117 ἔλυσε
1751 5063 1777 5117 δέ
1788 5082 1858 5132 φανε·

260 5154 351 5225 ὁμοίως
360 5156 386 5209 δέ
395 5156 435 5209 καί
445 5156 483 5211 ἐπί
492 5163 540 5212 τῶν
551 5158 652 5211 λοιπῶν.
693 5152 881 5225 Ἒιπανέλθωμεν
892 5149 935 5206 ούν
946 5153 985 5207 ἐπί
994 5151 1038 5218 τήν
1082 5161 1141 5225 ρῶς,
1156 5153 1228 5207 εἰπών
1245 5153 1288 5224 (p.
1307 5155 1371 5214 180,
1385 5154 1416 5212 τό
1427 5149 1445 5219 )
1463 5170 1474 5197 ¹
1489 5147 1510 5199 εί
1522 5147 1564 5218 μὲν
1579 5142 1622 5198 οὖν
1640 5145 1720 5215 ἕτερός
1730 5162 1764 5204 τίς
1775 5142 1861 5210 τρίπος

260 5235 385 5306 διαίρεσιν.
424 5237 458 5289 (λδ
469 5239 580 5309 συμφέρει
592 5239 699 5309 πρώτους
707 5235 769 5308 ύμοῖς
781 5233 901 5288 ἐπιθέσθαι
914 5235 966 5296 τοῖς
978 5235 1039 5304 πρά·
1086 5258 1097 5283 κ
1114 5230 1143 5300 ῆν
1158 5236 1299 5303 δυνάμεως,
1313 5227 1335 5303 ᾧ
1347 5229 1401 5291 τοδς
1414 5227 1547 5297 βαρθάρους
1558 5223 1610 5278 οἷόν
1624 5244 1650 5277 τε
1664 5219 1694 5289 ήν
1709 5221 1859 5294 ἀμύνασθαι,
