3967 5967
256 475 310 525 138

251 609 307 644 νου.
324 585 438 647 Ἔπειτα
453 587 584 666 ἐπερωτᾶν
599 591 648 663 με,
662 589 696 652 ὡς
711 584 761 664 ἐγὼ
775 586 953 663 πυνθάνομαι,
965 584 1027 662 μέλ·

250 676 307 746 λει,
328 674 367 740 τίς
383 673 414 731 δν
429 672 469 743 εἴη
483 679 594 738 τοιοῦτος
610 674 697 753 ἰατρὸς
710 674 779 740 ὅστις
790 679 827 754 τῷ
846 681 961 734 νοσοῦντι
977 697 1028 749 με·

252 760 315 829 ταίὺ
334 761 381 836 μὲν
398 764 544 819 ἀσθενοῦντι
557 762 639 836 μηδὲν
651 761 839 839 συμύουλεύοι,
853 765 1027 833 τελευτησαν-

219 875 232 912 ι
254 870 295 914 τος
309 847 336 906 δὲ
353 850 432 906 αὐτοῦ
449 846 529 906 ἐλθὼν
546 851 582 913 εἷς
596 848 629 906 τὰ
639 848 718 907 ἔνατα
732 848 819 917 διεξίοι
835 850 898 928 πρὸς
916 851 974 916 τοὺς
988 853 1025 908 οἰ·

252 935 333 1002 ,κείους
349 935 365 991 ἃ
380 934 550 1004 ἐπιτηδεύσας
565 935 637 1011 ὑγιὴς
651 936 683 994 ἂν
699 936 809 1014 ἐγένετο.
853 942 910 1013 (aaa)
923 938 1025 997 Σαυτδν

252 1023 313 1084 δ”
289 1047 335 1082 ουκ
348 1023 545 1104 ἀντερωτᾷς,’
519 1048 557 1090 τις
570 1024 601 1083 ἂν
613 1024 653 1096 ιίη
666 1025 820 1102 δημαγωγὸς
833 1032 946 1134 τφιοῦτος
957 1028 1027 1093 ὅστις

252 1109 296 1166 τὀν
310 1109 407 1221 μὲνη
375 1112 457 1185 δῆμον
472 1115 604 1170 θωπεῦσαι
624 1111 743 1185 δύναιτο,
762 1136 820 1179 τους
834 1135 861 1170 ο
879 1136 983 1223 καιρους
998 1116 1025 1172 ἐν

252 1187 326 1263 οἷς’
309 1222 340 1264 ην
359 1197 486 1267 σώζεσθαι
499 1195 546 1268 τὴν
568 1197 643 1256 πόλιν
659 1199 793 1271 ἀποδοῖτο,
808 1197 867 1265 τοὺς
885 1189 950 1257 δ”
921 1222 949 1257 εν
964 1221 1024 1305 φρφ·

250 1290 356 1350 νοῦντας
366 1284 462 1343 κωλύοι
472 1285 824 1363 διαῦαλλωνσυμὸουλεύειν,
837 1285 951 1365 ἀποδρὰς
961 1287 1008 1344 δ’
997 1309 1026 1344 εκ

250 1373 301 1429 τῶν
322 1371 445 1429 κινδύνων
460 1371 504 1429 καί
522 1373 570 1443 τὴν
588 1372 692 1432 πολιν’
678 1372 827 1444 ανηκέστοις
844 1382 935 1441 κακοῖς
952 1395 1025 1451 περι·

251 1457 339 1516 θαλὼν
354 1457 421 1526 ἀξιοῖ
437 1464 625 1538 στεφανοῦσθαι
637 1460 678 1517 ἐπ’
690 1463 787 1540 ἀρετῇ,
802 1459 898 1535 ἀγαθὸν
913 1460 960 1537 μὲν
974 1483 1026 1518 πε-

213 1564 237 1603 ιο
251 1545 364 1617 ποιηκὼς
376 1544 467 1623 μηδέν,
480 1547 585 1604 πάντων
600 1547 627 1606 δὲ
639 1551 690 1605 τῶν
702 1551 790 1607 κακῶν
802 1547 882 1614 αίτιος
895 1548 1023 1625 γεγονώς,

250 1632 390 1712 ἐπερωτῴη
405 1632 432 1691 δὲ
449 1631 508 1698 τοὺς
526 1635 764 1712 συκοφαντηθέντας
782 1637 812 1692 ἐκ
829 1639 877 1706 τῆς
894 1636 1025 1700 πολιτείας

251 1722 291 1778 ἐπ’
306 1719 408 1777 ἐκείνοιν
424 1724 475 1777 τῶν
489 1725 586 1800 καιρῶν
600 1720 637 1778 ὅτ’
651 1724 710 1792 ἐνῆν
725 1723 866 1794 σώζεσθαι,
881 1720 923 1779 διὰ
940 1721 1007 1778 τί’
978 1745 1024 1780 αυ-

250 1807 293 1864 τδν
305 1809 350 1865 οὐκ
362 1807 495 1864 ἐκώλυσαν
508 1805 707 1885 ἐξαμαρτάνειν·
720 1807 778 1885 (aar)
792 1807 983 1886 ἀποκρύπτοιτο
998 1806 1025 1866 δί

250 1894 279 1950 τὸ
289 1894 392 1951 πάντων
405 1895 561 1967 τελευταῖον,
575 1892 616 1951 δτι
627 1898 672 1962 τῆς
686 1894 773 1971 μάχης
784 1895 965 1970 ἐπιγενομένης
978 1896 1026 1954 οὐκ

250 1980 424 2060 ἐσχολάζομεν
441 1981 501 2058 περί
521 1978 568 2049 τὴν
587 1979 634 2049 σὴν
651 1971 716 2038 εἶναι
735 1981 872 2059 τιμωρίαν,
888 1984 945 2039 ἀλλ’
960 1981 1024 2060 ὑπὲρ

249 2072 295 2138 τῆς
306 2067 434 2147 σωτηρίας
445 2071 490 2137 τῆς
508 2066 605 2132 πολεως
621 2066 822 2145 ἐπρεσύεύομεν·
836 2066 964 2138 ἐπειδὴδὲ
978 2070 1026 2126 οὐκ

251 2154 354 2232 ἀπέχρη
370 2177 410 2211 σοι
429 2153 503 2224 δίκην
517 2152 553 2224 μδ,
569 2154 723 2224 δεδωκέναι,
740 2154 808 2211 ἀλλὰ
822 2155 866 2212 καὶ
878 2153 974 2234 δωρεὰς
984 2156 1024 2212 αῖ·

212 2259 236 2298 ιο
251 2242 301 2307 τεῖς
321 2241 516 2318 καταγέλαστον
537 2243 562 2298 ἐν
577 2245 629 2306 τοῖς
644 2238 760 2311 Ἕλλησι
774 2242 820 2313 τλν
833 2242 909 2301 πολιν
931 2246 1025 2318 ποιῶν,

251 2332 342 2388 ενταῦθ
345 2327 474 2399 ’ἐνέστην
486 2351 531 2385 και
521 2327 590 2398 τὴν
602 2327 733 2439 γραφὴν’
718 2352 863 2406 απηνεγκα

290 2408 1026 2528 ιιι.1ίι1ιὴιιὺςθειὺςτοὺςόλυμιιίιρς,ωνεγὼ

250 2501 413 2578 πυνθάνομαι
428 2501 595 2577 Δημοσθένην
610 2502 691 2569 λέξειν
694 2492 790 2583 ,”,’ἐφ
770 2526 792 2560 ω
810 2526 865 2560 νυνι
855 2502 969 2580 ’μεΛλω
982 2503 1026 2560 λε’·

251 2613 304 2666 γειν
317 2592 456 2667 ἀγανακτῶ
469 2590 594 2664 μάλιστα.
622 2589 754 2670 ’λφομοιοῖ
764 2590 814 2669 γάρ
829 2613 879 2666 μου
892 2588 980 2660 τὴν
949 2612 1026 2668 φυσιν

251 2677 306 2740 ταῖς
320 2679 451 2754 Σειρῆσιν,
465 2679 501 2741 ὡς
512 2674 590 2734 torae·
605 2676 653 2734 κοιλ
662 2675 713 2754 γάρ
723 2679 767 2734 ὑπ’
780 2676 883 2733 ἐκείνοιν
896 2677 926 2734 οῦ
936 2677 1025 2747 κηλεῖ·

252 2762 311 2820 σθαί
325 2784 389 2841 φησι
404 2761 463 2829 τοὺς
478 2762 658 2841 ἀκροωμένους
674 2762 731 2820 ἀλλ’
747 2763 923 2834 ἀπόλλυσθαι,
937 2763 1026 2840 διόπερ

250 2851 305 2906 οὐδ’
318 2850 463 2925 εὐδοκιμεῖν
483 2847 530 2920 τὴν
549 2853 600 2909 τῶν
615 2849 748 2929 Σειρήνων
767 2848 908 2926 μουσικήν·
928 2851 974 2909 καὶ
992 2849 1024 2922 δὴ

210 2952 238 2990 so
250 2936 295 2993 καί
306 2936 353 3007 τὴν
365 2940 416 2993 τῶν
428 2935 512 3013 λύγων
523 2937 660 3015 ἐμπειρίαν
676 2937 721 2995 καί
737 2938 784 3008 τὴν
797 2938 872 3018 φύσιν
888 2960 938 3014 μου
951 2960 1024 3014 γεγε·

250 3028 343 3093 νῆσθαι
357 3024 401 3081 ἐπὶ
421 3023 508 3104 βλάὸῃ
520 3029 572 3083 τῶν
593 3023 748 3086 ἀκουόντων.
776 3024 870 3085 Καίτοι
882 3025 926 3083 τὸν
949 3025 1026 3102 λόγον

747 466 933 525 ΑΙΣΧΙΝΟΥ
950 468 975 524 0
995 467 1096 525 ΚΑΤΑ
1121 469 1404 535 ΚΤΗΣΜῺΝΤΟΣ.

1685 478 1853 558 ιιι-ιω

1072 597 1097 647 ln
1106 598 1204 650 urinis
1221 603 1293 652 rebus
1312 605 1380 654 ιιονίι
1394 603 1525 655 studerem.
1545 607 1578 656 bt
1592 605 1672 667 ετΙιιι,
1685 611 1713 658 ut
1723 610 1806 672 andiu,
1820 623 1850 661 ετ

1072 689 1112 725 nre
1121 691 1191 740 porro
1199 681 1345 742 quaesiturus
1352 685 1397 744 eat,
1409 684 1487 746 qualis
1496 683 1536 734 ille
1546 685 1653 736 medium
1663 687 1791 738 muudus
1808 690 1849 750 sit,

1072 758 1114 815 qul
1126 769 1189 817 egro
1200 758 1291 807 interea
1301 758 1360 809 dum
1369 764 1469 822 aegrotet
1478 760 1538 811 nibil
1550 761 1592 811 det
1604 763 1694 813 οοιιεθίί
1701 799 1709 826 ,
1721 768 1849 827 postquam

1074 843 1130 880 vero
1145 834 1241 895 obierit,
1260 834 1291 883 ud
1307 836 1402 886 iuterim
1422 838 1537 888 amedeus
1554 840 1644 887 mortui
1665 842 1805 891 necessariis
1822 855 1851 892 ea

1073 913 1254 973 commemoret,
1285 926 1340 973 quae
1365 913 1385 962 si
1413 927 1477 976 aeger
1502 915 1650 966 observasset
1673 919 1846 969 convaluisset.

1073 984 1142 1046 (tto)
1157 987 1192 1035 Te
1212 987 1289 1049 lpsum
1301 1002 1358 1037 reru
1370 1001 1417 1039 non
1429 993 1513 1041 contra
1525 1006 1607 1054 rogas,
1624 994 1703 1054 qualis
1719 994 1760 1044 ille
1769 997 1849 1057 reipu-

1072 1059 1142 1110 blicre
1160 1062 1340 1114 administrator
1361 1067 1401 1125 sit,
1423 1067 1465 1129 qni
1486 1069 1601 1130 populum
1617 1069 1739 1120 blanditbs
1749 1071 1850 1124 delinire

1072 1138 1146 1198 ιοίοις
1158 1141 1276 1202 tempora,
1285 1142 1467 1203 quibuscirltas
1483 1145 1618 1194 conservari
1637 1150 1744 1209 poterat,
1765 1149 1848 1199 rendl-

1070 1214 1148 1277 den't;
1162 1217 1227 1267 eires
1240 1219 1285 1267 rita
1295 1219 1426 1271 sentientes
1445 1222 1616 1272 calumniando
1629 1227 1769 1276 necomitia
1784 1241 1849 1278 oom-

1071 1293 1851 1360 munioentdeterreat;qui,quumpericulistimldeaembtraxerit

1070 1381 1169 1431 remque
1178 1370 1299 1432 publicam
1307 1373 1479 1423 insanabilibus
1489 1377 1604 1426 erumnis
1613 1378 1750 1440 implicant,
1763 1395 1791 1432 se
1801 1384 1849 1432 rir-

1069 1446 1128 1494 tutis
1145 1458 1203 1508 ergo
1214 1461 1303 1496 corona
1324 1448 1462 1498 donandum
1480 1464 1533 1499 esse
1550 1454 1680 1502 contendat
1685 1459 1849 1517 ,quamnibil

1070 1534 1175 1584 unquam
1187 1523 1242 1571 boni
1260 1524 1355 1585 lecerit,
1374 1527 1483 1575 omnium
1504 1541 1562 1577 vero
1580 1531 1747 1581 calamitatum
1763 1538 1848 1586 auctor

1070 1601 1267 1649 unusexstlterit·
1261 1602 1576 1666 ,quinunceosinterroget
1585 1620 1626 1667 qur
1620 1607 1682 1656 iltis
1691 1611 1849 1675 temporibus,

1069 1674 1156 1737 quibus
1173 1676 1256 1725 civitas
1271 1678 1359 1726 servari
1374 1682 1480 1741 poterat,
1494 1693 1509 1730 a
1527 1682 1648 1743 republica
1662 1684 1849 1740 administranda

1069 1753 1193 1802 alumno
1202 1752 1294 1815 depulsi
1305 1757 1376 1815 sunt,
1386 1768 1430 1804 cur
1444 1757 1489 1805 sibl
1504 1759 1633 1819 quominus
1642 1760 1849 1824 delinqueretnon

1068 1828 1220 1879 obstiterint?
1251 1833 1317 1895 (²27)
1327 1832 1483 1896 quidcunque
1491 1838 1570 1884 celare
1578 1836 1687 1901 οιιιθοεθ,
1700 1852 1848 1903 quumprm

1069 1912 1129 1962 lium
1138 1919 1324 1977 superrmtssct,
1334 1917 1412 1966 otium
1423 1918 1492 1967 nobis
1501 1931 1549 1967 non
1557 1919 1629 1969 tuisse
1636 1920 1667 1970 de
1674 1924 1718 1971 tuo
1730 1924 1850 1986 supplicio

1069 1999 1204 2060 cogitandi,
1218 1998 1260 2048 sed
1277 2000 1307 2049 de
1320 2001 1397 2049 salute
1412 1999 1516 2049 civitatis
1536 2002 1619 2063 legatis
1630 2002 1678 2050 buc
1697 2003 1755 2053 illuc
1772 2005 1850 2056 misus

1069 2081 1143 2142 egisse
1155 2096 1162 2130 τ
1173 2095 1257 2130 verum
1270 2082 1392 2132 enimvero
1403 2083 1500 2144 quaudo
1510 2082 1555 2132 tibi
1571 2096 1619 2132 non
1631 2085 1690 2134 satis
1704 2089 1851 2149 maimanis

1069 2176 1118 2213 non
1129 2162 1234 2223 dedisse,
1250 2164 1378 2236 ιιῖεῖιοιὶοιιι
1396 2167 1421 2214 et
1436 2164 1536 2226 praemia
1553 2178 1663 2227 posceres
1678 2168 1850 2231 deitatemque

1069 2249 1175 2295 nostram
1185 2246 1275 2295 Graecis
1287 2246 1400 2296 omnibus
1407 2245 1561 2297 deridendam
1570 2249 1698 2311 objiceres,
1713 2253 1768 2301 tum
1781 2253 1849 2303 deni·

1070 2345 1118 2394 que
1126 2332 1169 2382 tibi
1185 2332 1300 2381 ο1ιν1οιιιΙ
1294 2346 1326 2381 ιιι
1320 2332 1452 2396 'demque
1463 2334 1564 2384 intendi.

1101 2425 1155 2467 aaa
1176 2421 1305 2479 ceterum,
1325 2419 1441 2481 perdum
1460 2420 1621 2482 brimurtales,
1636 2436 1721 2474 eorum
1738 2426 1849 2476 omnium

1071 2518 1126 2566 quae
1144 2505 1267 2555 dicturum
1278 2519 1330 2556 esse
1349 2508 1534 2558 Demosthenem
1553 2509 1644 2572 audio,
1656 2512 1704 2560 boc
1717 2513 1807 2575 quod'
1798 2528 1849 2575 Jarn

1071 2591 1138 2641 robis
1158 2592 1236 2642 dicam
1248 2593 1410 2657 indignissime
1427 2594 1488 2643 lero.
1501 2597 1626 2658 lugentum
1640 2610 1721 2648 ιιιειιιιι
1740 2613 1797 2650 cunr
1808 2602 1845 2651 Si·

1071 2679 1166 2730 renibus
1180 2683 1316 2743 comparat,
1338 2682 1359 2730 sl
1376 2681 1423 2731 dits
1430 2682 1516 2744 placet
1548 2684 1584 2732 ab
1601 2685 1647 2734 illia
1657 2685 1722 2736 enirn
1733 2700 1782 2737 οοιι
1798 2693 1849 2738 tam

1071 2768 1257 2829 penetremur,
1267 2768 1354 2831 inquit,
1368 2769 1503 2832 suffitores,
1521 2772 1634 2833 quemad
1650 2773 1778 2835 perniciem
1794 2776 1843 2825 adi·

1070 2855 1174 2916 quntum
1186 2855 1297 2915 quocirca
1307 2856 1370 2906 male
1380 2856 1566 2907 auditsirenum
1578 2859 1709 2909 lrarmonia.
1721 2863 1757 2910 lta
1769 2876 1848 2912 ωοειιι

1070 2940 1095 2990 tn
1116 2940 1218 2992 diceudo
1235 2944 1358 3005 peritiam,
1381 2956 1464 2994 meum
1480 2945 1616 3007 ingenium,
1639 2947 1667 2997 lis
1682 2948 1724 3011 qul
1746 2950 1849 3001 audiunt

1069 3040 1163 3090 semper
1173 3041 1223 3079 esse
1231 3030 1366 3079 exitiosum.
1379 3030 1453 3093 utqui
1465 3042 1540 3094 quum
1556 3033 1657 3084 liancds
1666 3048 1705 3085 me
1713 3037 1848 3088 orationem

253 3117 343 3170 τοῦτον
355 3111 421 3178 ὅλως
441 3110 487 3185 μὲν
506 3111 589 3190 ἔγωγε
603 3112 686 3171 ούδενῖ
707 3112 814 3193 πρέπειν
835 3117 948 3189 ἡγοῦμαι
966 3113 1027 3191 περί
1070 3116 1190 3166 neminem
1202 3116 1498 3180 omninodocerelllllem
1511 3122 1847 3185 turpoeuimsccusatoriest,

248 3201 316 3273 ἐμοῦ
335 3197 436 3277 λέγειν·
456 3204 503 3272 τῆς
519 3198 570 3280 γλιρ
585 3200 669 3266 αἰτίας
685 3200 792 3280 αίοχρδν
811 3200 853 3259 τὀν
873 3200 1025 3279 αἰτιώμενόν

250 3288 305 3344 ἐστι
318 3288 348 3345 τὸ
359 3286 433 3366 ἔργον
447 3286 484 3363 μὴ
502 3288 570 3366 ἔχειν
588 3288 729 3354 ἐπιδεῖξαι·
749 3291 812 3365 (ατο)
825 3290 846 3347 εἰ
862 3289 884 3346 δ’
896 3280 927 3360 ἦν
945 3292 1026 3365 άναγ-

250 3382 323 3432 καῖον
339 3377 463 3455 ῥηθῆναι,
487 3377 516 3433 οὗ
530 3374 709 3449 Δημοσθένους
724 3367 756 3446 ἦν
775 3376 893 3452 δλόγος,
909 3376 966 3434 ἀλλ’
980 3380 1026 3434 ἀν-

251 3461 308 3538 δρὸς
321 3466 466 3539 στρατηγοῦ
481 3463 584 3539 μεγάλα
600 3460 646 3537 μίν
658 3466 690 3539 τῇ
705 3461 779 3519 πολει
791 3462 1025 3540 κατειργασμένου,

1070 3202 1090 3250 si
1107 3202 1286 3254 criminationes
1296 3218 1352 3255 suas
1370 3219 1396 3256 re
1412 3210 1517 3268 nequeat
1536 3209 1692 3271 comprobare
1702 3229 1708 3259 ι
1718 3213 1846 3272 (attilium

1072 3288 1092 3339 si
1105 3290 1145 3339 cui
1155 3289 1214 3340 illud
1225 3291 1354 3341 dicendum
1366 3293 1461 3356 luisset,
1480 3308 1528 3343 non
1541 3305 1570 3346 ea
1587 3297 1753 3348 Demosthenis
1770 3277 1848 3349 oratio

1071 3379 1136 3438 οιιῑ,
1149 3377 1191 3427 sed
1208 3377 1359 3440 imperatoris
1380 3380 1479 3441 alicujus
1492 3382 1533 3442 qul
1558 3396 1595 3432 res
1608 3384 1705 3445 quidem
1718 3387 1848 3446 preclaras

1071 3479 1114 3527 pro
1126 3466 1247 3527 republica
1258 3466 1363 3527 gesserit,
1382 3466 1476 3517 dicendi
1489 3469 1570 3518 auton
1585 3469 1699 3519 facultate
1713 3472 1846 3534 deseratur,

249 3546 332 3620 λέγειν
347 3546 374 3603 δέ
396 3547 522 3605 ἀδυνάτου
536 3549 581 3605 καὶ
597 3546 644 3617 τὴν
665 3552 715 3605 τῶν
738 3548 872 3606 ἀντιδίκων
895 3547 937 3606 διδι
952 3554 1026 3608 τοῦτο
1070 3552 1159 3616 (tuique
1170 3552 1224 3603 idel)
1238 3554 1374 3604 tdvssffltfitl
1389 3554 1511 3617 ingenium
1523 3569 1595 3605 ⁸⁰⁰⁰)
1608 3558 1709 3607 mittissss
1718 3558 1846 3621 isslffldreb

209 3659 236 3696 οι,
250 3634 407 3705 ἐζηλωκότος
431 3632 517 3715 φύσιν,
533 3633 573 3700 ὅτι
594 3635 708 3692 σύνοιδεν
725 3638 807 3693 ἑαυτ”
787 3659 809 3715 ῳ
826 3637 882 3710 μέν-
894 3630 1009 3694 οὐδέν
988 3661 1025 3696 οιι

1070 3653 1146 3701 quum
1156 3641 1271 3704 intelligat
1281 3654 1307 3691 se
1318 3642 1376 3692 nihil
1386 3655 1469 3692 eorum
1481 3656 1536 3705 quse
1542 3645 1673 3706 patraverit
1685 3646 1794 3696 oratioue
1803 3662 1846 3698 ειι·

251 3720 440 3800 διαπέπρακται
454 3721 581 3795 δυναμέ
540 3720 706 3801 ενῳφράσαι,
720 3693 803 3780 τὀνδέ
818 3746 962 3802 κατηγορον
977 3730 1026 3832 δρᾷ
1070 3728 1158 3789 plicare
1181 3742 1257 3791 posse,
1277 3731 1441 3779 accusatorem
1459 3731 1637 3781 contrasideat
1653 3731 1725 3782 etiam
1743 3747 1773 3783 oa
1792 3747 1848 3797 qnae

250 3806 390 3883 δυνάμενον
406 3806 488 3865 κάλ’
462 3830 495 3864 τα
510 3808 547 3881 μὴ
560 3807 757 3887 πεπραγμένα’
748 3809 789 3889 υφ’
801 3814 880 3867 αὑτοῦ
892 3812 1024 3888 παριστά-

250 3917 292 3951 ναι
303 3895 354 3961 τοῖς
368 3893 503 3952 άκούουσιν
513 3897 547 3960 ως
562 3892 696 3975 διῴκηκεν.
711 3893 798 3956 Οταν
811 3897 834 3953 δ
849 3897 876 3964 ἐξ
889 3899 1024 3973 ὀνομάτων

250 3981 415 4058 συγκείμενος
427 3980 576 4061 ἄνθρωπος,
588 3980 740 4040 καὶτούτων
752 4006 851 4061 πικροιν
865 3982 910 4040 καὶ
922 3984 1025 4064 περιέρ-

249 4090 313 4143 γων,
324 4067 414 4126 ἔπειτα
427 4069 469 4127 ἐπὶ
481 4069 527 4138 την
540 4068 675 4139 ἁπλότητα
689 4069 733 4127 καὶ
743 4069 800 4127 τὰέ
786 4094 849 4149 εργα
861 4069 1022 4152 καταφεύγῃ,

249 4154 286 4222 τίς
302 4154 332 4213 αν
350 4156 506 4234 εἰνάσχοιτος
523 4179 551 4214 ου
536 4148 617 4224 ’τὴν
635 4159 705 4264 γλωτ
706 4181 752 4215 ταν
769 4156 857 4238 ὥσπερ
870 4160 921 4215 τῶν
939 4162 1024 4217 αὖλων

250 4240 293 4300 ἐάν
307 4266 345 4311 τις
359 4243 420 4323 ἀφέλ
418 4268 458 4322 η,
469 4267 499 4301 το
485 4244 636 4302 λοιπδν’
611 4247 669 4303 ουδε
663 4243 683 4303 ’ν
696 4248 774 4304 ἐστιν.

1070 3827 1193 3875 nunquam
1202 3817 1299 3878 gesserit
1307 3816 1405 3880 perinde
1415 3817 1581 3868 auditoribus'
1575 3831 1598 3867 ιο
1610 3822 1737 3881 conspecto
1746 3833 1845 3883 ponera,

1070 3902 1138 3962 qnasi
1155 3914 1208 3952 ase
1224 3916 1307 3954 revera
1324 3907 1402 3954 essem
1413 3906 1526 3967 perlecta.
1537 3908 1606 3955 nuuc
1623 3919 1762 3969 veroquam
1773 3909 1846 3966 bomo

1069 3989 1135 4038 totus
1147 4002 1179 4038 ex
1190 3990 1314 4040 vocabulis
1324 3991 1471 4050 contlatus(
1465 3992 1540 4054 nisique
1554 3993 1641 4042 amaris
1655 3997 1680 4044 et
1692 3994 1795 4045 inaniter
1805 4010 1846 4048 en·

1071 4075 1177 4137 quintis,
1198 4077 1295 4127 tandem
1306 4078 1337 4127 ad
1356 4078 1472 4127 orationis
1480 4079 1657 4141 simplicitatem
1668 4083 1694 4129 et
1713 4082 1844 4133 lactarun-

1070 4163 1138 4225 tugjt,
1148 4178 1203 4227 quis
1212 4178 1282 4224 reque
1291 4165 1371 4215 animo
1380 4167 1456 4216 terat
1465 4179 1597 4229 curnqms
1605 4167 1720 4228 linguam
1731 4173 1758 4218 ut
1768 4171 1844 4232 tibus

1068 4251 1212 4314 dempserit,
1222 4252 1339 4315 reliquum
1353 4252 1413 4302 nillil
1424 4254 1477 4302 erit.

210 4353 236 4393 ao
289 4352 338 4391 sao
352 4331 552 4408 θαυμάζωδ“’
538 4336 711 4409 εγωγείιμων,
723 4322 796 4391 ω’λθ
798 4332 1024 4405 ηναῖοι,καῖζητο”ι
1101 4346 1160 4389 2³0:
1177 4344 1227 4401 bgo
1239 4339 1349 4403 equidem
1371 4339 1769 4401 νοεοειιιὶιοτ,.111ιειι1ειιεει,ο1
1784 4346 1846 4424 seire

248 4417 312 4497 πρὸς
327 4418 379 4476 τί
366 4444 398 4477 αν
412 4419 602 4524 άπρύλέποντες
622 4418 878 4528 άποψηφίσαισθὴ
820 4443 832 4478 ε
845 4443 892 4477 τ
911 4443 1022 4501 γραφην.

250 4507 400 4615 Πρεερον’
386 4531 420 4571 ως
433 4507 462 4564 τὸ
479 4507 602 4587 ψηφισμά
622 4506 725 4565 ἐστιν’
710 4527 832 4613 εννομον;
844 4508 901 4565 ἀλλ’
916 4508 1023 4584 οὐδεμία

247 4595 354 4654 πώποτε
372 4594 463 4672 γνώμη
485 4596 692 4674 παρανομωτέρα
712 4595 857 4673 γεγένηται.
898 4595 1003 4654 ”Αλλ’
989 4622 1023 4664 ως

248 4686 262 4740 δ
273 4679 303 4741 τδ
315 4683 438 4763 ψήφισμα
450 4682 552 4762 γράψας
561 4685 606 4741 οὐκ
616 4683 759 4753 ἐπιτήδειός
770 4686 824 4741 ἐστι
836 4683 908 4755 δίκην
919 4685 1022 4761 δοῦναι,

248 4772 295 4827 οὐκ
307 4770 347 4849 ἄρ’
357 4768 408 4828 εἰσί
417 4774 479 4849 παρ’
493 4774 554 4847 ύμῖν
565 4772 668 4829 εὐθῦναι
681 4770 755 4848 βίον,
766 4773 788 4827 εί
799 4775 888 4829 τοῦτον
899 4771 1021 4850 ἀφήσετε.

249 4856 351 4915 Ἰἰκεῖνο
368 4856 390 4914 δ’
404 4859 433 4914 οῦ
453 4857 578 4935 λυπηρόν,
597 4859 619 4914 εἰ
639 4856 762 4936 πρότερον
778 4857 825 4932 μὲν
845 4858 1022 4929 ἐνεπίμπλατο

248 4949 265 5014 ἡ
278 4944 409 5023 ὀρχήστρα
424 4949 527 5022 χρυσῶν
540 4943 673 5024 στεφάνων
687 4936 724 5010 οἷς
735 4948 749 5002 θ
760 4946 841 5022 δῆμος
853 4948 1023 5025 ἐστεφανοῦτο

206 5046 234 5085 aa
248 5031 298 5088 ὑπὸ
310 5035 360 5088 τῶν
382 5031 529 5109 Ἑλλήνων,
543 5032 586 5090 διδ
605 5032 636 5091 τὸ
654 5031 759 5100 ξενικοῖς
776 5034 909 5113 στεφάνοις
924 5032 1022 5107 ταύτην

250 5116 420 5177 ἀποδεδόσθαι
433 5118 480 5190 τὴν
490 5120 601 5199 ἡμέραν,
615 5124 644 5180 ἐκ
657 5121 684 5179 δέ
697 5124 748 5178 τῶν
759 5120 939 5197 Δημοσθένους
947 5122 1021 5180 πολι·

248 5203 384 5273 τευμάτων
403 5209 476 5282 ὑμεῖς
490 5206 537 5283 μὲν
552 5208 728 5288 ἀστεφάνωτοι
752 5205 797 5266 καί
817 5207 958 5287 ἀκήρυκτοι
977 5208 1021 5284 γί-

1069 4428 1150 4489 rellm,
1167 4427 1254 4490 quibus
1264 4426 1361 4476 demum
1374 4428 1445 4477 rebus
1463 4428 1564 4490 permoti
1575 4428 1695 4479 actionem
1709 4430 1772 4479 lianc
1789 4417 1844 4480 sen·

1068 4515 1148 4565 tentiis
1156 4515 1240 4566 restris
1248 4515 1421 4576 improbantis.
1433 4521 1468 4564 an
1479 4516 1543 4577 quod
1554 4517 1844 4579 scitumlegitimumestl

1070 4606 1101 4653 At
1110 4604 1175 4652 nulla
1187 4615 1293 4665 unquam
1309 4603 1426 4652 seutemla
1436 4602 1610 4665 legibusmagis
1620 4604 1720 4654 adversa
1736 4607 1791 4656 luit.
1804 4613 1843 4657 tn

1067 4688 1132 4750 qnod
1143 4689 1209 4749 isqui
1218 4689 1305 4736 scitum
1313 4688 1422 4737 tecitnon
1429 4688 1514 4748 dignus
1521 4689 1694 4750 ostsupplieto?
1702 4693 1762 4752 Ergo
1769 4691 1844 4741 nulla

1070 4781 1127 4828 sunt
1138 4775 1202 4837 apud
1217 4787 1261 4824 ros
1272 4775 1392 4824 rationum
1404 4773 1460 4825 rita
1469 4774 1646 4826 referendarum
1658 4776 1730 4838 leges,
1748 4779 1767 4827 si
1780 4778 1843 4827 Ιιυιιτ

1067 4864 1225 4914 absolveritls.
1258 4862 1320 4913 lllud
1329 4876 1387 4912 vero
1400 4875 1479 4912 nonne
1490 4862 1707 4925 iugerubcendum,
1716 4864 1736 4912 si
1745 4864 1842 4926 quidem

1067 4953 1125 5001 olim
1135 4951 1214 5000 aureis
1226 4951 1334 5012 coronis,
1353 4951 1441 5013 quibus
1458 4951 1584 5013 populusa
1595 4950 1686 5000 Graecis
1696 4950 1842 5013 donabatur,

1067 5040 1154 5090 relertu
1162 5042 1214 5089 crat
1220 5039 1358 5101 orchestra,
1368 5052 1397 5088 eo
1407 5038 1470 5099 quod
1482 5037 1533 5088 dles
1539 5037 1579 5087 bic
1588 5037 1744 5099 hospitalibus
1749 5040 1845 5089 coronis

1067 5128 1211 5178 constitutus
1232 5129 1303 5176 erat:
1324 5139 1389 5175 nunc
1400 5139 1431 5176 οι
1444 5125 1609 5178 ὓειιιοοθιοιιῖε
1629 5127 1653 5174 in
1671 5139 1720 5188 rep.
1739 5126 1849 5176 admisi·-

1067 5215 1162 5266 stranda
1174 5214 1289 5265 institutis
1298 5227 1341 5265 ros
1350 5227 1427 5276 neque
1436 5215 1615 5275 coronisuoque
1625 5213 1750 5275 preconiis
1760 5214 1842 5263 donati
