3967 5967
267 514 320 564 nst
726 502 910 564 ninxiliof
931 505 958 564 0
979 505 1082 563 ΚΑΤΑ
1105 501 1391 563 hinniculum.
1722 501 1862 582 (seo-mel

262 637 321 693 λιτι
344 631 456 692 ἀκούειν·
470 633 499 691 ού
513 629 563 711 γάρ
577 633 628 690 τῶν
651 632 797 712 φευγόντων
820 630 867 699 τὰς
889 635 919 691 ού
938 632 1027 691 δικαία
1085 654 1168 691 nenos
1176 640 1273 704 quidem
1283 654 1339 691 eum
1351 640 1453 689 endietfs
1464 659 1470 689 :
1481 652 1529 689 nou
1540 639 1604 690 enhn
1613 640 1662 690 hnc
1672 641 1866 703 convenistisut

262 721 408 800 ἀπολογίας
419 718 601 791 εἰσεληλύθατε
616 718 820 797 ἀκροασόμενοι,
834 719 903 778 ἀλλά
922 722 973 778 τῶν
985 722 1041 779 tee-
1085 728 1191 790 reosqui
1201 728 1330 790 iem‘timum
1340 727 1503 777 defensionem
1513 726 1751 790 respuuntnndietts,
1760 727 1866 778 sedilios

263 807 360 867 λόντων
385 805 491 872 δικαίως
512 806 707 883 ἀπολογεῖσθαι,
755 809 816 884 (eun)
832 805 897 867 Ἐάν
918 806 941 864 δ’
960 809 1042 886 ὑπερ-
1085 815 1126 877 eni
1138 829 1164 865 se
1175 818 1239 866 recle
1248 818 1322 878 nique
1333 814 1418 864 ordine
1435 814 1562 865 defundere
1570 814 1647 878 uenti
1662 818 1726 864 sunt.
1741 815 1808 876 (κον)
1818 816 1864 864 Sin

262 892 547 966 πηδήσαςτηνδικαίαν
555 892 697 970 ἀπολογίαν
707 893 876 968 Δημοσθένην
884 897 1039 974 παρακαλῇ,
1085 902 1734 965 entmuiustndefensleneprmtermisenDemmtheoem
1742 905 1863 964 accuset,

266 982 380 1060 μαλιστα
400 978 448 1057 μίν
470 979 508 1055 μὴ
529 979 704 1059 προσδέχεσθε
725 986 867 1060 κακοῦργον
889 982 1040 1062 ἄνθρωπον,
1088 989 1518 1051 potissimumnoiiteterrehomloem
1533 989 1866 1050 veteratorern,spectcntem

224 1088 251 1128 to
266 1067 381 1143 οἰόμενον
392 1068 491 1148 ῥήμασι
505 1066 563 1132 τοὺς
572 1065 667 1142 νόμους
678 1067 844 1146 ἀναιρήσειν,
853 1070 914 1144 μηδ’
924 1072 950 1126 ἕν
962 1072 1042 1147 ἀρετῇ
1085 1090 1111 1126 se
1120 1077 1247 1126 rethorum
1256 1076 1681 1139 nucunihiegessuhletumm,neqne
1689 1075 1865 1137 hocqniepiem

263 1157 332 1214 τοῦθ’
346 1159 417 1232 ὑμῶν
432 1154 522 1231 μηδείς
535 1154 757 1232 καταλογιζέσθω,
769 1154 796 1221 δς
808 1156 840 1213 δν
851 1158 1040 1233 ἐπανερομένου
1084 1167 1193 1213 restrum
1205 1165 1250 1213 eibi
1262 1163 1287 1213 in
1296 1163 1373 1214 leudis
1382 1163 1436 1213 ineo
1444 1163 1552 1225 deputet,
1570 1161 1591 1211 si
1604 1162 1766 1224 interrogante
1782 1163 1865 1212 ctesi-

265 1243 452 1318 Κτησίρῶντος
464 1267 476 1293 ε
489 1232 508 1312 ή
521 1240 625 1299 καλέσω
634 1241 819 1316 Δημοσθένης
837 1270 850 1293 υ
865 1246 967 1321 πρῶτος
981 1246 1041 1299 elec·
1086 1250 1186 1312 phonte,
1198 1251 1300 1301 liceatne
1315 1263 1358 1314 per
1370 1263 1414 1300 νοι
1430 1252 1615 1300 Demosthenem
1626 1249 1752 1310 υάνοεετε,
1770 1250 1867 1312 primm

260 1327 348 1407 άοήση
362 1353 375 1380 ι
389 1329 481 1402 κάλει,
492 1328 576 1387 κάλει.
589 1354 602 1378 ν
629 1326 693 1387 Ἐπὶ
703 1328 798 1386 σαυτόν
812 1330 916 1400 καλεῖς,
929 1328 972 1386 ἐπὶ
984 1328 1042 1394 τοθς
1085 1339 1229 1389 exclamarit
1240 1352 1311 1399 eece,
1330 1351 1392 1389 eece
1405 1356 1413 1388 .-
1424 1343 1548 1387 -eeutm
1558 1336 1673 1400 teipsum
1686 1349 1766 1398 roms,
1779 1342 1866 1387 metm

263 1414 356 1491 νόμους
366 1417 468 1486 καλεῖς,
483 1414 528 1472 inl
538 1413 586 1485 τήν
594 1416 772 1495 δημοκρατίαν
782 1419 879 1482 καλεῖς.
893 1415 939 1475 Ἂν
953 1417 974 1473 δ’
989 1415 1040 1494 άρα
1085 1425 1148 1488 leges
1160 1439 1246 1486 voees,
1264 1428 1347 1476 contre
1365 1427 1445 1489 pepuli
1463 1425 1595 1475 iihertetem
1611 1437 1683 1475 voees
1702 1453 1734 1466 -
1752 1425 1865 1488 :quodsi

265 1506 326 1573 ὑμῖν
338 1501 398 1579 δόξη
409 1499 525 1573 ἀκούειν,
535 1500 661 1568 ἀξιώσατε
671 1503 715 1561 τὸν
723 1503 892 1579 Δημοσθένην
906 1503 950 1560 τδν
962 1502 1040 1560 αὐτὸν
1085 1512 1155 1562 vehis
1165 1513 1248 1563 audire
1269 1514 1362 1576 pleeoet
1384 1512 1584 1572 Demosthenem,
1602 1513 1722 1575 postulate
1739 1511 1771 1561 nh
1783 1525 1822 1572 eo,
1835 1517 1866 1562 ut

264 1587 360 1664 τρόπον
373 1590 557 1665 ἀπολογεῖσθαι
573 1587 651 1668 όνπερ
667 1588 741 1666 κάγὼ
757 1589 935 1670 κατηγόρηκα.
980 1587 1037 1666 (τοι)
1085 1599 1116 1649 ιθ
1128 1611 1181 1650 enm
1190 1613 1299 1649 normem
1311 1599 1473 1650 detonsionem
1483 1598 1606 1660 imiimut,
1619 1611 1693 1662 quem
1704 1612 1747 1662 ego
1758 1600 1783 1648 in
1793 1611 1854 1650 aceu

265 1673 338 1751 Ἐγὼ
349 1675 376 1733 δέ
392 1679 447 1742 πῶς
466 1673 635 1753 κατηγόρηκα
645 1698 653 1747 ;
672 1674 715 1734 ίνα
737 1678 781 1734 καὶ
800 1677 943 1753 ὑπομνήσω
961 1680 1039 1751 ὑμᾶς.
1085 1687 1177 1737 sutieue
1187 1700 1240 1737 eum
1252 1689 1363 1749 secutus,
1373 1690 1437 1748 (²03)
1449 1686 1483 1736 sic
1493 1687 1716 1750 quodemmode,ut
1724 1688 1748 1736 id
1757 1688 1827 1737 vohis
1837 1689 1865 1737 ln

212 1772 246 1821 83
265 1761 334 1822 Ούτε
343 1763 386 1820 τὸν
395 1762 458 1821 ἴδιον
472 1762 526 1841 βίον
534 1762 577 1820 τὸν
589 1761 769 1837 Δημοσθένους
779 1764 903 1843 πρότερον
913 1763 1042 1834 διεξῆλθον
1086 1772 1224 1822 memoriam
1243 1785 1360 1822 revocem.
1393 1776 1442 1823 ilec
1459 1773 1578 1835 puratum
1600 1773 1767 1823 Demosthenis
1787 1774 1864 1825 vitam

265 1849 323 1907 οὑιε
350 1853 402 1908 τῶν
428 1849 560 1925 δημοσίων
588 1850 757 1923 ἀδικημάτων
780 1851 879 1917 οὗδενὺς
914 1850 1040 1930 πρότερον
1086 1861 1151 1924 prius
1160 1860 1285 1923 explicent,
1302 1873 1347 1909 uec
1355 1861 1427 1909 uilius
1436 1861 1523 1922 publici
1533 1861 1793 1910 oriminisrueniiou
1802 1863 1864 1922 feei,

266 1936 409 2012 έμνήσθην,
421 1936 519 2011 άρθονα
526 1935 611 2004 δήπου
623 1935 668 1993 καί
676 1935 761 1995 πολλὰ
767 1935 834 2015 ἔχων
848 1935 939 2015 λέγειν·
952 1935 1041 2007 ἥπάν·
1086 1961 1161 2010 quum
1168 1948 1338 2009 eornmiogeus
1345 1948 1403 1996 milii
1412 1947 1505 1997 eriesset
1514 1948 1582 2010 copie
1591 1978 1620 1989 -
1630 1950 1672 1997 eut
1680 1949 1865 2000 emniumcerte

268 2047 320 2082 των
335 2026 360 2101 γ’
383 2021 415 2081 ἂν
436 2022 489 2093 είην
512 2021 688 2101 ἀπορώτατος·
703 2022 771 2082 ἀλλὰ
792 2026 894 2103 πρῶτον
915 2023 962 2101 μὲν
983 2023 1042 2090 τοὺς
1087 2034 1211 2084 homiuum
1225 2048 1300 2084 essem
1310 2035 1481 2084 iiihnlissimus
1493 2062 1539 2096 -,
1557 2035 1598 2084 sed
1615 2036 1694 2098 prime
1703 2036 1757 2085 loeo
1768 2037 1864 2086 ostendi

267 2113 361 2186 νόμους
384 2108 501 2177 έπέδειξα
524 2108 732 2190 ἀπαγορεύοντας
761 2108 798 2186 μὴ
820 2117 959 2192 στεφανοῦν
984 2110 1042 2176 τοὺς
1086 2121 1352 2183 legesdiserteretnre,
1370 2122 1630 2172 neeeronefioneutur
1646 2124 1713 2185 liqui
1729 2124 1865 2173 rntiooibns

266 2196 437 2268 ὑπευθύνους,
457 2195 547 2254 ἔπειτα
567 2196 611 2254 τὸν
636 2196 732 2277 ῥήτορα
757 2195 880 2274 ἐξήλεγξα
902 2198 1040 2279 γράψαντα
1088 2210 1217 2259 referendis
1233 2210 1289 2258 suut
1304 2208 1416 2270 obnoxii3
1429 2207 1514 2259 deinde
1529 2212 1648 2258 emtorem
1662 2210 1780 2272 emergent,
1796 2212 1865 2272 quod

239 2313 253 2346 ι
267 2283 437 2360 Δημοσθένην
451 2281 588 2343 ὑπεύθυνον
605 2283 668 2343 όντα
685 2290 825 2364 ρτιρανοὺν
839 2284 911 2343 οὐδὲν
925 2285 1040 2366 προόαλ·
1085 2297 1277 2357 Demosthenem,
1284 2297 1325 2360 qul
1331 2296 1462 2346 rationibus
1469 2295 1766 2359 reddendisonnoxtusest‚
1774 2311 1864 2348 eoronn

262 2371 372 2448 λόμινον
383 2416 392 2445 ,
404 2370 463 2430 οὐδὲ
474 2371 709 2450 προσεγγράψαντα
722 2399 734 2425 ι
745 2371 850 2430 ἐπειδάν
860 2374 896 2452 δῷ
908 2371 954 2439 τάς
968 2371 1041 2431 ιὺθὺ-
1086 2383 1170 2433 donerl
1186 2384 1292 2445 iusserit,
1309 2383 1376 2432 nullo
1392 2386 1512 2445 preelexfu
1530 2384 1679 2446 interposite,
1700 2398 1750 2434 noo
1763 2399 1863 2436 excuse·

266 2482 311 2524 νας
326 2486 352 2530 ι,
367 2456 435 2516 ἀλλά
455 2459 587 2523 παντελῶς
601 2457 647 2517 καὶ
661 2462 733 2533 ὑμῶν
751 2459 796 2517 καὶ
818 2462 870 2519 τῶν
887 2459 974 2536 νόμων
994 2483 1042 2518 κα·
1086 2470 1150 2520 tiene
1159 2470 1314 2534 medscriptu
1324 2490 1335 2512 ι
1346 2474 1516 2534 posteaquem
1527 2474 1641 2521 rationes
1650 2471 1785 2528 refellerit,
1796 2492 1809 2515 ν
1821 2472 1862 2522 sel

266 2544 490 2626 ταπερρονηκότα·
504 2543 549 2604 καλ
560 2544 608 2611 τάς
618 2546 743 2622 δεομένας
756 2545 819 2624 πρὸς
832 2551 915 2604 ταῦτα
938 2547 1041 2626 προρά-
1086 2558 1237 2620 vohisetque
1252 2557 1578 2620 legihuspenitundmpeetis
1597 2570 1686 2620 :perro
1697 2559 1865 2609 cavillationes

268 2656 321 2700 σεις
338 2625 424 2704 εἷπον,
441 2633 471 2699 ἀς
488 2632 609 2700 ἀξιῶκαί
632 2638 698 2709 ὑμᾶς
712 2634 937 2712 διαμνημονεύειν.
982 2638 1042 2714 (ene)
1087 2658 1146 2707 ques
1157 2645 1302 2694 reuirehme
1320 2644 1481 2694 ellaturisunt
1496 2646 1610 2707 exposui,
1628 2655 1732 2707 quornm
1747 2646 1822 2694 etiem
1836 2649 1865 2695 ul

265 2719 390 2800 Δεύτερον
405 2723 427 2779 δ’
442 2724 503 2797 ὑμῖν
518 2720 647 2791 διεξῆλθον
658 2722 717 2789 τοὺς
730 2723 791 2802 περί
804 2726 856 2782 τῶν
869 2723 1042 2804 κηρυγμάτων
1087 2745 1131 2782 νοτ
1148 2746 1267 2781 memores
1277 2732 1329 2783 sitis
1341 2744 1426 2783 exere.
1459 2733 1523 2792 (tot)
1536 2729 1866 2792 secuudolecolegesvelils

265 2809 371 2883 νόμους,
385 2810 411 2866 ἐν
420 2798 457 2875 οίς
470 2807 610 2887 διαρρήδην
624 2809 766 2887 ἀπείρηται
781 2809 825 2867 τὸν
839 2808 890 2868 ὑπὸ
900 2815 946 2868 τοῦ
960 2810 1043 2885 δήμου
1086 2818 1116 2868 de
1122 2819 1245 2882 promotis
1251 2819 1552 2882 pereuni‚quihusdiserte
1559 2817 1713 2867 interdictum
1720 2821 1867 2883 csi,nequis

266 2894 471 2975 senonicensem
502 2894 539 2970 μὴ
563 2895 734 2974 κηρύττεσθαι
756 2895 804 2963 ἔξω
829 2901 874 2967 τῆς
894 2897 1042 2967 ίκκλησίας·
1087 2907 1210 2969 εμομιιΙο
1230 2907 1433 2956 oeronuelonefus
1450 2909 1517 2956 entre
1533 2905 1672 2954 concionem
1693 2907 1863 2968 predicetur:

230 3003 255 3041 tn
268 2982 320 3043 ὁδί
332 2983 418 3063 ῥήτωρ
433 2985 447 3039 ό
461 2981 562 3061 φεύγων
573 2983 621 3052 τήν
635 2983 736 3063 γραφήν
749 2986 778 3042 ού
791 2983 848 3049 τοὺς
861 2983 953 3060 νόμους
967 2985 1043 3060 μόνον
1086 2997 1168 3042 emtor
1181 3007 1238 3042 vere
1254 2993 1295 3056 qui
1316 2997 1352 3043 eet
1368 3007 1422 3043 reus
1440 3007 1487 3042 non
1506 2994 1568 3055 legen
1588 2996 1685 3043 tantum
1701 2997 1865 3056 transgressus

265 3069 465 3151 παραύέὺηκεν,
476 3068 544 3127 otili
556 3068 601 3128 καὶ
612 3068 655 3126 τὸν
667 3070 757 3148 καιρὸν
768 3075 813 3139 τῆς
823 3069 988 3148 ἀναρρήσεως
998 3069 1043 3127 καὶ
1087 3083 1123 3130 ost
1132 3117 1139 3141 ,
1149 3080 1192 3129 scd
1205 3083 1229 3130 et
1244 3083 1338 3142 inopen
1355 3083 1379 3130 et
1396 3081 1476 3129 lecum
1493 3080 1667 3141 praedicationis
1685 3083 1863 3142 mmmutnvu,

264 3157 311 3217 ,τὸν
333 3157 428 3230 τόπον,
443 3155 555 3214 κελεύων
576 3158 624 3214 οὑκ
642 3158 668 3214 έν
688 3160 721 3235 τῇ
738 3157 865 3234 ἐκκλησίᾳ
885 3155 942 3214 ἀλλ’
964 3158 1044 3236 ἐντῷ
1087 3166 1206 3228 siquidem
1222 3180 1270 3216 non
1287 3166 1312 3216 in
1327 3166 1441 3215 concione
1454 3167 1497 3216 sed
1507 3167 1531 3215 in
1546 3168 1653 3229 theatro,
1665 3180 1713 3216 neu
1732 3170 1863 3219 Athensien-

264 3246 366 3324 ,θεάτρῳ
383 3245 430 3315 τήν
445 3243 586 3324 ἀνάρρησιν
599 3243 728 3321 γίνεσθαι,
751 3242 806 3301 οὐδ’
822 3244 1044 3314 ίκκλησιιιζόντων
1087 3253 1154 3302 eihus
1163 3254 1186 3302 io
1198 3254 1338 3303 concionem
1347 3254 1542 3314 congregetissed
1554 3254 1697 3316 tmgmdisiu
1710 3258 1864 3319 eoenemjnm

265 3331 421 3404 Ἀθηναίων,
432 3331 501 3388 ἀλλά
513 3330 659 3404 μελλόντων
669 3332 809 3410 τραγῳδῶν
819 3329 936 3391 ιίσιίναε.
950 3334 975 3391 Τ
976 3337 1043 3389 αὔτα
1087 3339 1228 3402 omniurn,
1240 3340 1385 3402 praeconium
1399 3340 1450 3389 fieri
1461 3340 1573 3390 decrerit.
1590 3342 1632 3391 ilis
1645 3343 1773 3403 expositis,
1787 3355 1864 3404 perite

265 3419 289 3474 δ’
307 3415 387 3476 εἰπὼν
403 3415 484 3494 μικρὰ
497 3414 545 3491 μὲν
558 3415 682 3493 περὶτῶν
695 3417 765 3475 ἰδίων
779 3408 869 3490 ciues,
886 3417 919 3476 τά
930 3418 957 3475 δέ
969 3419 1043 3477 πλεῖ·
1088 3426 1297 3490 deprimtiedixi,
1313 3441 1423 3489 mognnm
1439 3430 1522 3476 eutem
1540 3432 1631 3489 purtem
1646 3428 1865 3491 inpublicisipsius

267 3526 317 3563 στα
341 3505 399 3582 περὶ
413 3506 464 3562 τῶν
491 3503 621 3578 δημοσίων
641 3502 818 3579 ἀδικημάτων.
846 3507 904 3584 (ctu)
919 3505 1043 3576 Οὑτωδή
1087 3515 1228 3564 criminibus
1245 3516 1321 3564 cretio
1338 3527 1392 3564 mee
1412 3517 1505 3564 versute
1522 3517 1567 3564 esi.
1600 3516 1863 3577 (eenlstcigifureto

228 3609 254 3647 ιε
266 3590 314 3648 καὶ
327 3589 371 3648 τὸν
390 3588 559 3665 Δημοσθένην
574 3589 702 3658 ἀξιώσατε
717 3593 902 3669 ἀπολογεῖσθαι
921 3591 984 3670 πρὸς
1001 3593 1044 3650 τὸν
1089 3603 1245 3652 Demosthene
1269 3601 1393 3664 restuietis
1412 3605 1441 3651 ut
1462 3601 1624 3651 defensionem
1641 3602 1764 3664 instituet,
1787 3604 1865 3666 prime

266 3680 318 3734 τῶν
332 3676 478 3734 ὑπευθύνων
492 3674 569 3752 νόμον
589 3679 692 3754 πρῶτον
705 3676 750 3735 καί
764 3678 808 3734 τὸν
823 3678 882 3756 περί
898 3682 949 3736 τῶν
963 3702 1043 3758 κηρυ-
1088 3690 1119 3738 ed
1137 3690 1212 3751 legem
1230 3689 1260 3739 de
1279 3689 1308 3739 ils
1322 3688 1364 3752 qui
1382 3689 1514 3738 rationibus
1527 3689 1653 3738 reddendis
1672 3692 1730 3739 sunl
1750 3690 1864 3750 obnoxii,

267 3763 375 3837 γμάτων
387 3762 518 3841 δεύτερον,
534 3762 618 3842 τρίτον
629 3762 656 3820 δέ
668 3762 697 3821 τὸ
709 3761 830 3839 μέγιστον
843 3765 927 3840 λέγω,
938 3767 973 3830 ὡς
985 3767 1044 3824 οὐδέ
1087 3777 1173 3827 deinde
1188 3776 1218 3826 ed
1234 3777 1310 3838 legem
1326 3776 1357 3826 de
1375 3777 1500 3838 preconiis
1513 3777 1667 3839 respondent,
1680 3777 1751 3826 tertie
1765 3779 1821 3827 lece
1833 3779 1864 3828 ed

267 3848 338 3916 άξιός
350 3851 404 3907 ἀστι
418 3854 464 3918 τῆς
475 3851 581 3929 δωρεᾶς.
607 3850 672 3910 ’Ele
686 3852 708 3908 δ’
723 3854 795 3927 ὑμῶν
809 3850 898 3924 δέηται
909 3858 1044 3931 συγγωρῆ·
1087 3865 1146 3915 illud
1159 3866 1222 3928 quod
1234 3866 1367 3914 maximum
1382 3865 1450 3925 dico,
1461 3878 1509 3913 neu
1519 3877 1570 3913 esce
1582 3863 1680 3926 dignum
1692 3877 1749 3913 eum
1764 3879 1863 3914 coreno.

268 3959 314 3995 σαι
326 3939 397 4014 αὑτῷ
411 3936 470 4015 περὶ
479 3940 525 4007 τῆς
536 3936 632 4004 τάξεως
639 3943 684 3996 τοῦ
694 3938 771 4011 λόγου
782 3981 791 4012 ,
803 3942 1044 4017 κατιπαγγελλόμε·
1088 3952 1235 4010 ὑποθεῖναι
1248 3955 1313 4013 oret,
1326 3955 1353 4000 ut
1365 3951 1396 4000 de
1414 3951 1497 4000 ordine
1508 3951 1600 4001 dicendi
1617 3965 1661 4001 sue
1677 3965 1703 4001 se
1715 3952 1817 4002 arbitrio
1830 3954 1864 4002 uti

268 4046 310 4090 νος
328 4026 365 4090 όις
385 4025 427 4082 tei
441 4028 474 4102 τῇ
487 4026 596 4104 τελευτῇ
615 4029 662 4096 τῆς
676 4025 815 4098 ἀπολογίας
829 4027 901 4085 λύσει
914 4027 944 4085 τὸ
957 4028 1043 4106 παρά·
1087 4038 1235 4099 oenomaus,
1246 4038 1365 4101 pollicitus
1380 4051 1406 4088 se
1421 4037 1466 4086 suli
1483 4039 1555 4088 finem
1573 4039 1719 4089 defensionis
1730 4040 1823 4090 crimen
1834 4040 1865 4089 ‹le

266 4133 364 4187 κομον,
387 4109 426 4188 μὴ
447 4121 605 4192 συγχωρεῖτε
627 4114 689 4188 μηδ’
712 4114 822 4187 ἀγνοεῖθ’
842 4114 883 4172 δτι
904 4116 1044 4192 πάλαισμα
1088 4125 1863 4189 decreloceutrniegeslectosoluturum,nequequemceneedite,

230 4219 257 4258 eu
269 4199 337 4257 τοῦτ’
351 4199 407 4258 leel
419 4199 596 4277 δικαστηρίου
610 4201 639 4257 ού
650 4199 701 4279 γάρ
722 4200 832 4266 είσαὺθές
843 4225 907 4260 ποτε
924 4203 1044 4280 βούλεται
1088 4227 1214 4276 neqrreres
1223 4213 1296 4275 fugiet
1304 4213 1414 4262 mitidum
1425 4213 1542 4262 lieneeme
1552 4205 1661 4262 leclrnem
1670 4213 1862 4264 edeiuetnnelnrn

269 4287 334 4368 πρδς
342 4287 373 4346 τδ
383 4286 534 4366 παράνομον
549 4289 747 4365 ἀπολογεῖσθαι,
761 4288 817 4346 ἀλλ’
838 4289 910 4348 οὐδέν
923 4290 990 4369 ἔχων
1004 4291 1043 4349 δέ·
1085 4299 1202 4361 judicium
1214 4320 1220 4349 ι
1232 4312 1355 4362 nunonem
1365 4299 1429 4349 enim
1440 4300 1521 4361 posteo
1534 4298 1564 4347 ed
1576 4299 1666 4346 cumen
1676 4298 1765 4346 decreti
1779 4301 1863 4347 conire

269 4398 343 4433 καιον
358 4377 439 4433 εἰπεῖν
452 4374 545 4452 έτέρων
563 4375 719 4454 παρεμύολῇ
733 4377 898 4453 πραγμάτων
911 4380 947 4444 είς
962 4379 1044 4451 λήθην
1088 4388 1150 4449 leges
1159 4388 1213 4436 fucit
1224 4386 1387 4449 respondebit,
1404 4385 1455 4445 secl,
1466 4399 1540 4447 quium
1552 4385 1609 4433 nihil
1627 4384 1714 4434 hebent
1726 4385 1864 4446 qroedjustc

270 4467 338 4535 ὑμᾶς
350 4462 471 4541 βούλεται
484 4466 529 4532 τῆς
540 4461 696 4542 κατηγορίας
709 4462 843 4539 έμόαλεῖν.
861 4467 917 4540 (nee)
939 4463 1044 4545 Ὥσπερ
1089 4473 1163 4535 pessit
1174 4472 1262 4531 dicere,
1273 4472 1374 4520 eliorum
1383 4484 1462 4520 rerum
1472 4470 1597 4531 injectione
1603 4470 1627 4519 in
1636 4469 1781 4518 ehlirienem
1791 4483 1863 4519 necer-

270 4541 316 4607 οὑν
336 4551 363 4607 έν
377 4550 431 4614 τοῖς
443 4558 576 4625 γυμνικοῖς
593 4553 690 4627 ἀγῶσιν
702 4553 778 4628 δρᾶτε
792 4549 850 4617 τούς
863 4552 963 4618 πύκτας
984 4553 1044 4633 περί
1088 4558 1359 4609 sotionisrosnelducere
1369 4558 1463 4620 cogitet.
1496 4559 1561 4620 (206)
1572 4557 1782 4615 Quemadmodum
1794 4558 1864 4620 igilur

271 4640 318 4706 τῆς
328 4636 443 4701 στάσεως
457 4635 579 4706 ἀλλήλοις
589 4637 829 4712 διαγωνιζομένους,
840 4637 907 4696 οὑτω
916 4637 960 4696 καλ
972 4643 1045 4714 ὑμεῖς
1089 4649 1112 4695 in
1130 4646 1300 4696 certaminibus
1318 4646 1432 4707 gymnicis
1450 4645 1534 4695 ridetis
1546 4645 1635 4707 pingiios
1651 4644 1713 4693 iuter
1724 4657 1750 4693 se
1758 4644 1789 4693 de
1798 4649 1862 4694 stetu

272 4721 335 4793 ὑλην
355 4721 402 4792 τὴν
423 4721 524 4801 ἡμέραν
549 4723 614 4805 ὑπέρ
627 4728 672 4794 τῆς
692 4724 791 4783 πόλεως
813 4725 872 4804 περὶ
892 4731 937 4796 τῆς
950 4726 1045 4793 τάξεως
1089 4734 1224 4794 elmerum,
1234 4733 1301 4782 siuet
1312 4746 1355 4780 tes
1366 4747 1421 4781 eum
1431 4747 1460 4782 eo
1471 4736 1549 4782 icium
1565 4732 1629 4781 diem
1642 4745 1685 4794 pro
1698 4732 1822 4793 republinn
1835 4732 1865 4780 de

234 4832 262 4872 es
274 4812 344 4890 αὐτῷ
357 4815 403 4867 τοὺ
418 4810 495 4886 λόγου
514 4810 644 4889 μάχεσθε,
664 4811 709 4869 καὶ
723 4812 760 4888 μὴ
774 4815 833 4870 ἐᾶτε
847 4812 924 4870 αὑτὸν
938 4811 986 4879 ἔξω
1000 4819 1045 4871 τοῦ
1088 4821 1182 4869 dicendi
1194 4820 1278 4869 ordine
1290 4819 1435 4882 denegante,
1450 4833 1527 4881 neque
1537 4832 1593 4868 enm
1610 4818 1681 4867 sinite
1694 4826 1761 4867 extre
1773 4820 1864 4868 crimen

272 4895 425 4975 παρανόμου
438 4897 637 4974 περιίστασθαι,
654 4899 712 4956 ἀλλ’
734 4900 903 4975 ἐγκαθήμενοι
923 4899 968 4957 καί
990 4902 1045 4957 ένε-
1089 4908 1184 4955 νῑοθοίιιι
1194 4906 1250 4968 legis
1258 4920 1300 4967 per
1310 4907 1420 4968 orniliegrs
1430 4906 1544 4965 evnrlere,
1553 4906 1595 4954 sed
1605 4905 1723 4953 nrirttendo
1735 4907 1770 4955 illi
1780 4905 1864 4954 imme·

273 4982 403 5061 δριύοντες
419 4986 446 5042 έν
459 4989 491 5062 τῇ
506 4986 630 5065 ἀκροάσει
650 4986 809 5046 εἰσελαύνετε
828 4986 905 5045 αὐτόν
929 4989 964 5052 εἰς
986 4986 1045 5054 τοὺς
1089 4995 1168 5042 rentes
1178 4996 1251 5055 etqiie
1263 4993 1392 5043 insidentes
1403 4995 1464 5043 intre
1473 5006 1552 5040 enusm
1564 4992 1636 5054 ipsius
1645 4991 1733 5040 limites
1744 4992 1866 5040 homiuem

272 5073 318 5126 τοὺ
332 5070 482 5149 πράγματος
495 5070 599 5149 λόγους,
616 5072 661 5131 καί
683 5073 728 5139 τὰς
752 5071 877 5150 ἐκτροπάς
898 5075 976 5131 αὑτοῦ
993 5078 1045 5131 τῶν
1088 5084 1208 5139 coercete,
1218 5080 1395 5143 verborumque
1413 5080 1463 5141 ejus
1473 5079 1614 5128 diverticula
1623 5083 1648 5127 et
1656 5080 1778 5127 entrecius
1786 5080 1867 5127 chuer-

270 5153 355 5233 λόγων
373 5160 528 5237 ἐπιτηρεῖτε.
555 5158 613 5238 (ece)
630 5159 699 5219 ’hil’
711 5159 728 5216 ἀ
742 5159 774 5229 δή
788 5158 951 5235 συμόήσεται
966 5162 1043 5235 ὑμῖν,
1091 5172 1153 5217 veie.
1173 5171 1239 5231 (207)
1256 5170 1405 5226 Qumeotem
1416 5167 1485 5216 vehis
1496 5170 1612 5215 eventum
1623 5165 1687 5225 sint,
1705 5165 1783 5213 silioc
1792 5165 1866 5213 medo

273 5243 320 5316 ἐξα
335 5251 424 5304 τοῦτον
444 5247 487 5304 τὸν
506 5246 601 5325 τρόπον
621 5247 669 5318 τὴν
690 5247 813 5327 ἀκρόασιν
834 5251 957 5330 ποιῆσθε,
973 5248 1045 5306 ταῦθ’
1091 5257 1276 5306 Demosthenem
1290 5255 1405 5316 audietis,
1418 5268 1516 5317 requum
1530 5256 1566 5304 est
1579 5256 1606 5301 ui
1618 5251 1754 5315 mendicem.
1789 5255 1867 5302 intro·
