3967 5967
216 443 283 495 '896
766 440 911 501 ΣΧΟΑΙΑ
932 442 996 502 ΕΙΣ
1016 441 1291 503 ΔΗΜΟΣΘΕΝΗΝ.

261 572 323 642 594,
339 573 365 625 θ.
383 569 452 642 ’Βγίυ
470 570 519 643 γάρ
533 570 555 625 εί
569 571 611 643 μέν
624 570 724 644 έώρων]
739 574 822 628 Ταῦτα
834 577 950 647 προοίμια
967 577 1008 628 καί
1054 578 1140 646 μάχη,
1150 576 1191 628 διὰ
1203 581 1275 631 τούτο
1289 576 1427 648 ἀναγκαίως
1440 574 1485 643 τήν
1499 575 1566 639 τάξιν
1581 575 1662 630 αύτῶν
1673 576 1838 647 παρεκίνησε,

223 668 286 712 τινες
304 649 397 704 ἔννοιαι
409 652 456 723 πρδ
473 658 521 706 τῶν
537 650 642 723 άγώνων
657 654 834 707 διαόάλλουσαι
847 655 889 708 τδν
913 653 1008 726 ἰίνδροι
1053 654 1097 721 τήν
1111 656 1240 722 δεινότητα
1251 656 1292 708 καὶ
1307 655 1351 722 τήν
1368 657 1459 725 τέχνην
1469 654 1573 717 ἀντιθείς
1590 659 1623 727 τῇ
1635 660 1680 709 τοῦ
1692 659 1841 728 γράμματος

222 730 300 781 τίωνα
311 729 345 792 ώς
358 728 452 784 άπατᾶν
463 731 629 794 θέλοντα,ίνα
644 729 678 802 μή
690 733 751 805 δοκῇ
760 733 831 796 αύτδς
843 739 916 788 τοῦτο
928 739 1007 789 ποιεῖν
1054 733 1139 804 ἰσχύϊ·
1163 734 1204 786 διίι
1216 739 1290 789 τοῦτο
1302 735 1328 788 αί
1340 735 1503 805 εροδιαόολοὶ
1518 735 1580 788 κατά
1598 733 1780 805 Ἀνδροτίωνος,
1791 737 1839 789 θνα

222 810 238 860 δ
259 811 386 880 μέμφεται.
424 809 491 863 Οἶδα
508 810 553 877 τήν
571 812 679 881 τίχνην,
694 813 738 866 ούκ
756 813 840 884 ἀγνοῶ
854 813 898 880 τὴν
912 814 1007 882 ἀπάτην
1055 812 1405 886 Ἆνδροτίωνόσοφιζόμενος,
1419 814 1485 866 ἀλλὰ
1498 812 1735 885 μήόΔημοσθίνης,
1748 815 1838 886 φαίνη-

222 882 467 960 ήμέλλιιχρήσθαι’
483 892 524 944 διδ
537 893 707 961 προδιδάσκω,
722 893 765 945 ίνα
779 893 925 963 φυλάξησθε.
965 894 1007 957 Είς
1051 912 1101 946 ται.
1138 893 1235 948 Ὅτιδὲ
1252 895 1403 965 σοφίσματος
1425 895 1506 948 ἕνεκεν
1528 895 1632 948 τέθειται
1653 896 1695 947 καί
1712 895 1772 966 άχρι
1792 901 1839 962 τῆς

221 968 333 1025 τδαύτό,
372 970 442 1023 ύίετά
464 971 493 1023 τδ
508 971 637 1043 προοίμιον
657 972 759 1043 ἄρχεται
772 977 815 1039 τῆς
827 974 944 1040 διαθολῆς
958 981 1005 1028 τῶν
1052 970 1150 1042 μνήμης
1167 973 1243 1041 μόνον
1267 972 1389 1043 όνόρος,
1412 973 1456 1025 ίνα
1480 973 1541 1043 μηδέ
1561 974 1674 1045 δευτέραν
1688 972 1794 1036 ἐξέτασιν
1823 975 1839 1027 ό

226 1045 392 1118 Ἀνδροτίωνος
406 1049 499 1121 λόγων.
539 1049 693 1105 ίίατάστασιν
708 1051 755 1123 γάρ
769 1051 784 1105 ό
798 1053 873 1121 λόγος
895 1053 939 1106 ούκ
953 1052 1006 1122 ἔχει
1050 1041 1169 1121 ἀκροατής
1186 1051 1289 1124 έπιζητῇ
1300 1055 1346 1104 τοῦ
1364 1051 1439 1105 αύεοῖν
1453 1053 1481 1105 νό
1501 1070 1543 1118 ου,
1557 1052 1635 1119 δῆλον
1645 1052 1672 1106 έκ
1694 1057 1738 1106 τοῦ
1760 1054 1838 1123 μηδε·

221 1126 479 1200 διάεδγνωρίζεσθαι
494 1128 539 1196 τήν
555 1129 669 1184 ίνκόθεσιν
683 1133 736 1194 τοῖς
750 1130 889 1187 ἀκούουσιν.
927 1132 1005 1194 Ἄξιον
1051 1131 1109 1201 μίαν
1130 1129 1265 1198 ἀπάντησιν
1289 1130 1351 1201 μηδὲ
1376 1073 1519 1202 ἀντιλογίΔν
1539 1130 1602 1203 μήτε
1626 1134 1710 1205 μάχην
1730 1132 1836 1204 ἰσχυρόν

221 1205 249 1258 δί
266 1205 462 1278 ἐπισημήνασθαι
476 1209 532 1279 περί
543 1213 587 1276 τῆς
600 1209 718 1275 διαθολῆς
730 1211 833 1278 ταύτης,
852 1212 890 1264 ότι
906 1211 1004 1282 μελλων
1049 1209 1116 1282 αύτῷ
1129 1212 1276 1281 γεγενῆσθαι
1287 1212 1346 1281 πρδς
1357 1210 1431 1263 αύτδν
1444 1212 1487 1264 τδν
1500 1212 1587 1282 νόμον.

221 1282 293 1346 αύτδς
308 1286 449 1356 σοφίζεσθαι
463 1287 506 1340 τόν
525 1286 697 1359 ἀκροώμενον,
712 1287 740 1342 ίκ
757 1293 800 1357 τῆς
816 1294 860 1343 τού
873 1293 1005 1361 προσώπου
1085 1290 1147 1359 594,
1160 1289 1204 1342 25.
1219 1290 1291 1342 Ταῦτ’
1306 1290 1423 1361 ἐπήρετο]
1449 1291 1565 1361 Δεύτερον
1587 1293 1657 1363 μέρος
1677 1294 1721 1358 τῆς
1740 1290 1838 1344 ἀντιθέ·

220 1366 351 1433 ποιότητος
366 1364 410 1431 τήν
424 1364 667 1439 ίναντίανύπόληψιν
681 1366 817 1439 έργάζεται.
857 1367 944 1439 Ἔχων
956 1369 1004 1441 γάρ
1049 1388 1118 1430 σεως.
1156 1369 1300 1439 Σεσόφισται
1318 1368 1344 1422 δί
1358 1368 1427 1422 ούδέν
1441 1363 1545 1436 ήττονή
1562 1370 1728 1441 τδπρότερον.
1756 1370 1837 1424 λύτδν

221 1441 319 1505 ίνδοξον
332 1446 462 1516 πρόσωπον
483 1446 525 1498 καί
537 1448 662 1518 γνώριμον
677 1446 704 1500 ίκ
722 1447 871 1509 παιδείαςτδ
895 1447 1005 1520 ἀνταγω-
1048 1445 1096 1517 γάρ
1117 1447 1160 1501 τδν
1178 1446 1337 1517 Ἀνδροτίωνα
1356 1446 1530 1519 ὁμολογοῦντα
1543 1451 1644 1519 παρέχει
1664 1449 1838 1518 έπηρωτῆεθαι

221 1525 363 1594 νιζόμενον,
387 1524 411 1586 ίξ
429 1524 503 1578 αύτού
516 1525 602 1579 λαθεῖν
627 1523 672 1591 τήν
694 1525 814 1592 διαθολήν
836 1527 1002 1599 ἐπεχείρησεν.
1048 1525 1091 1577 τόν
1103 1526 1182 1595 δῆμον
1206 1526 1247 1577 καὶ
1260 1526 1414 1596 χειροτονίαν
1433 1527 1598 1597 γεγενῆσθαι,
1616 1527 1659 1579 ἵνα
1673 1526 1747 1579 πάλιν
1761 1532 1837 1579 τοῦτο

224 1600 334 1675 Ἀπάγων
343 1604 392 1675 γάρ
402 1605 444 1659 τδν
457 1604 578 1675 άκροατὴν
591 1606 695 1672 τῆςκαθ
708 1604 794 1660 ἑαυτοῦ
806 1606 920 1670 ύπονοίας
930 1613 1004 1662 τοῦτο
1048 1605 1077 1658 τὸ
1100 1606 1171 1677 μέρος
1192 1609 1235 1672 τῆς
1259 1605 1400 1667 ἆντιθέσςως
1417 1605 1475 1676 πρὸς
1497 1604 1567 1658 λύσιν
1590 1606 1671 1677 ἐτέρας
1693 1605 1838 1667 ἇνῐῑθένῑῑνς

219 1685 295 1736 ποιεῖ.
332 1683 373 1745 Τίς
387 1682 435 1754 γάρ
448 1683 492 1737 ούκ
509 1685 538 1737 ἀν
552 1684 672 1739 θπολάόοι
682 1692 732 1738 τῶν
746 1686 873 1759 ἀκροατῶν
886 1687 929 1740 τόν
949 1688 1003 1741 ίκα·
1048 1684 1122 1758 λάόη.
1161 1685 1255 1739 Μέλλει
1280 1685 1328 1757 γάρ
1352 1686 1451 1756 ύστερον
1476 1687 1584 1750 τιθέναι,
1607 1685 1658 1756 ἐγώ
1679 1686 1722 1751 δέ,
1747 1685 1769 1739 εί
1791 1687 1836 1756 μὲν

221 1764 327 1833 νώτερον
353 1761 446 1830 εἰπεῖν,
470 1763 567 1834 μᾶλλον
592 1763 739 1832 ίξαπατῆσαι
753 1766 931 1837 προελέσθαιή
959 1768 1002 1822 τδν
1048 1765 1129 1819 ἔδωκα
1146 1767 1265 1840 αἰτούσῃ,
1289 1766 1354 1837 παρὰ
1377 1767 1421 1819 τδν
1446 1767 1521 1837 νόμον
1542 1765 1635 1837 εἴρηκα·
1657 1766 1701 1818 ἵνα
1720 1767 1837 1837 φαίνηται

221 1841 319 1912 ἄπειρον
334 1841 439 1913 ἀγώνων
453 1843 495 1895 καί
505 1842 606 1914 λόγωνς
1051 1843 1192 1917 Ἀνδροτίων
1209 1845 1307 1900 ίναντία
1321 1846 1402 1917 λέγων
1417 1846 1489 1906 αύτδς
1509 1844 1602 1916 ἐαυτῷ,
1618 1845 1722 1898 ἐνταῦθα
1740 1846 1783 1917 μέν
1796 1849 1837 1900 ότι

255 1920 317 1990 594,
340 1938 383 1974 ιι.
400 1918 519 1993 λίπλοῦν]
533 1922 568 1974 Tb
592 1921 687 1975 άπλούν
702 1922 758 1992 τρία
772 1923 902 1992 σημαίνει·
916 1924 949 1987 ὡς
963 1924 1003 1980 έπί
1048 1924 1202 1997 ίπηρώτησεν
1222 1925 1397 1993 όίπιστάτης,
1417 1924 1515 1996 ίτέρωθι
1529 1925 1557 1977 δέ
1570 1925 1643 1978 πάλιν
1656 1926 1695 1978 ὅτι
1710 1924 1754 1978 ούκ
1774 1926 1837 1996 ήτη-

219 1996 323 2069 ἀριθμού
336 1999 395 2070 ιιρδς
412 1998 600 2066 άντιδιαστολὴν
618 2005 661 2054 τοῖν
675 2001 782 2055 διπλοῦ·
803 2001 845 2054 καί
866 2001 960 2056 ἁπλοῦν
974 2006 1002 2058 τό
1047 2025 1098 2061 σεν.
1136 2007 1211 2069 λύτδς
1222 2006 1269 2079 γάρ
1281 2006 1484 2078 ἐξελεγχθήσεται
1494 2004 1540 2058 ύπδ
1550 2010 1598 2058 τῶν
1608 2004 1705 2058 οἰκείων
1717 2005 1836 2076 ῥημάτων

219 2075 287 2139 ἐκτός
310 2079 469 2149 κακουργίας·
490 2079 550 2150 πρὸς
570 2078 664 2141 τούτοις
677 2080 792 2151 σημαίνει
810 2080 853 2132 καὶ
869 2080 898 2133 τ“ο
918 2082 1003 2136 σύντο·
1047 2085 1158 2157 ήτηκώς,
1170 2086 1265 2158 είπερίς
1282 2086 1397 2158 ἐρώτησις
1408 2087 1498 2156 τρόπον
1510 2084 1565 2138 τινί
1578 2085 1619 2138 καί
1632 2085 1735 2152 αἴτησις.
1770 2084 1837 2140 mn

219 2176 276 2228 μον.
290 2160 347 2212 AR.
1046 2164 1062 2231 ή
1076 2166 1144 2228 λύσις
1157 2167 1257 2233 έπῆκται
1269 2166 1298 2219 ού
1312 2167 1370 2238 πρός
1380 2185 1403 2219 τι
1414 2167 1500 2236 μέρος,
1514 2164 1580 2217 ἀλλά
1593 2165 1652 2235 πρδς
1665 2164 1709 2231 τήν
1725 2167 1835 2220 διάνοιαν

255 2239 317 2309 594,
339 2238 382 2292 15.
397 2238 482 2291 Πάντα
499 2237 542 2291 τόν
563 2240 635 2309 βίον]
652 2237 717 2310 Ὅρα
740 2239 769 2291 τὸ
790 2240 870 2293 πάντα
880 2241 923 2294 τδν
937 2240 1001 2310 βίον.
1048 2246 1142 2299 ἅπασαν
1153 2250 1195 2312 τῆς
1206 2243 1397 2309 άντιθέσεως,εί
1408 2244 1470 2297 κατὰ
1483 2244 1526 2297 τὀν
1543 2244 1620 2313 νόμον
1636 2243 1746 2314 ἔγραφες,
1757 2245 1835 2315 ταύτῃ

222 2315 279 2371 Ἐπί
290 2316 335 2384 τήν
348 2318 487 2389 προαίρεσιν
503 2319 604 2390 μετάγει
613 2316 657 2384 τήν
672 2317 791 2384 διαόολήν
810 2318 949 2386 ἀποστήσας
959 2324 1002 2387 τῆς
1048 2324 1145 2396 μαλλον
1167 2324 1242 2396 ίχρῆν
1257 2324 1316 2378 αύτδ
1337 2324 1450 2394 γενέσθαι
1465 2324 1494 2376 τό
1510 2323 1689 2394 προόούλευμα·
1711 2324 1754 2375 ἵνα
1772 2324 1836 2395 δοκῇ

217 2398 315 2467 ῖὲχνης·
353 2396 491 2469 Ὅθῡνγᾶρ
506 2396 637 2464 ίλᾱσὶτδν
652 2399 704 2469 βίνν
718 2397 1002 2469 ςῖςτδκατῡρθιῖῆαῑτῆς
1046 2404 1157 2475 πρδςτδν
1174 2406 1251 2475 νόμον
1266 2403 1380 2457 ἀπαντῶν
1394 2400 1532 2455 ἀποκλείειν
1557 2401 1715 2472 Ἀνδροτίωνα
1736 2403 1836 2473 μνήμης

218 2474 311 2544 &RQ
326 2475 370 2542 τὴν
393 2478 494 2547 ῐίχνθν·
533 2478 607 2532 ’'an
629 2478 677 2550 γύψ
695 2476 765 2542 οὗτος
787 2486 836 2533 τῶν
851 2478 1002 2551 Ἰσοκράτους
1047 2490 1089 2537 τοῦ
1103 2487 1180 2555 νόμου
1193 2485 1311 2554 δευτέρας.
1337 2482 1451 2552 ίίεριττδς
1465 2481 1513 2553 γάρ
1534 2480 1598 2543 δόξει
1618 2485 1670 2543 τοῖς
1683 2480 1832 2548 ἀκούουσιν,

217 2554 319 2628 ίῐαίρων
331 2556 460 2630 ίπίΰημθς·
1046 2563 1113 2634 εἴπερ
1132 2563 1165 2626 είς
1186 2563 1268 2634 ίτίραν
1286 2563 1371 2633 χρείαν
1393 2561 1543 2632 παραλαόύνν
1561 2562 1604 2614 τόν
1625 2564 1700 2631 νόμον
1716 2562 1752 2614 ἔτι
1773 2583 1834 2632 μνη·

256 2650 379 2717 59417.
405 2646 622 2719 Ὀμωμοσμίνοις]
638 2647 768 2719 Ἐγχειρεῖ
783 2647 831 2703 ἀπδ
845 2649 947 2714 τούτου,
963 2651 1001 2703 ότι
1045 2642 1253 2711 σθείητοῖιαύτού
1267 2643 1353 2713 νόμου.
1377 2641 1412 2692 Τδ
1428 2638 1530 2694 δίκατά
1546 2642 1622 2711 νόμον
1641 2642 1835 2710 προστέθεικενό

217 2727 241 2780 οί
257 2727 388 2798 μέλλοντες
401 2728 508 2781 δικάσειν
526 2728 626 2799 ὤμνυον
645 2730 761 2800 πρότερον
783 2729 880 2791 δικαίως
893 2733 998 2800 κρινεῖν,
1045 2722 1125 2793 ῥήτωρ
1135 2723 1169 2784 ὥς
1183 2722 1230 2776 hub
1246 2727 1290 2775 τοῦ
1307 2720 1474 2791 Ἀνδροτίωνος
1483 2721 1621 2791 λεγόμενον
1632 2761 1638 2783 ε
1651 2721 1695 2771 ἵνα
1708 2719 1833 2792 empus-55

217 2805 390 2878 ιῖταέκρινον.
405 2809 481 2861 Lm.
1045 2807 1088 2869 τῆς
1098 2802 1199 2864 λύσεως.
1236 2801 1315 2854 Φιλεῖ
1332 2800 1468 2871 γάρτοῦτο
1484 2801 1574 2854 ποιεῖν.
1617 2797 1650 2852 Ἣ
1670 2801 1752 2870 μέντοι
1771 2799 1835 2862 λέξις

253 2888 315 2957 594,
329 2902 372 2942 22.
389 2884 519 2957 Ἐστιγάρ
533 2883 567 2949 είς
581 2886 643 2958 μέν]
660 2885 797 2940 Είσόάλλει
818 2886 905 2941 λοιπδν
920 2887 1000 2941 έντεῖι·
1045 2884 1102 2952 πρὸς
1115 2882 1177 2950 όλην
1191 2882 1264 2936 τείνει
1277 2879 1322 2946 τὴν
1333 2881 1442 2932 ῧῑάθνῑνν
1451 2879 1542 2943 νῧςνςν
1559 2878 1580 2932 ῑί
1593 2877 1656 2931 κατὰ
1670 2881 1745 2949 νόμον
1758 2877 1832 2949 ίγρα·

217 2966 257 3018 θεν
272 2964 306 3028 είς
318 2967 374 3026 το“υς
386 2964 484 3029 ἀγῶνας
495 2965 536 3017 καί
557 2966 586 3018 τό
599 2966 705 3035 νόμιμον
717 2967 859 3036 κεφάλαιον.
875 2969 997 3021 FLYTP.
1044 2981 1100 3033 5³⁵5,
1118 2962 1193 3033 ῑνῦῐῃ
1208 2959 1305 3031 [ἆθλον
1321 2958 1397 3029 ἶκςῆν
1411 2959 1520 3029 ῖίνῑνθαῐ
1535 2956 1714 3028 πθνὸθῦλῑθίάθ·

253 3042 325 3097 Ἔστι
345 3043 411 3115 γάρ]
435 3042 564 3097 Ἐντεῦθεν
594 3044 696 3114 ἔρχεται
721 3049 765 3097 τοῦ
794 3046 900 3116 νομίμου
925 3065 999 3117 κεφα·
1083 3038 1218 3110 Ἐπήριτο]
1235 3040 1318 3092 Ταῦτα
1331 3038 1556 3109 ἧρώῗθσῑιφθνῖνι
1579 3036 1745 3101 ὁἶῖΐῑῦῖἇῖθς·
1763 3033 1833 3090 ’Eub

215 3122 296 3177 λαίου.
313 3128 346 3178 Α.
1045 3121 1133 3186 στάτης
1149 3120 1175 3172 δὲ
1189 3116 1333 3189 λέγεταιτίς
1347 3120 1395 3169 τῶν
1416 3115 1432 3167 ι’
1450 3117 1582 3185 προέδρων.
1628 3112 1674 3183 Ἀφ’
1691 3112 1792 3180 ίκάστης
1807 3114 1834 3167 δί

253 3203 315 3273 594,
331 3206 374 3266 α4.
390 3201 474 3272 Νόμος
487 3200 554 3266 ἔστί,
571 3201 662 3271 φησίν]
676 3199 701 3253 έν
714 3207 750 3273 τῷ
775 3226 786 3247 ι
806 3204 880 3273 νόμος
893 3201 958 3256 ἐστίν
985 3227 996 3254 ν
1043 3199 1120 3269 φυλῆς
1132 3205 1181 3252 τῶν
1197 3202 1211 3249 ι’
1224 3197 1391 3268 προεόάλοντο
1405 3195 1427 3248 ν’
1446 3196 1530 3265 ἀνδρες
1546 3195 1589 3247 καί
1606 3193 1717 3265 ἐγίνοντο
1730 3192 1794 3262 ύμοῦ
1807 3194 1833 3247 οἱ

217 3283 263 3352 θρα
283 3280 328 3347 τήν
350 3280 492 3352 οἰκονομίαν
504 3285 548 3334 τού
568 3279 678 3351 ῥήτορος.
716 3281 751 3333 Ού
767 3280 841 3352 γάρή
860 3282 927 3353 φύσις
948 3289 997 3337 τῶν
1044 3281 1129 3341 πάντες
1142 3281 1176 3349 φ’.
1224 3276 1288 3330 Εἶτα
1304 3276 1330 3330 έκ
1351 3277 1444 3329 τούτων
1459 3281 1507 3327 τῶν
1521 3276 1545 3345 φ’
1566 3274 1702 3343 ἐπληροῦτο
1720 3271 1736 3338 ή
1752 3271 1831 3342 βουλή

214 3363 366 3433 πραγμάτων
380 3360 468 3427 ταύτης
487 3362 628 3430 προσδεῖται
647 3363 691 3427 τῆς
706 3359 808 3425 τάξεως,
823 3359 881 3412 ἀλλ’
893 3359 908 3427 ί]
919 3361 999 3414 δεινό-
1044 3362 1092 3410 τῶν
1105 3356 1131 3426 ρ’
1178 3357 1208 3410 Οἱ
1223 3356 1293 3409 αύτοί
1304 3355 1329 3408 δέ
1347 3355 1389 3407 καί
1399 3355 1524 3424 πρυτάνεις
1544 3350 1672 3423 ἐγίνοντο,
1693 3347 1733 3401 ἀεὶ
1745 3356 1795 3402 τῶν
1810 3350 1834 3403 ν’

214 3460 258 3508 της
271 3445 316 3494 τοῖν
330 3439 431 3511 ῥήτορος
443 3437 487 3503 τήν
501 3434 577 3491 ούσαν
597 3438 667 3509 ἰσχύν
681 3440 857 3510 παρεκίνησεν,
872 3439 997 3509 ἄχρηστον
1043 3437 1136 3508 άνδριῖνν
1151 3444 1199 3491 τῶν
1210 3436 1249 3507 ἀφ’
1263 3435 1365 3501 ἑκάστης
1376 3434 1453 3505 φυλῆς
1465 3433 1549 3504 κλήρῳ
1560 3431 1622 3484 κατθι
1636 3427 1755 3499 διαδοχήν
1768 3430 1831 3483 διοι-

215 3519 241 3574 ίκ
255 3524 298 3588 τῆς
318 3522 405 3581 θέσεως
418 3517 574 3580 ἀποδείξασα.
610 3512 671 3573 Οίόν
688 3537 713 3571 τι
725 3518 807 3588 λέγω·
826 3519 884 3589 πρός
895 3519 937 3571 τδν
951 3517 998 3573 θπδ
1042 3518 1150 3571 κούντων
1167 3516 1221 3569 καθ’
1236 3517 1338 3568 ἕκαστον
1354 3518 1456 3584 μνῆμα,
1474 3512 1516 3565 καί
1534 3510 1649 3580 ἐλέγοντο
1663 3510 1686 3561 οί
1705 3511 1832 3579 πρυτάνεις

212 3604 258 3652 τού
272 3600 395 3670 Διοδώρου
414 3599 603 3669 προτεινόμενον
622 3598 678 3668 περὶ
698 3604 748 3652 τῶν
762 3604 823 3652 νεών
837 3601 928 3670 νόμον,
947 3596 998 3654 Ούκ
1042 3597 1128 3666 κυρίως
1140 3595 1211 3649 αύτοί
1222 3594 1246 3648 οί
1267 3593 1290 3646 ν’
1311 3594 1335 3647 έν
1351 3593 1436 3664 ἐκείνῳ
1455 3597 1490 3662 τῷ
1503 3591 1575 3660 μηνί,
1591 3589 1616 3643 έν
1634 3585 1656 3660 ᾧ
1671 3589 1832 3659 έπρυτύνευον

214 3678 346 3745 ίποιήσατο
360 3677 402 3740 τάς
415 3678 518 3749 τριήρεις
531 3677 548 3745 ή
564 3676 658 3748 βουλή,
677 3676 722 3745 τήν
743 3678 836 3749 δωρεὰν
848 3678 876 3732 ού
898 3680 998 3732 δύναται
1042 3676 1083 3729 καί
1092 3678 1196 3748 διῴκουν
1210 3674 1241 3727 τθι
1250 3677 1293 3740 τῆς
1306 3673 1411 3735 πόλεως.
1429 3670 1484 3725 λεδ
1495 3669 1521 3722 δὲ
1530 3674 1578 3723 τῶν
1597 3667 1726 3721 ν’πάλινό
1739 3668 1831 3738 μείζων

213 3758 311 3822 λαθεῖν,
327 3758 424 3829 ἀπαντᾷ
434 3757 448 3811 θ
466 3757 608 3828 Ἀνδροτίων
621 3757 688 3820 εύθύς
702 3758 760 3829 πρδς
782 3762 855 3811 τοῦτο
868 3760 905 3812 ότι
923 3761 997 3831 νόμος
1042 3756 1209 3826 προεόάλλετο
1229 3755 1270 3807 καί
1293 3751 1406 3805 ἐκαλεῖτο
1426 3751 1556 3819 πρόεδρος,
1575 3748 1608 3810 ώς
1622 3746 1688 3801 εἶναι
1704 3745 1731 3800 ίκ
1749 3752 1799 3800 τῶν
1815 3748 1833 3799 ι’

214 3836 279 3891 ίστιν
294 3839 374 3909 ἕτερος
383 3838 504 3902 κελεύων,
518 3836 560 3891 ίάν
579 3836 650 3899 άξίως
663 3836 678 3904 ή
691 3830 767 3908 βουλή
781 3839 843 3910 δοκῇ
868 3839 997 3909 βουλεῦσαι
1041 3836 1122 3907 φυλῶν
1138 3836 1155 3889 ι’
1166 3836 1304 3906 προέδρους.
1341 3833 1439 3885 Τούτων
1449 3829 1475 3883 δέ
1487 3834 1535 3880 τῶν
1549 3829 1672 3897 προέδρων
1685 3823 1719 3888 εἷς
1729 3827 1831 3889 ἕκαστος

213 3919 320 3989 δωρεᾶς,
336 3920 430 3973 διδόναι
442 3919 485 3971 τόν
497 3918 577 3989 δῆμον
589 3916 633 3983 τὴν
647 3919 736 3988 χάριν,
750 3918 792 3970 καὶ
800 3917 877 3980 οθτως
892 3917 996 3989 ἔμελλεν
1042 3916 1120 3969 αὐτῶν
1131 3916 1193 3969 κατά
1205 3911 1324 3984 διαδοχήν
1335 3913 1389 3965 καθ’
1400 3911 1504 3977 έκάστην
1518 3906 1610 3978 ἡμέραν
1624 3907 1719 3977 ἐγένετο
1735 3905 1832 3959 ίπιστά·

214 3997 340 4070 ἰσόρροπος
354 4004 402 4051 τῶν
416 3998 459 4050 δύο
474 4001 558 4069 νόμων
573 3996 589 4063 ή
607 3999 676 4068 μάχη
689 3999 828 4069 γίγνεσθαι.
865 3997 910 4050 Διά
924 4004 996 4053 τοῦτο
1041 4013 1092 4061 της·
1105 3996 1161 4048 An.

211 4079 425 4150 προύραρτάσαςύ
441 4078 521 4150 ῥήτωρ
540 4077 665 4148 ἀχρήστου
684 4076 729 4143 τήν
747 4077 846 4149 μνήμην
865 4076 994 4148 ἀπέφηνεν.
1080 4071 1110 4126 Ὅ
1124 4071 1269 4142 ίπιστάτης]
1287 4068 1434 4135 Ἐπῑπᾶῒθς
1453 4067 1537 4138 ἅρχων
1552 4070 1602 4118 τῶν
1623 4063 1781 4135 πρνῐίνῑωνι
1804 4066 1832 4132 ὃς

212 4152 271 4211 Ὅτι
285 4158 331 4231 γάρ
351 4160 431 4230 μάτην
446 4158 551 4212 ένταῖιθα
564 4158 667 4211 τέθειται
686 4157 727 4210 καί
745 4156 784 4209 διά
798 4156 842 4223 τὴν
866 4156 995 4229 εἰρημένην
1040 4154 1158 4223 προσάγει
1177 4150 1297 4222 τιῖιὸήμῳ
1314 4147 1357 4210 τᾶς
1378 4147 1468 4219 νφίσῑνς
1485 4146 1527 4199 m}
1548 4143 1691 4216 δνθῑμῖσῖαί
1708 4149 1759 4196 τῶν
1775 4163 1828 4195 ²0²·

211 4241 315 4309 χρείαν,
327 4239 371 4291 ἵνα
384 4237 416 4309 μή
432 4236 555 4309 ἀπαιτήσῃ
575 4237 686 4306 δευτέραν
698 4236 713 4289 ύ
731 4234 849 4308 ἀκροατής
861 4241 905 4290 τού
918 4238 996 4309 νόμου
1041 4239 1099 4285 νῶν.
1111 4231 1189 4287 BLY.

211 4318 345 4389 διήγησιν,
357 4316 434 4383 δῆλον
451 4317 491 4368 ότι
502 4314 617 4385 οὐδεμίαν
637 4313 799 4383 άπάντησινή
819 4317 903 4387 μάχην
920 4317 935 4383 ή
951 4316 995 4370 ἀν·
1076 4312 1138 4382 594,
1154 4314 1197 4363 26·
1219 4307 1451 4378 Δῑεχειροτόνησεν]
1470 4303 1534 4356 ’λντί
1550 4300 1730 4372 τοῖιέστιέήατο.
1747 4304 1779 4355 Α.

209 4399 324 4468 τιλογίαν
347 4397 478 4462 πεποίηται
525 4394 638 4449 ΑΛΛΩΣ.
676 4396 754 4449 Τούτό
778 4395 842 4449 ἔστιν
857 4396 995 4467 ίφορπάσαι
1076 4390 1137 4459 594·
1153 4404 1197 4456 α9·
1212 4383 1444 4454 A‘'wass’fflu’sf‘ml
1464 4383 1499 4434 ΤΟ
1513 4385 1599 4451 ‘W‘
1613 4378 1756 4449 πθθῑῐθθπί·
1769 4383 1802 4433 Α·

211 4483 260 4530 τῶν
268 4475 394 4547 ἀκροατῶν
410 4475 454 4540 τήν
471 4474 595 4529 ίιπόθεσιν,
632 4475 681 4527 Τδν
693 4475 741 4545 γὰρ
753 4476 848 4545 νόμον,
868 4477 897 4528 δν
916 4478 946 4529 ἀν
960 4476 995 4530 εί·
1076 4466 1137 4539 595,
1151 4470 1177 4528 ln·
1190 4463 1270 4529 Φθνῑῑ
1282 4463 1378 4532 τοίνθν]
1392 4458 1561 4532 Σῑνθῖῑσῐαῑῆ
1572 4461 1681 4527 παθνῦῦα
1692 4454 1826 4517 autom·

211 4557 289 4619 χόγως
302 4556 431 4622 ἇνηέθηχρμ
448 4553 591 4625 Ἀνδροτίων
601 4559 637 4625 τῷ
648 4555 712 4625 παρὰ
721 4556 888 4625 Δημησθίνους
896 4595 903 4620 γ
920 4575 994 4626 μετα.
1040 4547 1106 4617 ἔχείθ
1122 4547 1205 4617 μέθῒῦί
1216 4542 1362 4597 ἀκολουθίαν
1375 4542 1445 4594 δοκεῖ
1456 4541 1515 4610 πρίίς
1527 4538 1572 4604 τὴν
1588 4537 1680 4607 istm.
1734 4534 1826 4605 Ἐγκα·

211 4634 260 4696 θείς
272 4631 421 4693 ἀντεξετάζει
434 4631 493 4702 πρδς
507 4631 536 4684 τδ
546 4630 616 4696 ἔθος,
627 4630 656 4683 ού
669 4636 712 4698 τῆς
724 4632 815 4702 φύσεως
824 4637 872 4685 τῶν
884 4634 996 4703 γραμμή.
1038 4627 1141 4688 λούντος
1152 4625 1200 4697 γὰρ
1221 4627 1264 4676 τοῦ
1278 4623 1461 4694 Δημοσθένους,
1477 4620 1501 4673 τί
1519 4618 1610 4685 δήποτε
1628 4613 1824 4686 ἀπροόούλευτον

210 4734 260 4766 των
278 4716 351 4766 τούτο
362 4712 511 4783 δεχομένης,
523 4709 589 4762 ἀλλὰ
605 4713 647 4775 τῆς
661 4714 705 4764 τού
716 4711 817 4781 ῥήτορος
831 4711 883 4781 βίας
895 4730 993 4782 μετακι·
1041 4707 1182 4776 εἰσήνεγκας
1196 4704 1225 4756 τδ
1244 4703 1368 4774 ψήφισμας
1394 4699 1535 4759 ἀκολούθως
1558 4695 1714 4764 amplum
1733 4690 1828 4782 Ἆῖδθῗ·

210 4793 299 4860 νούσης
324 4789 368 4858 τήν
391 4794 481 4861 τέχνην
530 4790 596 4861 Ὅρα
617 4789 666 4862 γὰρ
688 4789 716 4842 έκ
729 4792 881 4861 παραθέσεως
900 4792 942 4843 καί
964 4791 993 4845 τίν
1039 4785 1113 4849 τίων,
1127 4782 1181 4844 ἔθος
1195 4780 1247 4834 ἐστὶ
1266 4785 1386 4832 ῖνῑνῦῖθν·
1402 4777 1474 4839 είςῖθ
1494 4773 1612 4827 ἂπίθανθν
1629 4771 1655 4824 δὲ
1672 4771 1765 4840 ῗθέπων
1784 4786 1828 4821 ³⁰⁹

210 4877 327 4946 σόφισμα.
368 4873 480 4944 Δεγίσθω
492 4869 613 4939 δίόπαρά
624 4870 792 4939 Δημοσθένους
804 4869 890 4940 λόγος.
910 4871 994 4940 Νόμος
1039 4864 1134 4936 λύγον,
1158 4861 1368 4931 διοριστικώτερον
1392 4856 1466 4910 αύτδν
1489 4853 1582 4919 εἰσάγει
1602 4851 1710 4921 λέγοντα
1737 4852 1828 4901 τούτου

210 4954 276 5008 ίστίν
286 4993 293 5018 ,
304 4952 347 5006 έάν
363 4950 396 5022 μή
415 4950 546 5017 ποιήσηται
557 4948 601 5011 τάς
611 4947 714 5018 τριήρεις
727 4947 743 5014 ἡ
760 4947 854 5017 βουλή,
876 4946 910 5020 μή
930 4947 994 5018 λαμ-
1040 4944 1133 5004 άπάσας
1145 4941 1188 4995 τόν
1200 4942 1289 5012 τρόπον
1301 4939 1424 5009 εἰληφέναι
1433 4935 1475 4997 τάς
1487 4932 1590 5005 βουλάς,
1602 4930 1658 4985 εἶτα
1669 4931 1828 5000 προστιθέντα

209 5035 292 5087 θάνειν
314 5032 357 5086 τδν
375 5031 502 5100 στέφανον.
540 5027 634 5081 Ούκοΰν
652 5031 739 5082 τούτου
761 5027 901 5098 Ἀνδροτίων
924 5027 991 5091 λύει,
1039 5024 1067 5078 τδ
1086 5023 1128 5076 καί
1143 5022 1245 5093 ούδεμιᾷ
1261 5019 1409 5091 γεγενῆσθαι
1428 5013 1598 5087 προύούλευμα
1611 5012 1726 5073 πώποτε,
1749 5008 1828 5061 TW

210 5112 315 5173 ἀντιθείς
330 5110 371 5164 καί
391 5109 462 5171 αύτδς
481 5109 564 5179 ἕτερον
578 5106 725 5173 κελεύοντα,
739 5105 780 5160 ἐὰν
795 5104 866 5168 ἀξίως
883 5106 899 5173 ί]
915 5103 991 5176 βουλὴ
1039 5099 1193 5174 άκροατὴςέξ
1206 5097 1242 5154 ὧν
1267 5098 1321 5152 οἶδε
1342 5105 1378 5169 τῷ
1398 5097 1497 5167 λέγοντι
1515 5093 1636 5164 μάχηται.
1680 5089 1722 5150 Τίς
1735 5086 1783 5159 γάρ
1798 5089 1829 5141 ἀν

211 5195 273 5265 δοκῇ
289 5191 418 5262 βουλεῦσαι
438 5190 545 5259 δωρεᾶς,
558 5188 653 5240 διδόναι
671 5187 715 5240 τὀν
737 5188 817 5257 δῆμον
837 5184 883 5253 τήν
899 5185 992 5256 δωρεάν
1043 5182 1211 5252 Ἀνδροτίωνος
1234 5180 1369 5249 ἀνάσχοιτο
1387 5177 1519 5247 λέγοντος,
1547 5171 1656 5242 μηδεμιᾷ
1679 5168 1829 5241 γεγενῆσίαι

213 5275 285 5344 αἰτῇ.
326 5268 392 5324 Ἀλλ’
404 5269 448 5323 ἵνα
460 5267 494 5341 μὴ
510 5267 636 5338 ἰσόρροπος
648 5270 748 5338 γίνηται
759 5272 807 5323 τῶν
825 5267 870 5319 δύο
882 5267 965 5338 νόμων
976 5265 992 5332 ή
1041 5262 1212 5334 προόούλευμα
1222 5261 1247 5313 ἐν
1263 5265 1297 5330 τῷ
1309 5255 1488 5329 παρεληλυθότι
1499 5251 1572 5311 παντί
1585 5250 1681 5322 χρόνῳ
1731 5246 1766 5299 Ού
1780 5244 1829 5316 γάρ
