3967 5967
654 456 732 520 xlv.
758 458 847 520 nssPl
868 456 946 518 ΤΩΝ
970 456 1212 517 ΣΥΜΜΟΡΙΩΝ.
1676 461 1729 511 511

133 585 423 664 ιέτεφυςδέτιςῷτούς
435 588 571 656 Ἕλληνας,
587 587 686 652 εἰκότως
698 591 727 641 έν
742 587 800 650 ἴσως
810 588 910 659 φανεροί
956 586 1003 657 γάρ
1022 585 1108 639 έκατδν
1125 584 1196 655 χίλια
1210 583 1381 635 καίδιακόσια,
1421 580 1450 632 Εί
1463 581 1487 634 δὲ
1508 581 1588 653 όλίγῳ
1607 581 1735 652 βαρύτερος

133 652 149 720 τί
163 673 220 743 πρδς
237 671 330 725 ἐκεῖνον
345 668 493 741 ἐγιγνόμεθα
512 667 725 739 ἀντιταττόμενοι·
747 693 758 714 ι
777 668 909 733 τουτέστιν,
955 663 969 716 θ
982 663 1090 733 πόλεμος
1100 661 1246 732 γένοιτοκαὶ
1259 662 1335 732 μέσως
1346 658 1412 730 ἔχων
1427 664 1578 729 παρασκευῆς
1590 658 1646 725 ήκοι
1663 659 1734 730 όβα·

131 748 152 801 εί
165 748 394 819 παρασκευαζόμεθα
406 747 493 818 ἡμεῖς,
509 746 553 800 οὐκ
567 745 613 815 ήδη
630 747 706 814 δῆλον
721 744 789 798 ἔσται
803 738 841 799 ότι
854 746 914 816 πρδς
956 741 1046 806 σιλείυς,
1056 742 1180 803 διακοσίας
1192 742 1363 811 παρεχέτωσαν
1374 739 1476 810 τριήρεις
1485 739 1509 791 οί
1515 739 1594 809 χίλιοι
1604 739 1734 813 καίδιακό-

132 827 231 896 βασιλέα
244 826 288 893 τὴν
307 823 459 897 παρασκευὴν
482 830 673 896 σνγκροτοῦμεν,
688 816 752 878 ώστε
769 823 797 878 οὐ
810 822 911 897 δόξομεν
955 840 1003 873 σιοι
1021 814 1177 890 τριηράρχαι,
1191 819 1223 880 ώς
1243 820 1356 888 παρέχειν
1370 817 1395 879 ἓξ
1413 818 1500 887 ἀνδρας
1514 814 1557 883 τήν
1578 818 1679 888 τριήρη·
1695 818 1736 871 καί

131 907 214 978 ἀρχειν
230 907 348 978 πολέμου.
385 903 449 959 Είτα
468 902 507 958 ίπί
525 901 569 969 τήν
591 902 643 970 έξῆς
661 901 781 957 ἀντίθεσιν
799 898 843 968 τήν
865 901 912 955 ἀπδ
954 900 1081 970 ὐπομένειν
1090 896 1184 969 ἀνάγκη
1197 898 1325 968 βαρύτερον
1341 897 1369 949 τδ
1381 896 1557 967 λειτούργημα.
1570 896 1600 948 Εἰ
1609 896 1635 949 δέ
1647 897 1736 968 πολλῷ

131 989 174 1036 τοῦ
191 986 367 1055 συμφέροντος,
386 978 451 1035 ἀλλο
468 984 538 1054 μέρος
556 982 659 1036 ἐνταῦθα
679 981 755 1036 λύων.
792 981 870 1033 Τοῦτο
887 981 913 1033 δέ
955 978 1067 1047 πλείονος
1081 980 1230 1048 παρασκευῆς
1240 979 1271 1047 τῆ
1287 977 1358 1030 πόλει
1376 978 1472 1046 γένοιτο
1486 974 1557 1046 χρεία
1571 975 1612 1028 καί
1625 976 1737 1045 βασιλεῦς

133 1061 196 1127 ἐστι,
212 1062 259 1114 ίίαί
272 1066 313 1114 νῦν
335 1060 377 1132 μέν
392 1060 562 1132 συγκαλοῦμεν
575 1061 630 1123 τούς
643 1058 778 1126 Ἕλληνας.
816 1059 850 1112 Τδ
870 1059 912 1130 μέν
956 1056 1024 1110 ἔλθοι
1033 1044 1205 1128 πλέίονιρώμη
1218 1057 1454 1125 παρεσκευασμένος,
1464 1056 1519 1116 τούς
1527 1056 1642 1124 τέσσαρας
1648 1055 1736 1126 ἀνδρας

132 1134 175 1191 ούν
191 1140 317 1210 συμφέρειν
336 1137 454 1209 πολεμεῖν
473 1136 557 1192 ἔλυσεν
576 1134 637 1205 ήδη,
649 1138 678 1191 τό
697 1136 724 1189 δέ
744 1136 912 1207 συγκαλοῦμεν
955 1136 1069 1206 παρέχέιν
1077 1136 1125 1199 δεῖ,
1135 1135 1203 1204 φησί,
1213 1135 1269 1204 μίαν
1278 1137 1346 1185 ναῦν·
1357 1132 1519 1203 τετράκιςγάρ
1528 1134 1653 1202 τριακόσια
1664 1134 1736 1203 χίλια

133 1219 187 1280 τούς
201 1209 326 1285 ’Έλληνας
340 1216 448 1271 έντεῦθεν
464 1216 566 1287 ἀρχεται
581 1216 658 1270 λύειν.
694 1216 773 1267 Τοῦτο
786 1215 812 1268 δέ
824 1215 852 1268 τδ
871 1216 913 1287 μέ·
955 1214 996 1266 καλ
1008 1216 1134 1267 διακόσια·
1150 1214 1248 1274 τούτους
1266 1212 1292 1265 δέ
1305 1216 1461 1283 τριηραρχεῖν
1476 1212 1625 1282 παρέχοντας
1643 1216 1675 1284 τῇ
1691 1214 1737 1267 πό·

133 1316 173 1367 ρος
192 1301 234 1363 τῆς
250 1295 392 1357 ἀντιθέσεως
409 1292 442 1366 μὴ
462 1296 510 1357 θεὶς
529 1291 692 1349 ἀνακαλύπτει
710 1293 769 1347 αὐτδ
786 1294 816 1367 τῇ
834 1294 911 1347 λύσει.
956 1293 995 1346 λει
1009 1294 1093 1365 τριήρη
1108 1293 1165 1364 μίαν
1183 1292 1239 1353 τούς
1252 1293 1376 1363 τέσσαρας.
1416 1291 1486 1343 ίίαλό
1504 1291 1547 1362 μέν
1563 1291 1639 1362 λόγος
1655 1293 1669 1344 θ
1683 1292 1737 1362 περί

133 1374 162 1428 Τί
175 1377 222 1447 γάρ
234 1394 308 1445 φησι;
328 1396 338 1423 ι
357 1374 398 1426 καλ
411 1378 454 1426 νῦν
469 1373 512 1445 μέν
524 1373 669 1444 σιγκαλεῖτι
683 1372 741 1443 πρδς
752 1371 814 1444 ὐμτῖς
829 1371 914 1434 αὐτούς
955 1377 1004 1425 τῶν
1016 1374 1168 1442 τριηραρχῶν
1183 1372 1285 1424 κελτῶν
1300 1377 1360 1423 νεῶν
1375 1362 1444 1433 οὗτός
1459 1368 1518 1423 ἔστι.
1555 1368 1605 1437 Τήν
1618 1371 1644 1425 δὲ
1653 1371 1736 1424 οὐσίαν

139 1478 150 1503 ο
172 1455 227 1516 τούς
238 1453 375 1520 Ἓλληνας·
395 1452 437 1506 έὰν
452 1452 507 1506 δέά
526 1452 665 1506 κελεύουσιν
679 1449 749 1505 οὗτοι
761 1450 795 1522 μὴ
812 1455 909 1519 ποιῆτε·
956 1457 1004 1504 τῶν
1017 1452 1106 1521 χιλίων
1121 1451 1250 1502 διακοσίων
1263 1456 1416 1520 τριηραρχῶν
1425 1469 1484 1521 φησι
1495 1451 1636 1521 τετιμῆσθαι
1648 1450 1737 1503 ταλάν·

137 1554 148 1581 ι
170 1537 180 1601 (
188 1552 216 1605 ρ.
233 1537 292 1597 181,
309 1533 344 1605 5)
359 1556 370 1582 υ
386 1534 526 1596 τουτέστιν,
543 1534 571 1584 ἀν
586 1532 640 1602 περί
653 1535 696 1599 τῆς
709 1530 842 1602 ἡγεμονίας
852 1530 913 1602 ήμῖν
958 1549 1008 1583 των
1023 1529 1207 1599 έξακισχιλίων.
1246 1528 1282 1580 T&
1294 1530 1375 1581 τοίνυν
1390 1528 1541 1597 ἑξακισχίλια
1553 1529 1661 1581 τάλαντα
1674 1531 1736 1581 διαι-

134 1607 333 1681 ἀμφισόητῶσιν,
347 1610 380 1671 ώς
393 1613 475 1662 κοινοῦ
489 1612 533 1661 τοῦ
545 1609 653 1679 πολέμου
669 1609 852 1678 τυγχάνοντος,
865 1612 915 1669 πῶς
957 1611 998 1679 ρεῖ
1011 1608 1043 1670 είς
1057 1607 1142 1661 έκατδν
1159 1609 1218 1679 μέρη
1233 1608 1295 1660 κατὰ
1308 1602 1425 1674 ἑξήκοντα
1439 1608 1562 1660 τάλαντα·
1585 1608 1737 1677 έξηκοντάκις

135 1688 290 1759 προσδέξεσθε
304 1687 348 1753 τὴν
363 1686 558 1759 άμφισόήτησινς
583 1685 639 1740 εἶτα
653 1686 721 1758 έτέρφ
733 1686 801 1739 λύσει
814 1688 845 1757 τῇ
867 1684 914 1738 ἀπδ
956 1686 1097 1759 γάρέκατδν
1108 1686 1272 1756 ἑξακισχίλια·
1292 1686 1349 1754 ίνα,
1362 1687 1404 1739 ἔάν
1416 1686 1459 1758 μὲν
1469 1688 1612 1757 κουρότερος
1625 1688 1656 1757 [θ
1667 1689 1738 1741 πόλε-

135 1773 179 1820 τοῦ
204 1771 304 1839 καιροῦ,
329 1768 367 1820 δτι
391 1765 487 1820 έπειδίιν
512 1766 583 1827 αὐτδς
607 1765 693 1838 έπιστῆ
712 1764 838 1836 βασιλεῦς,
860 1765 914 1817 τότε
959 1764 1019 1837 μσς]
1046 1768 1160 1836 γένηται,
1191 1758 1309 1817 δύνωνται
1334 1769 1490 1835 τριηραρχεῖν
1511 1766 1605 1817 δώδεκα
1625 1764 1657 1828 είς
1680 1768 1737 1837 μίαν

136 1846 229 1908 έκύντες
246 1845 315 1898 αὐτοί
327 1834 536 1916 προθυμήσονται·
554 1844 595 1896 καί
608 1843 656 1896 άπδ
670 1846 712 1910 τῆς
728 1843 852 1913 δυνάμεως
872 1845 915 1909 τῆς
957 1848 1032 1909 ναῦν,
1043 1842 1126 1896 οὐσίαν
1141 1844 1284 1914 κεκτημένοι
1302 1843 1429 1896 ταλάντων
1443 1840 1578 1909 ἐξήκοντα,
1594 1843 1615 1896 εί
1626 1844 1651 1897 δὲ
1665 1846 1738 1915 βαρύ·

136 1925 245 1989 πόλεως,
261 1924 299 1976 ότι
309 1923 359 1976 Οὐκ
374 1923 439 1976 ἔστιν
451 1924 516 1983 δστις
530 1922 593 1993 δρῶν
607 1921 668 1992 ύμιῖς
682 1922 799 1993 μεγίστην
812 1922 913 1993 δύναμιν
957 1942 1024 1993 τερος
1036 1922 1116 1994 ὀλίγῳ
1125 1925 1237 1993 γένοιτο,
1252 1929 1416 1993 τριηραρχῶσι
1430 1920 1472 1989 τῆς
1481 1924 1614 1994 συμμορίας
1627 1925 1738 1994 τέσσαρες

138 2001 240 2073 έχοντας
264 2001 292 2054 οὐ
315 2003 368 2073 μεθ’
388 2000 455 2073 ύμών
478 2001 575 2062 ἀξιώσει
588 2002 713 2071 τετέχθαι.
754 2001 799 2053 Ἓν
822 1996 865 2072 μέν
884 1999 914 2067 δή
957 2000 1041 2071 ἄνδρες
1051 2000 1094 2065 τῆς
1109 2002 1163 2071 μιᾶς
1171 2001 1246 2064 νεὼς,
1260 1998 1343 2053 οὐσίαν
1357 2002 1499 2070 κεκτημένοι
1512 2000 1638 2053 ταλάντων
1649 1999 1735 2054 εἴκοσι.

137 2087 210 2136 τοῦτο
226 2084 295 2153 μέρος
308 2086 353 2135 τοῦ
366 2081 444 2153 λόγου
458 2081 616 2151 πεπλήρωται
630 2080 779 2152 περιεκτικόν
790 2084 834 2134 τοῦ
854 2100 914 2152 συμ-
959 2078 1005 2129 Καὶ
1018 2076 1032 2129 ὁ
1047 2076 1090 2148 μέν
1104 2078 1157 2148 περί
1169 2084 1216 2131 τῶν
1228 2085 1382 2150 τριηραρχῶν
1394 2079 1435 2131 καὶ
1448 2084 1491 2145 τῆς
1504 2079 1585 2140 οὐσίας
1606 2080 1684 2132 αὐτῶν
1697 2080 1739 2132 καὶ

62 2202 70 2215 ,
138 2164 266 2233 φέροντος·
282 2155 311 2213 ού
325 2161 354 2214 τδ
369 2162 411 2232 μέν
424 2160 474 2214 έστι
488 2160 689 2231 προηγούμενον,
702 2160 731 2214 τδ
749 2157 914 2232 δέδεύτέρον·
957 2157 1061 2227 τριήρων
1072 2157 1147 2227 λόγος
1161 2156 1264 2210 ἐνταῦθα
1277 2159 1306 2210 τδ
1319 2161 1389 2228 πέρας
1399 2157 1494 2229 εἴληφε.
1532 2159 1580 2211 Τδν
1590 2159 1616 2212 δέ
1627 2159 1681 2230 περί
1690 2166 1738 2212 τῶν

137 2245 281 2310 προηγεῖται
294 2239 338 2310 μέν
356 2238 404 2311 γὰρ
418 2239 441 2301 ἐξ
454 2238 532 2310 ἀρχῆς
550 2240 718 2310 Δημοσθένους
729 2241 834 2311 γνώμη,
846 2238 917 2299 αὐτὸς
959 2233 1131 2305 πληρωμάτων
1145 2232 1237 2290 τούτων
1251 2236 1329 2289 διεῖλε
1343 2237 1385 2289 τδν
1401 2238 1489 2307 τρόπον
1506 2242 1607 2290 τοῦτον·
1619 2238 1676 2290 δέκα
1689 2243 1739 2290 τῶν

138 2319 164 2371 δέ
176 2318 209 2379 ώς
221 2316 312 2370 οἰκείαν
327 2316 476 2389 εέσηγεῖται,
490 2319 588 2388 φάσκων
608 2316 746 2389 ἀσύμφορον
761 2318 916 2388 κατεπείγου·
961 2310 1092 2379 Ἀθηναίων
1101 2312 1147 2365 είσλ
1153 2313 1234 2384 φυλαί·
1244 2314 1347 2385 τριήρεις
1354 2316 1433 2368 τοίνυν
1440 2318 1569 2387 τριάκοντα
1576 2317 1664 2389 έκάστη
1670 2336 1740 2386 προσ·

138 2414 183 2447 σαν
198 2395 237 2448 έπλ
252 2394 295 2448 τδν
309 2390 436 2469 πόλεμον.Ι
467 2397 544 2468 Πέρας
557 2395 583 2449 δέ
595 2396 690 2457 τούτοις
703 2394 791 2458 έπιθελς
803 2398 856 2458 τοῖς
874 2398 916 2467 μέ-
959 2393 1025 2462 νέμιι
1045 2392 1121 2464 φυλῆ·
1138 2393 1233 2455 δεκάκις
1245 2393 1293 2464 γάρ
1307 2395 1435 2464 τριάκοντα
1456 2397 1594 2466 τριακόσια·
1608 2398 1699 2466 διαιρεῖ
1713 2396 1739 2450 δέ

139 2493 191 2544 ρεσι
203 2478 247 2527 τοῦ
259 2477 435 2546 συμφέροντος,
447 2476 463 2528 δ
476 2472 572 2541 πολλὴν
585 2474 647 2545 μίξιν
660 2474 765 2545 ἔχεικαὶ
776 2476 915 2540 κοινωνίαν,
959 2468 1001 2531 τίς
1011 2471 1139 2540 ῑρῑίοοίϊο
1152 2471 1239 2532 ταύτας
1252 2471 1353 2541 τρῑίρῑῐέ
1371 2472 1434 2542 6μοῦ
1448 2470 1521 2544 τρίχα
1532 2474 1594 2526 κατὰ
1606 2475 1679 2538 δέκα,
1698 2475 1740 2526 καί

137 2553 166 2605 τδ
181 2552 224 2624 μέν
240 2553 287 2624 πρδ
306 2557 349 2621 τῆς
363 2552 504 2615 ἀντιθέσεως
523 2552 582 2623 πρδς
595 2554 623 2606 τδ
636 2551 738 2606 δυνατδν
755 2553 796 2605 καί
806 2554 915 2618 δίκαιον,
958 2545 1003 2613 τήν
1011 2546 1088 2618 φυλὴν
1098 2548 1129 2611 είς
1139 2550 1197 2620 μέρη
1205 2550 1269 2619 τρία,
1277 2550 1317 2602 καί
1324 2550 1391 2611 ἀξιοῖ
1400 2551 1427 2603 τδ
1435 2553 1514 2621 τρίτον
1524 2554 1593 2623 μέρος
1600 2556 1642 2619 τῆς
1648 2552 1737 2622 φυλῆς,

138 2631 166 2685 τδ
177 2632 202 2684 δέ
217 2631 278 2702 μετά
289 2630 333 2698 τήν
348 2628 467 2683 ἀντίθεσιν
480 2631 538 2701 πρδς
549 2630 577 2683 τδ
589 2632 691 2683 δυνατδν
704 2629 851 2701 είλημμένον
861 2632 918 2701 πρδς
959 2627 1068 2678 τουτέστι
1076 2624 1120 2691 τὴν
1131 2628 1236 2697 τριττύν,
1246 2628 1356 2698 πληροῦν
1367 2626 1408 2691 τδς
1417 2631 1475 2682 δέκα
1489 2631 1593 2701 τριήρεις
1603 2630 1636 2693 είς
1647 2630 1689 2693 τἀς
1697 2635 1740 2685 τοῦ

138 2702 260 2779 ἀναίρεσιν
279 2713 323 2776 τῆς
341 2707 491 2769 ἀντιθέσεως.
529 2708 677 2761 Μεταόαίνει
699 2707 786 2760 λοιπον
807 2709 844 2761 έπ’
859 2708 917 2762 αὐτδ
959 2703 1068 2774 πολέμου
1078 2705 1168 2775 χρείας.
1208 2705 1264 2759 Ἔτι
1272 2706 1294 2757 δ’
1310 2705 1444 2778 εἰσηγεῖται
1460 2710 1589 2778 τριάκοντα
1599 2711 1741 2774 νεωσοίκους

139 2788 249 2857 καθαρῶς
267 2788 297 2841 τδ
318 2787 437 2852 δυνατδν,
456 2783 605 2851 κατασκευὴν
624 2785 684 2857 ἔχον
707 2790 750 2853 τῆς
770 2791 919 2857 παρασκευῆς
960 2781 1022 2833 κατὰ
1035 2781 1112 2852 φυλὴν
1127 2782 1230 2851 ἑκάστην
1241 2785 1464 2853 κατασκευασθῆναι
1477 2785 1503 2839 έν
1517 2792 1554 2859 τῷ
1571 2788 1695 2858 Πειραιεῖ,
1707 2790 1741 2851 ώς

138 2870 181 2931 γῆς
194 2865 296 2927 πόλςως,
334 2864 522 2935 Προοιμςάζςτας
535 2856 561 2918 δὲ
571 2864 618 2935 πρὸ
631 2868 674 2917 τοῦ
686 2864 817 2934 κεφαλαίου
825 2904 833 2930 ,
845 2864 918 2919 evea·
961 2860 1076 2913 δύνασθαι
1088 2858 1131 2927 τήν
1152 2862 1209 2933 μίαν
1232 2866 1290 2914 ναῦν
1310 2863 1336 2917 ἐκ
1357 2863 1451 2936 ἑκάστῳ
1472 2866 1596 2937 νεωσοίκῳ
1609 2868 1738 2928 σώζεσθαι.

140 2943 256 3013 κνῦμενος
271 2941 314 3008 τήν
324 2937 446 3014 άκρίόειαν
460 2942 501 2994 καί
514 2938 558 3008 τήν
573 2942 658 3013 χρείαν
672 2944 725 3013 μεθ’
734 2940 793 3009 δσης
807 2942 919 3014 έργασέας
960 2940 1050 2993 Λοιπόν
1064 2939 1128 2993 ἔστιν
1139 2939 1215 2993 εἰπεῖν
1227 2941 1281 3013 περὶ
1290 2945 1332 2995 τοῦ
1343 2943 1424 3014 τρίτου
1434 2945 1518 3014 μέρους
1526 2947 1568 3009 τῆς
1579 2949 1737 3014 παρασκευῆς·
1778 2992 1781 2996 ⁴

142 3020 183 3071 καὶ
194 3022 275 3074 πόνων
288 3019 378 3091 έξεῦρεν
385 3060 394 3086 ,
410 3019 454 3072 ἵνα
466 3021 625 3091 προτρέψηται
638 3019 679 3073 διά
691 3026 739 3073 τῶν
754 3027 918 3091 προοιμιακῶν
960 3022 1033 3072 τοῦτο
1044 3020 1070 3073 δέ
1084 3019 1148 3073 έστιν
1160 3019 1176 3086 ές
1186 3019 1285 3091 εἰσφορὰ
1298 3021 1362 3073 καλό
1373 3022 1457 3092 μισθδς
1470 3027 1519 3075 τῶν
1529 3026 1736 3093 στρατευομένων·

141 3098 234 3151 τούτων
246 3098 289 3152 τδν
303 3092 422 3170 ἀκροατήν
435 3099 608 3170 προσδέξασθαι
621 3101 653 3162 ώς
669 3100 788 3153 κάλλιστα
803 3101 844 3152 καί
855 3099 919 3154 έντε-
961 3098 1048 3164 ήντινα
1070 3098 1184 3171 εἰσφορὰν
1201 3101 1243 3153 δεῖ
1261 3101 1373 3172 γενέσθαι
1393 3100 1458 3171 παρὰ
1473 3103 1570 3155 πάντων
1590 3106 1638 3155 τῶν
1655 3121 1741 3170 κεκτη·

139 3168 246 3231 λέστατα
269 3179 311 3231 τδν
331 3177 409 3250 λόγον
430 3177 595 3249 ίξευρημένον.
632 3179 679 3231 Kal
704 3177 769 3231 έστιν
790 3173 854 3250 ἀρχή
876 3184 919 3233 τοῦ
963 3179 1042 3249 μένων
1065 3176 1147 3240 οὐσίας
1160 3170 1222 3230 κατά
1237 3178 1281 3244 τὴν
1299 3177 1381 3233 πόλιν,
1419 3176 1468 3230 Τον
1487 3180 1569 3231 τοίνυν
1584 3179 1640 3249 ύπέρ
1655 3179 1741 3233 τούτου

140 3258 283 3327 προοιμίου,
299 3278 310 3306 ι
335 3256 385 3328 έγίο
401 3258 497 3322 τοίνυν,
517 3254 539 3311 ὦ
552 3257 636 3328 ἀνδρες
650 3256 771 3325 Ἀθηναῖοι
776 3296 784 3323 ,
800 3260 876 3310 ταῦτά
893 3278 919 3312 τε
961 3256 1200 3329 λόγον’ύπερτίθεται
1215 3261 1257 3309 νῦν
1269 3258 1310 3309 καλ
1322 3256 1389 3318 άξιοῖ
1398 3255 1431 3328 μή
1446 3260 1577 3328 γυμνάζειν
1591 3258 1645 3328 περὶ
1655 3258 1742 3311 τούτου

143 3358 154 3383 ν
175 3336 216 3389 καί
229 3330 259 3389 τά
279 3328 437 3407 παραπλήσια
454 3337 562 3400 τούτοις,
589 3360 600 3385 ν
618 3336 660 3404 τῆς
679 3337 721 3408 μέν
744 3336 859 3404 έπιόολῆς
875 3342 919 3391 τοῦ
963 3337 1053 3408 μηδὲν,
1067 3337 1112 3398 ἕως
1128 3337 1157 3387 ἀν
1172 3336 1248 3397 ὄντως
1260 3336 1331 3409 ένστῆ
1348 3336 1363 3388 θ
1378 3328 1495 3407 βαᾶιλέως
1506 3337 1627 3408 πόλεμος·
1644 3336 1677 3408 μή
1692 3338 1740 3408 γάρ

140 3406 270 3485 προοιμίου
283 3416 442 3485 συμπέρασμα
455 3421 503 3467 τῶν
515 3417 695 3486 προειρημένων
709 3414 824 3486 έχούσης,
840 3415 919 3488 ἀρχὴν
962 3417 1090 3486 συμφέρειν
1102 3419 1144 3467 νῦν
1156 3418 1256 3482 ζητεῖν,
1267 3416 1311 3467 ἵνα
1322 3417 1346 3468 οί
1362 3417 1403 3478 τὰς
1416 3416 1497 3478 οὐσίας
1509 3416 1608 3487 ἔχοντες
1623 3416 1655 3489 μὴ
1669 3417 1743 3485 ἀρνή·

141 3488 167 3541 δέ
189 3495 237 3541 τῶν
258 3490 415 3561 μελλόντων·
442 3484 515 3563 λήγει
533 3493 560 3545 δέ
584 3491 616 3554 είς
628 3492 717 3560 ταύτην
740 3491 784 3557 τήν
806 3492 918 3560 ἔννοιαν,
962 3506 1062 3547 σωνται.
1100 3494 1181 3546 Ταῦτα
1192 3493 1235 3565 μέν
1251 3485 1294 3547 οὐν
1307 3492 1371 3547 έστιν
1388 3495 1470 3565 ἀπερί
1482 3500 1525 3548 τοῦ
1535 3496 1638 3549 δυνατοῦ
1648 3502 1691 3549 τοῦ
1700 3502 1743 3565 τῆς

144 3590 155 3616 ι
177 3566 249 3639 οἶμαι
263 3568 288 3622 δὲ
310 3571 362 3623 δεῖν
375 3569 524 3633 ἀκούσαντας
540 3564 602 3643 ὐμᾶς
615 3569 689 3637 αὐτήν
699 3611 707 3635 ,
718 3572 747 3623 άν
758 3570 817 3642 ύμῖν
831 3572 917 3646 ἀρέσῃ,
963 3573 1057 3634 πόλεως
1075 3573 1214 3628 διείλεκται.
1252 3571 1345 3642 Είληφε
1362 3575 1444 3644 μέντοι
1459 3574 1501 3626 τδν
1515 3575 1569 3645 περί
1581 3581 1630 3627 τῶν
1644 3579 1742 3648 χρημά-

143 3664 156 3691 ν
177 3644 334 3714 ψηφίσασθαι.
350 3668 361 3696 ε
377 3644 447 3700 Μετά
464 3648 490 3701 δέ
504 3649 532 3702 τδ
547 3651 618 3720 πέρας
631 3654 675 3704 τοῦ
689 3648 816 3721 προοιμίου
829 3671 919 3723 προκα·
963 3666 1012 3706 των
1029 3651 1106 3723 λόγον
1129 3650 1153 3712 έξ
1174 3649 1328 3713 ἀντιθέσεως,
1344 3654 1475 3717 ζητοῦντος
1499 3658 1543 3704 τοῦ
1564 3653 1684 3725 ἀκροατοῦ
1697 3653 1742 3721 τήν

135 3720 246 3795 διασκευῇ
256 3725 373 3795 κέχρηται
384 3725 443 3796 πρδς
460 3727 519 3803 αὐτδ
531 3728 560 3781 τδ
572 3728 714 3799 κεφάλαιον.
755 3728 855 3798 Ἐπειδὴ
873 3731 920 3803 γάρ
964 3729 1076 3801 εὐπορίαν
1086 3729 1113 3783 έκ
1124 3732 1168 3782 τοῦ
1184 3732 1348 3800 παραχρῆμα·
1364 3730 1532 3801 λαμόάνοντός
1546 3751 1571 3786 τε
1586 3737 1630 3785 τοῦ
1641 3732 1742 3805 ῥήτορος

141 3801 196 3854 οἶδε
216 3800 314 3873 χαλεπά
336 3805 522 3877 συμύουλεύσων
546 3807 587 3861 καί
612 3811 663 3870 τοῖς
685 3808 793 3880 εὐπόροις
816 3810 856 3862 διά
880 3811 922 3873 τὰς
963 3808 988 3871 ἐξ
1006 3809 1147 3870 ἀντιθέσεως
1164 3807 1193 3860 τδ
1211 3807 1361 3877 κεφάλαιον,
1380 3809 1426 3861 Καί
1449 3810 1522 3863 πόθεν
1538 3809 1599 3881 ἡμῖν
1619 3810 1688 3864 έσται
1710 3814 1741 3865 τά

141 3880 253 3952 εἰσφοράς
271 3883 312 3935 καί
327 3886 378 3945 τοῖς
390 3886 545 3956 τριηράσχαις
558 3885 598 3938 διά
612 3886 656 3954 τήν
670 3884 843 3958 λειτουργίαν,
861 3891 919 3961 πρό.
963 3890 1080 3961 χρήματα
1094 3887 1170 3958 φατέ,
1180 3886 1221 3940 καί
1234 3886 1292 3957 λέγε
1305 3892 1412 3957 φανερῶς
1425 3888 1467 3941 τδν
1479 3889 1565 3958 πόρον.
1607 3887 1636 3941 ‘0
1648 3890 1674 3942 δὲ
1686 3889 1743 3942 ἔλυ-

142 3960 219 4030 ὐυμον
231 3960 274 4013 τδν
286 3960 407 4032 ἀκροατήν
424 3963 482 4032 πρδς
495 3962 537 4025 τάς
546 3964 640 4037 πράξεις
653 3965 694 4017 καί
708 3958 791 4018 εθνυυν
803 3966 861 4036 πρὸς
877 3968 920 4021 τδν
964 3982 1019 4032 σεν,
1030 3967 1177 4038 ώςέφαμεν,
1188 3964 1259 4027 ἀξιῶν
1271 3964 1304 4035 μὴ
1317 3970 1359 4018 νῦν
1372 3968 1472 4032 ζητεῖν,
1484 3966 1516 4028 είς
1527 3967 1552 4021 δέ
1564 3968 1606 4020 τδν
1619 3969 1743 4038 μέλλοντα

140 4034 218 4109 λόγον
233 4039 311 4112 ἑαυτῷ
327 4042 517 4102 κατασκευάζει·
538 4042 580 4095 καί
599 4041 651 4095 ἔστι
666 4043 708 4114 μέν
727 4040 791 4115 ἀρχὴ
808 4048 850 4112 τῆς
862 4066 919 4116 προ-
963 4049 1054 4117 χρόνον
1072 4045 1240 4117 ύπερτίθεσθαι
1254 4043 1298 4110 τὴν
1308 4045 1363 4116 περί
1374 4047 1464 4098 τούτων
1478 4044 1616 4118 ἐπίσκεψιν·
1631 4048 1686 4100 τότε
1695 4048 1743 4119 γάρ

143 4117 309 4184 κατασκευῆς,
325 4140 336 4167 ι
350 4116 402 4170 ἔστι
412 4119 493 4172 τοίνυν
508 4126 603 4190 πρῶτον
614 4120 657 4193 μέν
669 4125 711 4189 τῆς
724 4122 920 4193 παρασκευῆς,ώ
965 4125 1061 4180 ἔσεσθαι
1073 4126 1116 4179 τδν
1130 4128 1222 4196 πόρον,
1239 4124 1336 4179 έπειδάν
1353 4125 1401 4197 ήκη
1420 4124 1539 4194 βασιλεύς.
1578 4122 1645 4177 Εἶτα
1656 4125 1742 4192 έπήνε·

146 4215 158 4241 '¹
179 4194 262 4263 ἄνδρες
281 4193 403 4261 mmm
427 4198 470 4268 (P·
493 4198 620 4272 182,1)·
645 4201 828 4272 οπέραςδέ,ι
851 4201 922 4264 αὐτὸς
963 4223 1022 4274 γκεν
1041 4203 1187 4275 ἐπιχείρημα
1202 4201 1363 4265 έπλτοέτος,
1378 4203 1415 4253 δτι
1436 4200 1458 4252 εί
1473 4202 1563 4267 ταύτην
1584 4200 1627 4267 τήν
1641 4201 1742 4272 δύναμιν

146 4291 158 4318 ν
181 4269 223 4340 μὲν
239 4271 339 4332 ἕκαστος
353 4272 420 4326 οὐδέν
432 4275 558 4343 ποιήσων,
573 4278 616 4331 τδν
630 4278 656 4332 δέ
667 4279 771 4347 πλησίον
783 4280 919 4352 πράξοντα,
964 4280 1210 4351 παρασκευασόμεθα,
1226 4279 1323 4350 μᾶλλον
1342 4278 1414 4331 αὐτδν
1430 4277 1587 4348 ἀμυνούμεθα
1599 4278 1615 4343 ή
1635 4277 1659 4330 οί
1670 4282 1736 4332 πατέ·

145 4368 158 4396 ι
179 4347 247 4401 οὐδέν
259 4351 356 4402 πώποτε
367 4351 425 4421 ύμῖν
438 4352 544 4424 ἐγένετο.ι
562 4356 718 4411 νΕίσδάλλει
731 4354 811 4413 τοίνυν
821 4359 853 4423 είς
862 4361 921 4415 αὐτδ
964 4378 1016 4430 ρες,
1040 4359 1102 4411 διότι
1119 4357 1190 4428 ἡμεῖς
1213 4360 1256 4427 μέν
1277 4360 1319 4408 νῦν
1334 4357 1471 4426 κεκτήμεθα
1487 4356 1623 4426 τριακοσίας
1641 4357 1743 4426 τριήρεις

145 4426 173 4478 τί
189 4426 319 4496 ῦῑίάύαωί
335 4426 361 4481 ίδ
381 4426 469 4497 ῖέίῐηέ
485 4436 527 4499 τῆς
540 4434 641 4503 λέξεως,
660 4458 670 4486 ι
692 4436 800 4509 ἑχόντων
814 4439 840 4492 δέ
852 4439 920 4511 ὐμῶν
965 4438 1049 4508 μόνοι,
1065 4437 1093 4489 τδ
1106 4437 1132 4489 δὲ
1144 4436 1248 4490 παλαιδν
1262 4437 1385 4497 διακοσίας
1397 4437 1483 4498 πάντες
1492 4436 1516 4488 οί
1527 4435 1659 4501 Ἕλληνες.
1696 4436 1743 4489 Πε-

148 4528 158 4553 ⁸¹
179 4500 243 4558 osstw
265 4504 306 4558 καί
323 4507 516 4579 παρωξυμμένων
541 4514 596 4575 τούς
614 4516 748 4579 διακοσίους
768 4518 810 4571 καλ
828 4519 922 4589 χιλίους
965 4516 1078 4586 πλήρωκε
1097 4515 1229 4585 τὸνλόγον
1249 4516 1330 4569 πάντα
1344 4515 1386 4568 τδν
1405 4515 1459 4587 περί
1470 4520 1513 4568 τοῦ
1530 4517 1633 4568 δυνατοῦ
1644 4519 1687 4581 τῆς
1698 4518 1743 4569 πό·

148 4584 355 4656 «ἀναπληρῶσαί
373 4606 435 4659 φημι
448 4592 537 4660 χρῆναι
558 4593 599 4644 καί
618 4598 717 4659 ποιῆσαι
739 4597 917 4667 δισχιλίους·
964 4595 1034 4657 λεως.
1077 4592 1180 4661 Ἐντελῆ
1196 4594 1221 4649 δέ
1241 4593 1286 4661 τήν
1301 4594 1414 4666 ἐργασίαν
1429 4599 1472 4647 τοῦ
1484 4594 1615 4664 κεφαλαίου
1626 4595 1706 4656 διδούς
1714 4595 1743 4646 οὐ

144 4666 240 4738 Διαιρεῖ
249 4667 330 4719 τοίνυν
341 4666 383 4720 τδν
399 4671 441 4736 τῆς
453 4675 603 4741 παρασκευῆς
615 4671 692 4743 λόγον
707 4676 876 4746 κεφαλαιωδῶς
890 4680 922 4743 είς
968 4676 1044 4747 μόνον
1059 4675 1088 4728 τδ
1097 4674 1196 4727 δυνατδν
1208 4674 1313 4737 έξετάζει
1324 4678 1368 4742 τῆς
1378 4675 1490 4738 πόλεως,
1503 4673 1568 4726 άλλὰ
1579 4674 1659 4726 καύτδ
1676 4674 1742 4727 ἀντι-

144 4746 213 4815 τρία·
233 4749 328 4817 πρῶτον
344 4744 387 4816 μέν
402 4744 435 4808 είς
449 4747 607 4818 τριηράρχους
620 4751 662 4802 καί
676 4750 721 4818 τήν
740 4753 823 4807 οὐσίαν
842 4756 919 4812 αὐτῶν
965 4755 1087 4824 κείμενον.
1125 4755 1272 4806 ὐίεταύαένει
1286 4755 1367 4807 τοίνυν
1384 4753 1460 4808 ἐπίτδ
1475 4758 1518 4806 τοῦ
1540 4753 1658 4823 βασιλέως
1669 4755 1742 4805 δυνα-

144 4824 186 4875 καλ
199 4823 242 4884 τάς
263 4823 381 4894 τριήρεις·
401 4822 456 4878 είτα
479 4825 520 4878 καί
543 4825 575 4888 εἶς
598 4825 643 4894 τήν
658 4827 740 4883 οὐσίαν
761 4833 858 4886 πάντων
873 4842 920 4889 τῶν
965 4836 1020 4887 τόν·
1035 4839 1107 4887 τοῦτο
1121 4832 1146 4887 δέ
1156 4833 1217 4886 κατὰ
1232 4832 1352 4886 ἀντίθεσιν
1361 4833 1490 4904 λαμόάνει.
1532 4828 1752 4903 Ἆλλάγρήματα,

144 4900 276 4956 θίῦθίέῐωί
288 4901 332 4969 ῐύί
349 4902 436 4968 ῦόύῑίτ
452 4901 492 4975 ίφ’
502 4898 530 4970 ἧς
542 4905 585 4958 δεῖ
592 4906 623 4959 τά
638 4905 788 4980 ἀναλώματα
800 4913 918 4982 γίνεσθαι·
964 4914 1052 4983 φησίν,
1069 4912 1177 4975 ἐπάξεται
1190 4912 1314 4981 βασιλεύς·
1329 4911 1467 4981 πολλὰγὰρ
1477 4907 1661 4981 περιόέύληται·
1672 4916 1744 4965 τοῦτο

145 4978 224 5047 τρίτον
244 4979 271 5032 δέ
287 4980 320 5042 ῑίε
332 4980 374 5034 *bv
389 4981 464 5034 τύπον
478 4982 519 5034 καί
532 4983 586 5045 τούς
597 4986 754 5051 νεωσοίκους,
770 4989 810 5050 οὐς
823 4991 865 5043 δεῖ
882 5011 922 5044 κα-
965 4992 1023 5053 τέως
1035 4993 1105 5061 μέρος
1116 4996 1211 5059 πρώτον
1223 4989 1296 5055 αὐτῆς
1308 4991 1387 5052 τιθείς·
1397 4991 1439 5042 δεῖ
1447 4989 1495 5060 γδιρ
1507 4988 1568 5061 αὐτῇ
1581 4992 1743 5060 προστεθῆναι

144 5057 335 5124 ’,ασκεοασθῆναι
349 5061 401 5121 ταῖς
416 5059 532 5131 τριήρεσι,
569 5062 698 5134 Διαιριῖδέ
715 5065 807 5118 τούτων
820 5068 920 5122 ἕκαστον
965 5071 1030 5132 τίνος
1047 5072 1117 5125 ἕνεκα
1142 5069 1272 5140 φοδοῦνται
1288 5069 1319 5122 τδ
1343 5068 1459 5138 βασιλέως
1476 5070 1602 5139 χρήματα.
1639 5070 1704 5132 Τέως
1719 5071 1742 5122 δ’

145 5132 177 5194 ῑίς
190 5137 246 5195 ίοΰς
270 5134 390 5209 [ἕκατον]
411 5140 501 5209 μέθαι,
521 5139 543 5194 οἶ
556 5142 698 5213 κουφότερος
711 5140 778 5210 οίηύ
797 5144 918 5215 πόλεμος·
967 5148 1090 5222 έμέρισεν,
1114 5152 1159 5201 ῖνα
1183 5146 1281 5214 εὐπετὴς
1303 5147 1369 5219 αὐτῷ
1390 5148 1448 5218 πρδς
1471 5146 1515 5213 τὴν
1538 5147 1607 5202 λύσιν
1631 5150 1740 5218 γίνηται.
1798 5150 1802 5157 ’

145 5221 186 5262 και
200 5214 242 5268 τήν
264 5214 347 5285 τριήρη
366 5220 537 5288 παρεχέτωσαν
558 5220 652 5274 δώδεκα
672 5220 770 5292 ἀνδρες·
793 5224 922 5287 δωδεκάκις
967 5227 1022 5279 Δύει
1034 5229 1114 5280 τοίνυν
1135 5225 1209 5291 αὐτὴν
1228 5226 1254 5280 ἐκ
1272 5228 1431 5299 συγκρίσεως,
1453 5225 1525 5280 εἰπὼν
1541 5227 1569 5281 τδ
1589 5227 1632 5298 μέν
1652 5227 1743 5282 ἐκείνου

251 5318 369 5355 οιιτοιιεε
388 5322 412 5357 ιι.
1609 5323 1637 5368 51
