3967 5967
719 496 744 554 ί.
769 495 872 555 ΚΑΤΑ
893 494 1105 555 ΤίθίλΡΧΟΥ.
1688 510 1746 559 όθθ

170 628 333 699 ίίαραφίρων]
346 627 474 698 παράγων.
490 628 519 680 Β.
1006 624 1103 692 ’λιιόστη
1117 628 1160 691 τῆς
1170 655 1206 665 -
1216 624 1371 697 φιλοτιμίας]
1385 624 1473 680 όίστιν
1488 605 1627 700 ίνδευτδρῳ
1640 628 1710 682 ἔθετο
1721 630 1751 683 τά

174 711 231 761 133.
251 709 395 778 Συμφοράυ]
416 706 470 760 οἷον
490 706 608 778 τιμωρίαν
624 705 786 777 προξενοῦσαν
809 705 862 767 τοῖς
880 723 921 757 κε·
965 707 1008 770 τῆς
1021 704 1091 770 δόξης
1102 703 1144 755 καλ
1157 702 1253 772 ἀρετῆς.
1267 706 1351 772 FMQ.

134 789 272 858 κτημένοις.
288 788 373 855 FMQ.
1007 782 1154 853 Ἐπίτιμον]
1170 782 1279 854 ἔντιμον,
1294 782 1401 845 ἔνδοξον.
1415 786 1453 838 Μ.

175 868 233 923 135.
257 866 301 921 Ἐκ
314 872 358 920 τοῦ
372 868 530 939 πράγματος]
546 865 574 919 ἐκ
591 867 636 919 τοῦ
650 864 773 935 μάχεσθαι
791 862 850 935 πρός
866 862 922 924 τούς
1006 868 1065 918 162.
1090 861 1120 915 ‘0
1142 860 1187 927 τὴν
1207 861 1306 928 ἡλικίαν
1321 862 1473 934 ιτρολαῦδιν]
1487 861 1542 915 ἀντὶ
1564 866 1607 916 τοῦ
1622 862 1752 935 όπρεσόύ·

135 946 289 1019 ἀντεραστάς.
305 948 389 1015 FMQ.
965 962 1042 1014 τερος,
1064 945 1123 998 BM.
1141 943 1186 996 ίίαί
1197 941 1245 1014 γάρ
1255 941 1299 1012 Δἀπλ
1309 943 1374 998 πολύ
1385 949 1434 997 τῶν
1448 940 1543 1004 όαυτοῖς
1555 943 1677 1012 νεωτέρων
1691 942 1751 1016 ίρδι·

174 1029 232 1097 ι37.
256 1024 434 1097 λδιαφθόρως]
451 1024 528 1096 ὴγουν
549 1022 756 1096 ἀδωροδοκήτως,
777 1023 836 1094 πρδς
854 1023 921 1077 ἀντι·
966 1042 1004 1075 σιν
1017 1023 1150 1093 ἅνθρωποι.
1166 1024 1204 1077 Μ.

137 1104 272 1173 διαστολὴν
288 1110 331 1160 τοῦ
344 1105 432 1158 λαθεῖν
447 1103 564 1176 χρὴματα
575 1104 607 1155 δι’
621 1102 783 1174 αἰσχρότητα.
798 1104 884 1172 FMQ.
1005 1101 1064 1153 τόδ.
1085 1100 1134 1153 Τον
1154 1103 1284 1169 τοιοῦτον]
1300 1101 1343 1153 τδν
1363 1100 1515 1173 μισθωθίντα
1529 1098 1569 1155 ἀπὶ
1584 1105 1620 1172 τῷ
1635 1098 1749 1173 όταιρεῖν.

174 1184 346 1257 Ἐπαρθόντα]
360 1184 415 1238 ἀντὶ
428 1189 472 1238 τοῦ
487 1182 672 1237 ἀναπεισθίντα.
688 1183 767 1235 BFM.
968 1182 1051 1248 FMQ.

174 1268 233 1322 130.
255 1265 420 1336 Ξηραλοιφεῖν
443 1261 534 1333 ἔλεγον
554 1262 583 1315 τδ
601 1261 678 1333 χωρὶς
697 1261 807 1332 λουτρῶν
825 1259 924 1332 ἀλείφι·
1007 1259 1036 1311 Ὁ
1050 1259 1228 1331 μισθούμενος]
1240 1258 1295 1311 ἀντὶ
1308 1262 1352 1312 τοῦ
1366 1257 1380 1311 ό
1395 1258 1588 1329 μισθωσάμενος.
1607 1260 1665 1313 FM.

137 1347 201 1399 σθαι.
242 1343 345 1406 Ἄλλως.
383 1343 418 1396 Τδ
442 1341 466 1405 ἐξ
486 1341 571 1395 ἐλαίου
584 1340 692 1412 ἀλείφειν
709 1340 739 1394 τό
759 1346 844 1412 σῶμα,
863 1342 923 1411 ὅπερ
1007 1336 1177 1407 Ἐπωόιλίαν]
1195 1338 1272 1392 οίονεὶ
1290 1337 1319 1392 τό
1340 1338 1412 1392 ἕκτον
1433 1339 1504 1408 μέρος
1517 1342 1561 1405 τῆς
1578 1339 1751 1407 καταδίκης,δ

136 1424 237 1480 είιύθασι
259 1426 339 1479 ποιεῖν
364 1422 389 1476 οί
413 1423 607 1494 γυμναζόμενοι.
632 1421 660 1474 B.
687 1419 754 1475 ’λντλ
780 1424 824 1474 τοῦ
847 1419 924 1493 ίλαίιρ
969 1420 1049 1475 ίδίδου
1061 1417 1095 1491 μὴ
1109 1417 1753 1489 ἀποδείξαςόκατὴγοροςπερίχρίουςάνιίγων,όδί

136 1504 244 1575 ἀλείφειν
258 1503 287 1557 τδ
301 1508 381 1573 σῶμα.
397 1505 435 1558 M.
453 1500 657 1572 Ξηροτριόεῖσθαι
671 1499 715 1572 μίν
734 1495 779 1553 ούν
792 1500 921 1571 πρότερον,
969 1500 1118 1568 παρανόμων
1133 1505 1278 1569 κατηγορῶν
1294 1497 1328 1568 μὴ
1343 1496 1485 1558 ἀποδεικνύς
1498 1498 1541 1560 τίις
1560 1497 1643 1568 χιλίας
1656 1504 1753 1569 προσῦι·

137 1583 277 1655 ἀλείφεσθαι
289 1582 316 1637 δὲ
327 1582 438 1652 ύστερον,
452 1581 486 1642 ύις
498 1578 612 1649 ἀσκητῶν
626 1582 700 1633 τοῦτο
712 1580 751 1635 όν.
766 1579 828 1648 MQ.
843 1580 924 1650 Ξηρο-
967 1578 1037 1649 φλεν.
1052 1581 1112 1633 FM.
1126 1576 1269 1632 Ἐπωῦιλία
1279 1572 1323 1631 οῦν
1336 1576 1366 1631 τό
1376 1577 1447 1631 ἕκτον
1460 1578 1531 1648 μίρος
1543 1581 1587 1630 τοῦ
1601 1577 1749 1648 τιμὴματος,

137 1663 280 1734 τριῦεῖσθαι·
297 1662 366 1717 δκαί
376 1661 413 1716 ότι
426 1664 470 1714 νῦν
484 1662 595 1733 γίνεται,
608 1661 663 1721 ταῖς
678 1659 749 1730 χερσί
760 1678 826 1721 τινας
839 1658 923 1712 ἔλαιον
967 1659 1162 1729 δτροσιύφειλεν
1176 1658 1191 1710 ό
1204 1657 1287 1720 ἀλούς.
1327 1655 1546 1728 Ἐνομοθέτησεδὲ
1559 1662 1633 1712 τοῦτο
1646 1659 1661 1711 ό
1675 1658 1754 1731 Ἇμχῖ·

136 1742 308 1814 λαμόάνοντας
316 1741 420 1803 εῦτόνως
426 1740 550 1810 τρίῦεσθαι
559 1738 601 1792 καί
610 1738 805 1809 σχηματίζεσθαι
813 1739 842 1792 τδ
852 1744 924 1809 σῖιμα
968 1757 1009 1800 νος
1021 1737 1141 1810 ἔγγράίρας
1157 1744 1192 1811 τῷ
1206 1739 1276 1809 νόμιμ
1290 1737 1321 1790 τά
1335 1736 1379 1809 μὲν
1392 1740 1526 1808 πρυτανεῖα
1539 1736 1604 1791 εἶναι
1618 1741 1671 1801 τοῖς
1683 1741 1751 1793 δικα·

137 1821 241 1893 γαύρως
279 1820 351 1891 Τάχα
365 1814 409 1873 ούν
431 1819 471 1873 διά
486 1822 559 1871 τοῦτο
573 1816 618 1870 ούκ
634 1817 744 1889 ἐπίτρεὴι
762 1818 815 1880 τοῖς
828 1818 925 1880 δούλοις
968 1821 1038 1881 σταῖς
1053 1817 1173 1889 παρδτοῦ
1188 1817 1411 1881 ἀλόντος,όέστιν
1426 1816 1566 1875 ἐπιδέκατον
1585 1821 1751 1893 τοῦτιμὴμα·

137 1900 236 1971 (φίλοις
247 1899 308 1955 οοιί.
323 1904 343 1967 ὴ.
356 1900 394 1954 Μ.
968 1918 1023 1962 τος,
1038 1896 1083 1964 τὴν
1097 1896 1124 1951 δά
1137 1896 1276 1951 ίπωθελίαν
1291 1904 1328 1969 τῷ
1337 1899 1451 1970 δημοσίῳ
1463 1899 1528 1970 παρὰ
1539 1904 1583 1953 τοῦ
1596 1899 1629 1972 μὴ
1641 1901 1749 1966 όλόντος.

172 1978 215 2050 Τῷ
225 1977 292 2049 αύτῷ
303 1977 389 2049 νόμω]
405 1977 459 2029 κατ’
474 1974 623 2047 ἀμφιθολίαν
633 1973 682 2030 ἀπό
691 1978 735 2029 τοῦ
750 1973 871 2031 ἐναντίου.
883 1977 922 2034 M.
967 1980 1033 2046 MQ.
1048 1976 1157 2040 Ἄλλως.
1199 1975 1342 2031 Ἐπιοῦελία
1355 1982 1400 2030 τοῦ
1412 1978 1551 2049 τιμήματος
1564 1983 1607 2047 τῆς
1619 1981 1688 2048 δίκης
1699 1981 1752 2035 ἐστὶ

137 2055 198 2111 Οίου
215 2056 255 2109 διά
266 2061 309 2124 τῆς
323 2055 500 2122 ἐναντιότητος.
514 2056 573 2109 FM.
967 2054 1030 2109 κατά
1044 2052 1159 2126 δραχμὴν
1171 2054 1261 2118 όῦολδς
1273 2056 1289 2123 ὴ
1300 2056 1447 2111 όποσονοῦν.
1484 2058 1564 2111 Τοῦτο
1577 2058 1700 2114 ίπινόελία
1710 2061 1751 2115 λί-

177 2138 236 2207 ¹39·
257 2138 383 2208 Δημοσίρ]
396 2136 427 2189 Οί
447 2136 562 2207 δημόσιοι
584 2134 669 2188 δοῦλοι
690 2130 754 2201 ὴααν
774 2134 864 2202 ταύτην
878 2131 923 2201 τὴν
967 2153 1053 2206 γεται,
1068 2136 1099 2202 ὴν
1117 2140 1153 2207 τῷ
1166 2136 1314 2209 δικαστηρίῳ
1327 2138 1426 2190 δίδωσιν
1440 2136 1454 2189 ό
1470 2134 1564 2207 όφλύιν.
1577 2140 1616 2192 M.

137 2219 221 2290 πρᾶξιν
236 2216 431 2289 ίγχειρούμενοι.
447 2217 468 2269 F
469 2215 504 2268 M.
1006 2217 1065 2278 164.
1086 2213 1181 2285 Σοφός]
1196 2213 1210 2267 ό
1222 2221 1360 2288 πανοῦργος
1370 2216 1412 2270 καλ
1424 2215 1507 2279 δόλιος
1518 2216 1560 2269 καλ
1574 2217 1751 2290 πολυμὴχανος

173 2299 338 2369 Σωφρονίζει]
352 2296 407 2359 Πῶς
427 2296 584 2367 αιφρονίζεις
607 2300 644 2366 τῷ
670 2291 703 2366 μὴ
724 2294 818 2346 διδόναι
838 2293 922 2349 ἄδειαν
968 2295 1108 2354 καλδεινός.
1125 2298 1154 2348 Β.

139 2375 205 2449 αύτῷ
218 2376 373 2447 διαλέγεσθαι
388 2375 512 2447 τῷπαιδί.
527 2374 589 2443 MQ.
1003 2372 1039 2425 Ού
1051 2371 1133 2440 πολλὴ
1144 2373 1216 2446 όρίῦ·
1237 2377 1267 2429 F.

179 2462 235 2521 ιίςο.
257 2454 315 2510 Εἴτε
331 2455 428 2526 ἔρωτα]
446 2454 496 2509 εἴτε
514 2454 575 2526 ἔρως
595 2452 644 2507 είτε
664 2453 753 2525 τρόπος
765 2453 819 2507 δύο-ι
835 2452 922 2509 εἰπεῖν.
1004 2452 1143 2524 Στεφανοῖ]
1155 2452 1211 2507 ἀντὶ
1223 2458 1267 2507 τοῦ
1279 2455 1377 2527 μόλλεις
1388 2455 1573 2525 στεφανοῦσθαι.
1587 2458 1645 2511 FM.
1662 2454 1693 2509 ‘0
1706 2455 1754 2529 γάρ

139 2535 204 2607 Πρός
214 2535 244 2589 τδ
256 2536 395 2605 προσειπεῖν
407 2531 452 2599 τὴν
465 2529 601 2597 αἰτιατικὴν
613 2531 737 2598 ἐποίησεν.
749 2533 785 2598 Q.
969 2532 1002 2594 είς
1015 2531 1096 2604 ἀρχὴν
1110 2533 1286 2605 καθιστάμενος
1297 2535 1468 2607 ἐστεφανοῦτο.
1506 2534 1540 2589 Ἢ
1553 2537 1628 2593 θύων.
1642 2539 1681 2593 Μ.

179 2618 237 2679 ιίςι.
261 2609 361 2677 Ἐπειδὴ
375 2610 418 2679 δὲ]
434 2609 556 2663 Ἐνταῦθα
570 2608 698 2680 συγκρούει
707 2607 779 2662 αύτδν
789 2610 842 2670 τοῖς
854 2609 923 2663 δικα·
1005 2611 1056 2682 Χρὴ
1070 2615 1172 2683 ποιεῖν]
1184 2614 1301 2676 οἷοντοῖς
1315 2614 1456 2686 ἐλευθέροις.
1471 2617 1502 2670 F.

139 2696 209 2755 σταῖς
232 2693 268 2749 M.
1007 2698 1067 2748 166.
1088 2694 1265 2767 Παρεμόολαί]
1278 2693 1423 2766 παρεμβολὴ
1439 2694 1516 2762 ὴτῶν
1528 2695 1622 2767 όμοίων
1638 2696 1754 2763 παρίνθε-

179 2768 419 2843 λίξομεν-ὴριῖς]
428 2766 595 2834 πλθθῑθτῑῑῶς
603 2764 669 2830 ἰῖπῑν
679 2766 734 2818 δύο]
744 2765 837 2827 ἑνικῶς·
849 2763 925 2818 'AM-
968 2790 1014 2834 σις.
1053 2771 1186 2843 Μεταφορά
1198 2772 1247 2828 ἀπδ
1260 2778 1309 2826 τῶν
1324 2779 1493 2845 στρατηγιιυῗιν
1504 2773 1546 2828 καὶ
1559 2773 1709 2843 πολεμικῶν.
1724 2775 1753 2828 Β.

139 2871 215 2922 φορον
233 2847 295 2903 κατά
310 2845 417 2901 παλαιάν
431 2845 569 2911 συνήθειαν.
606 2844 749 2914 Φιλόσοφον
767 2845 863 2915 δὲφησι
882 2845 924 2897 τδν
1005 2850 1104 2919 Πολὺς]
1125 2850 1222 2917 πολλὴν
1245 2854 1289 2904 τοῦ
1312 2851 1438 2906 Φιλίππου
1463 2852 1549 2925 μνείαν
1573 2851 1681 2919 ποιὴσει.
1720 2851 1754 2906 ’ίί

140 2931 254 3001 Ὅμηρον
269 2926 310 2981 διὰ
329 2926 358 2979 τί)
380 2924 536 2978 παίῐῡῧαπθί
555 2927 599 2991 τῆς
613 2923 732 2995 ὦφῑδῑῖας
750 2926 794 2989 τῆς
805 2924 925 2991 πθῦίῦῑως
968 2930 1049 2985 οὔπω·
1064 2931 1144 2985 πολύν
1157 2931 1213 3002 περὶ
1225 2931 1352 2985 Φιλίππου
1365 2933 1462 2998 ποιὴσει
1474 2931 1563 3003 λόγον.
1579 2935 1610 2985 B.

141 3011 225 3065 αύτοῦ.
238 3011 297 3062 FM.
308 3004 420 3076 Φανερδν
432 3003 458 3057 δά
467 3004 506 3057 ότι
514 3003 541 3058 ἀκ
552 3003 658 3059 παλαιοῦ
666 3002 797 3074 φιλόσοφοι
808 3003 925 3076 ἐλέγοντο
1006 3014 1066 3065 168.
1090 3009 1258 3081 ’ἀντικρούσεις
1269 3012 1328 3081 πρός
1342 3012 1424 3082 ἕτερον
1439 3013 1533 3083 παῖδα]
1547 3010 1602 3065 οίον
1614 3010 1673 3082 πρδς
1684 3012 1754 3065 κῶλά

141 3092 165 3146 οἱ
179 3089 287 3158 ποιηταί.
303 3087 339 3141 M.
968 3108 1024 3143 τινα
1037 3089 1079 3143 καί
1088 3090 1196 3163 ᾅσματα.
1212 3092 1297 3159 FMQ.

180 3177 238 3241 ¹49·
259 3168 420 3239 Εύηγενὲων]
435 3164 512 3236 ὴγουν
524 3170 573 3217 τῶν
587 3163 652 3219 καλά
663 3165 723 3236 γίνη
736 3161 855 3234 ἑχόντων.
869 3168 904 3233 Q.
1007 3174 1066 3239 169.
1086 3167 1138 3235 Τὴν
1162 3175 1211 3225 τῶν
1232 3170 1316 3241 λόγων
1338 3169 1476 3239 εὐφημίαν]
1497 3167 1579 3235 ἐπειδὴ
1600 3168 1755 3240 ύπισχνεῖται

181 3251 330 3317 Ἐοδυιιίως]
342 3246 418 3319 ὴγουν
432 3244 561 3316 ἐπιμελῶς.
575 3248 610 3313 Q.
969 3247 1030 3319 ὴμῖν
1054 3247 1136 3320 ἀγαθά
1157 3248 1268 3315 ποιὴσειν
1288 3248 1385 3313 πολλὰ,
1406 3248 1439 3309 ὡς
1459 3247 1537 3313 δῆλον
1551 3246 1577 3299 ἐκ
1596 3247 1697 3311 τούτου,
1716 3248 1756 3300 ότι

181 3332 241 3387 ιύθ.
258 3329 398 3399 Περιθόιδου
409 3329 419 3394 ]
431 3327 509 3397 δῆμος
522 3324 671 3395 Περιθιύδης.
684 3327 722 3392 Q.
969 3327 1036 3382 οὔπω
1053 3324 1083 3395 ὴν
1094 3330 1248 3401 γεγενημάνη
1263 3327 1357 3401 ὴτρίτη
1371 3328 1485 3398 πρεσόεία
1498 3326 1555 3380 οῦδὲ
1566 3329 1756 3397 κατασκαφάντες

180 3412 239 3479 157.
259 3408 446 3479 Τιμαρχώδεις]
458 3406 538 3457 Τοῦτο
547 3404 682 3474 Παρμένων
696 3402 711 3456 ό
725 3403 832 3474 κωμικός
846 3402 925 3456 όσκω·
969 3406 992 3459 οί
1005 3407 1111 3470 Φωκεῖς.
1151 3406 1222 3461 Met&
1234 3406 1283 3478 γάρ
1297 3406 1341 3473 τὴν
1351 3409 1464 3477 δευτέραν
1480 3406 1609 3476 πρεσθείαν
1623 3404 1691 3467 εύθίις
1701 3405 1742 3477 ἕγό

140 3492 184 3562 ὴιν
205 3489 238 3551 τίς
251 3488 380 3557 Τίμαρχον
398 3492 485 3538 τοῦτον
504 3483 546 3537 τόν
560 3482 660 3555 ρὴτορα.
675 3482 726 3536 Ἦν
744 3482 770 3536 δά
783 3483 825 3535 καὶ
845 3484 926 3553 ἕτερος
970 3505 1026 3540 νετο
1044 3486 1060 3552 ὴ
1083 3487 1219 3558 κατηγορία
1240 3486 1287 3540 ύπδ
1309 3488 1438 3558 Τιμάρχου
1460 3485 1501 3539 καί
1516 3485 1685 3555 Δημοσθένους
1699 3486 1755 3539 κατ’

141 3570 267 3640 Τίμαρχος
275 3565 360 3619 Τισίου
371 3565 414 3635 μίν
426 3564 477 3625 υίδς
487 3567 531 3616 τοῦ
547 3560 723 3635 Ῥαμνουσίου,
740 3561 926 3633 ’ίφιιιράτουςδί
971 3565 1413 3637 Αίσχίνουόιςπαραπρεσόεύσαντος.
1431 3567 1490 3619 FM.
1532 3562 1756 3634 Ὧςύπεσχημίνου

143 3647 285 3718 ἀδελφιδνθε
295 3648 338 3697 τοῦ
355 3642 527 3713 Ῥαμνουσίου·
542 3642 577 3694 Μ’
969 3645 1037 3708 τινάς
1045 3645 1187 3716 ύποσχέσεις
1195 3649 1248 3708 τοῖς
1260 3644 1394 3714 Ἀθηναίοις
1401 3651 1444 3700 τοῦ
1454 3646 1580 3700 Φιλίππου
1587 3646 1704 3715 χρηστάς.
1715 3647 1754 3699 Μ.

181 3726 225 3779 Ἐν
236 3724 371 3796 Κολλυτῷ]
385 3722 421 3776 ivl
434 3727 482 3776 τῶν
493 3723 590 3793 διίμων.
606 3724 635 3776 F.
1008 3742 1067 3795 171.
1088 3725 1161 3797 Μίγα
1171 3728 1316 3799 φρονοῦσα]
1341 3724 1397 3778 ἀντί
1415 3729 1460 3778 τοῦ
1483 3724 1558 3781 πλόον
1580 3726 1689 3792 ζητοῦσα
1711 3728 1756 3777 τοῦ

179 3806 238 3861 Κατ’
251 3803 349 3875 αὐτῶν]
364 3801 420 3857 ἀντί
434 3805 481 3856 τοῦ
492 3801 547 3873 περὶ
560 3802 650 3869 αύσιῖιν,
664 3803 698 3866 ὡς
714 3803 757 3856 καλ
770 3801 796 3856 ίν
809 3804 862 3865 τοῖς
877 3802 926 3854 Φι-
970 3807 1067 3866 δίοντος
1078 3807 1188 3875 φρονεῖν.
1203 3807 1261 3858 FM.

141 3885 266 3947 λιππυιοῖς
278 3887 322 3955 (p.
343 3886 389 3949 68,
404 3882 449 3951 3)·
473 3905 484 3933 ιι
500 3883 561 3954 όαιρ
579 3882 631 3937 ἔστί
652 3885 767 3954 μόγιστον
789 3882 844 3937 καθ’
857 3882 926 3955 ύμῶν
1004 3885 1156 3956 Διεχείριζε]
1169 3886 1263 3955 διῴκει.
1278 3885 1308 3937 F.

142 3964 265 4038 ἀγκιύμιον
280 3986 293 4013 ν
309 3961 365 4016 ἀντὶ
375 3966 419 4017 τοῦ
432 3961 488 4033 πιρί
499 3961 578 4035 δρῶν.
594 3964 700 4034 BFMQ.
1002 3964 1177 4035 Ἀρίσταρχος]
1193 3963 1253 4034 Περί
1267 3963 1353 4016 τούτου
1362 3961 1439 4022 πολύς
1450 3960 1525 4033 λόγος
1537 3959 1608 4033 ἀντῷ
1620 3959 1683 4013 κατίι
1697 3961 1756 4013 Mtt-

179 4044 238 4098 158.
258 4041 308 4095 Ὧν
329 4040 435 4109 ἥκιστα]
458 4038 494 4095 ὤν
513 4041 648 4112 ίλιίχιστα,
674 4040 729 4094 ἀντὶ
750 4046 794 4095 τοῖν
813 4039 851 4096 ὧν
871 4042 926 4097 οὐδὲ
970 4043 1024 4097 δίου
1045 4043 1125 4116 λόγιμ.
1149 4045 1178 4097 Β.
1216 4043 1310 4096 Τούτου
1332 4042 1488 4113 Δημοσθένης
1504 4041 1599 4111 ἑταῖρος
1611 4036 1651 4106 ὴν.
1689 4041 1758 4094 Φασί

141 4124 206 4185 όλως
215 4143 257 4195 μοι
268 4122 345 4194 μίλει.
360 4124 425 4190 MQ.
436 4122 499 4184 Τοὶις
505 4121 615 4184 πολλούς
628 4121 730 4194 παροίσω
741 4128 790 4176 τῶν
804 4122 924 4193 αἰσχρῶν,
970 4126 992 4176 δ’
1006 4124 1039 4187 ὡς
1052 4123 1137 4176 λαόὼν
1151 4124 1207 4195 παρ’
1221 4123 1295 4176 αύτοῦ
1308 4124 1440 4195 φεύγοντος
1454 4122 1494 4176 ἐπὶ
1505 4122 1573 4191 φόνφ
1584 4119 1757 4191 παρακαταθὴ·

141 4203 237 4273 φεόγων
251 4201 295 4264 τάς
311 4200 442 4271 ἀπεχθιίας
455 4200 545 4268 αύτῶν,
564 4201 662 4256 ἐκείνων
684 4200 710 4259 δὲ
730 4200 848 4263 ἐξαύτῶν
862 4222 925 4273 μνη·
971 4222 1017 4272 κην
1036 4204 1090 4274 τρία
1111 4203 1236 4268 τάλαντα,
1251 4207 1327 4256 ταῦτα
1350 4202 1520 4271 ἀπεστέρησεν.
1558 4200 1607 4252 Δύο
1628 4196 1757 4268 δδφόνους

142 4282 277 4351 ῦίίθσθίῑαῑι
291 4275 327 4331 ὦ*
340 4279 408 4332 θῦὅίί
422 4299 463 4351 1²⁰¹
477 4281 554 4351 μίδῑῑ·
592 4282 671 4334 Toum
685 4279 712 4334 M
725 4278 795 4334 va
815 4278 873 4342 ἴσως
885 4280 925 4332 5ῑᾶ
971 4285 1071 4358 ἔδρασεν
1083 4284 1098 4337 ό
1113 4283 1282 4356 Ἀρίσταρχος,
1298 4285 1415 4354 πρότερον
1431 4281 1474 4352 μάν
1483 4279 1637 4350 Νικόδημον,
1652 4271 1720 4339 αύθις
1730 4276 1757 4330 δί

145 4361 200 4422 τούς
210 4359 354 4422 πλουσίους,
367 4360 451 4421 δεδιὼς
462 4360 542 4414 αύτῶν
556 4360 585 4414 τδ
596 4361 708 4415 δυνατόν.
723 4363 781 4417 FM.
971 4366 1097 4419 Εύόουλον
1111 4364 1216 4417 ἀνελών.
1231 4366 1269 4417 M.

183 4437 389 4507 'ffiwkspfflffll
401 4436 488 4509 ίίάίΰῑῑ·
505 4442 536 4492 F·
1006 4443 1048 4507 Είς
1064 4442 1110 4510 τὴν
1121 4441 1321 4514 φιλανθρωπίαν]
1338 4439 1371 4502 εἰς
1386 4440 1415 4492 τό
1433 4437 1619 4510 προσποιεῖσθαι
1633 4435 1707 4490 αύτοῦ
1719 4434 1756 4489 τί·

178 4518 219 4580 Τίς
237 4516 285 4588 γὰρ
300 4515 385 4587 ύμῦιν]
400 4517 493 4588 Πικρδν
505 4519 548 4571 καὶ
561 4520 642 4591 δριμύ.
658 4522 694 4588 Q.
971 4544 1011 4579 ναι
1022 4524 1101 4594 φίλος.
1116 4525 1175 4576 FM·

178 4593 351 4666 Παρθόρῑυῑίί
377 4591 491 4663 ‘filma’
511 4596 613 4666 όρλθθῖῑ
634 4599 785 4668 σνναιρεῖται
810 4599 927 4670 πάρεδρος
1008 4603 1171 4673 Ιίατάλογον]
1184 4600 1294 4671 ῥητόρων
1308 4599 1348 4652 ύπ*
1363 4598 1437 4651 αύτοῦ
1453 4599 1637 4669 γεγενημένων.
1653 4598 1692 4650 M.

143 4674 201 4747 ’²95‘
214 4674 242 4728 ὼ
257 4673 387 4745 MMWW
398 4673 430 4727 t&
441 4675 583 4745 πθάίίωῗαι
600 4676 661 4745 MQ·
1010 4700 1068 4753 172.
1089 4681 1201 4752 Φεύγει]
1216 4679 1277 4732 καθδ
1292 4678 1404 4749 ἀφόνευσε
1417 4677 1459 4731 τδν
1474 4676 1626 4747 Νικόδημον.
1641 4677 1699 4728 FM.

181 4755 239 4825 159.
251 4753 346 4808 Οὐκοῦν
362 4752 415 4826 μὴ]
429 4752 472 4817 Ὧς
483 4761 531 4808 τῶν
546 4757 664 4809 δικαστῶν
674 4756 882 4831 ἀποκρινομένων,
894 4759 927 4822 είς
1006 4762 1163 4832 Προλαῦών]
1177 4759 1233 4812 ἀντὶ
1246 4763 1290 4812 τοῦ
1302 4757 1421 4828 ἁρπάξας,
1434 4756 1496 4811 καθδ
1507 4756 1603 4828 φεύγων
1617 4752 1756 4826 κατίλειθεν

143 4836 198 4898 τούς
211 4836 430 4907 πεπορνευμάνους,
444 4835 520 4898 ούτως
534 4834 681 4901 ἀπήντησεν.
698 4839 737 4890 Μ.
972 4841 1039 4913 αύτῷ
1059 4842 1113 4912 τρία
1136 4840 1260 4906 τάλαντα,
1273 4841 1337 4892 ὥστε
1355 4837 1487 4903 ἀπαιτῆσαι
1507 4834 1698 4905 χρεωστούμενσ
1715 4832 1757 4887 καί

178 4915 338 4988 Σωμμορίαν]
353 4913 398 4981 τὴν
413 4921 463 4969 τῶν
475 4915 644 4987 ὴταιρηκότων
658 4916 734 4976 τάξιν.
750 4918 788 4969 Μ.
971 4921 1063 4993 πέμψαι
1075 4921 1143 4992 αύτῷ
1155 4920 1181 4972 ἐν
1193 4923 1225 4992 τῇ
1237 4922 1311 4990 φυγῇ.
1351 4917 1398 4969 Καὶ
1409 4916 1453 4969 οῦκ
1468 4915 1583 4986 ἔπεμψεν.
1597 4917 1685 4981 fflQ.

178 4994 373 5067 Αύτομολὴσῃς]
382 4995 513 5067 ίίίεταφορά
522 4996 571 5049 ἀπό
579 5001 627 5048 τῶν
640 4993 665 5048 ίν
673 4999 704 5068 τῇ
716 4997 846 5067 συμμαχίᾳ
857 4997 927 5062 ὴπο-
1008 5001 1164 5071 Νικόδημος]
1182 4999 1249 5053 ίίατά
1263 5003 1306 5051 τοῦ
1319 5000 1402 5051 κοινοῦ
1413 4996 1441 5049 τό
1458 4994 1482 5056 ἐξ
1492 4991 1538 5050 ὧν.
1553 4996 1591 5046 M.

142 5073 211 5146 λάμερ
220 5075 276 5137 τοῦς
286 5073 360 5138 ίδίους
368 5077 491 5130 λιπόντων
502 5075 543 5128 καί
552 5076 694 5146 προδόντων
703 5075 745 5127 καί
755 5074 814 5144 πρὸς
825 5074 927 5127 ἀντιπά-
1009 5079 1104 5133 Ἔπειθ’
1117 5079 1188 5149 ύμεῖς
1201 5079 1350 5149 Σωκράτην]
1362 5077 1467 5136 Ψεῦδος.
1485 5077 1516 5128 F.

142 5155 199 5215 λους
212 5153 344 5209 ίλόόντων.
357 5157 436 5209 Τοῦτο
449 5156 497 5227 γὰρ
512 5155 611 5228 λίγεται
623 5156 711 5228 κυρίως
724 5153 872 5225 αὐτομολεῖν
896 5154 924 5209 Β.
1006 5158 1065 5225 ¹73·
1085 5156 1200 5229 Κριτίαν]
1216 5156 1312 5227 ίίριτίας
1324 5153 1476 5226 Σωκρατικὸς
1492 5150 1527 5215 εἷς
1537 5158 1586 5206 τῶν
1598 5150 1632 5204 λ’.
1645 5151 1683 5204 Μ.

183 5236 241 5287 ¹60.
262 5232 346 5293 Ὅπως
358 5235 404 5302 ἀν]
417 5233 465 5289 εἴτε
475 5236 538 5290 κατά
551 5237 722 5307 γραμματεῖον
734 5234 866 5299 πεποίηκεν
878 5232 926 5288 εἴτε
1011 5234 1137 5306 Ἔταίρους
1150 5234 1318 5306 ἀξαιτὴσεται]
1333 5234 1388 5288 ἀντὶ
1401 5239 1445 5288 τοῦ
1458 5232 1543 5303 φίλους
1557 5233 1639 5284 σώσει.
1656 5230 1741 5297 FMQ.

145 5311 179 5381 μὴ
204 5315 267 5382 MQ.
1013 5313 1168 5385 Ἰσηγορίας]
1195 5312 1328 5383 ίσολογίας.
1355 5314 1390 5367 M.
1420 5313 1454 5373 ύις
1472 5312 1498 5365 ἀν
1517 5310 1668 5382 δημοκρατία
1690 5310 1755 5378 ἔχων

1591 5408 1626 5451 32.
