<?xml version="1.0" encoding="UTF-8"?>
<!DOCTYPE html PUBLIC "-//W3C//DTD XHTML 1.0 Transitional//EN"
    "http://www.w3.org/TR/xhtml1/DTD/xhtml1-transitional.dtd">
<html xmlns="http://www.w3.org/1999/xhtml" xml:lang="en" lang="en">
 <head>
  <title>
</title>
<meta http-equiv="Content-Type" content="text/html;charset=utf-8" />
  <meta name='ocr-system' content='tesseract 3.04.00' />
  <meta name='ocr-capabilities' content='ocr_page ocr_carea ocr_par ocr_line ocrx_word'/>
</head>
<body>
  <div class='ocr_page' id='page_1' title='image "./oratoresattici01hunzgoog_0624.png"; bbox 0 0 3967 5967; ppageno 0'>
   <div class='ocr_carea' id='block_1_1' title="bbox 220 448 1282 515">
    <p class='ocr_par' dir='ltr' id='par_1_1' title="bbox 220 448 1282 515">
     <span class='ocr_line' id='line_1_1' title="bbox 220 448 1282 515; baseline 0 -6"><span class='ocrx_word' id='word_1_1' title='bbox 220 460 279 511; x_wconf 77' lang='grc'>614</span> <span class='ocrx_word' id='word_1_2' title='bbox 757 450 899 510; x_wconf 82' lang='grc' dir='ltr'>ΣΧΟΑΙΑ</span> <span class='ocrx_word' id='word_1_3' title='bbox 921 448 986 509; x_wconf 82' lang='grc' dir='ltr'>ΕΙΣ</span> <span class='ocrx_word' id='word_1_4' title='bbox 1006 450 1282 515; x_wconf 78' lang='grc' dir='ltr'>ΔΜΜΟΣΘΕΝΗΝ.</span> 
     </span>
    </p>
   </div>
   <div class='ocr_carea' id='block_1_2' title="bbox 149 576 1831 5311">
    <p class='ocr_par' dir='ltr' id='par_1_2' title="bbox 149 576 1831 5311">
     <span class='ocr_line' id='line_1_2' title="bbox 216 576 1824 653; baseline 0.001 -21"><span class='ocrx_word' id='word_1_5' title='bbox 216 578 259 632; x_wconf 81' lang='grc' dir='ltr'>τόν</span> <span class='ocrx_word' id='word_1_6' title='bbox 273 577 391 650; x_wconf 81' lang='grc' dir='ltr'>Αἰσχίνου</span> <span class='ocrx_word' id='word_1_7' title='bbox 401 576 445 645; x_wconf 82' lang='grc' dir='ltr'>τὴν</span> <span class='ocrx_word' id='word_1_8' title='bbox 459 580 613 650; x_wconf 71' lang='grc' dir='ltr'><strong>δημηγορίαν</strong></span> <span class='ocrx_word' id='word_1_9' title='bbox 628 580 670 632; x_wconf 81' lang='grc' dir='ltr'>καί</span> <span class='ocrx_word' id='word_1_10' title='bbox 683 580 712 633; x_wconf 88' lang='grc' dir='ltr'>τθ</span> <span class='ocrx_word' id='word_1_11' title='bbox 724 580 849 651; x_wconf 74' lang='grc' dir='ltr'>ψήφισμα,</span> <span class='ocrx_word' id='word_1_12' title='bbox 864 578 946 633; x_wconf 83' lang='grc' dir='ltr'>ίπειτα</span> <span class='ocrx_word' id='word_1_13' title='bbox 959 579 998 632; x_wconf 87' lang='grc' dir='ltr'>δτι</span> <span class='ocrx_word' id='word_1_14' title='bbox 1045 599 1057 629; x_wconf 82' lang='grc' dir='ltr'>ι</span> <span class='ocrx_word' id='word_1_15' title='bbox 1074 576 1107 650; x_wconf 75' lang='grc' dir='ltr'>μή</span> <span class='ocrx_word' id='word_1_16' title='bbox 1119 578 1262 651; x_wconf 84' lang='grc' dir='ltr'>ἀμύναιντο,</span> <span class='ocrx_word' id='word_1_17' title='bbox 1276 579 1337 651; x_wconf 83' lang='grc' dir='ltr'>μηδί</span> <span class='ocrx_word' id='word_1_18' title='bbox 1350 578 1475 651; x_wconf 73' lang='grc' dir='ltr'>ἀντίχοιεν</span> <span class='ocrx_word' id='word_1_19' title='bbox 1487 578 1512 635; x_wconf 90' lang='grc' dir='ltr'>σί</span> <span class='ocrx_word' id='word_1_20' title='bbox 1523 580 1634 648; x_wconf 79' lang='grc' dir='ltr'>Φωκαῒς,</span> <span class='ocrx_word' id='word_1_21' title='bbox 1645 580 1685 637; x_wconf 79' lang='grc' dir='ltr'>ίπί</span> <span class='ocrx_word' id='word_1_22' title='bbox 1695 584 1747 644; x_wconf 84' lang='grc' dir='ltr'>ταῖς</span> <span class='ocrx_word' id='word_1_23' title='bbox 1758 581 1824 653; x_wconf 79' lang='grc' dir='ltr'>παρά</span> 
     </span>
     <span class='ocr_line' id='line_1_3' title="bbox 216 655 1824 731; baseline 0.003 -22"><span class='ocrx_word' id='word_1_24' title='bbox 216 657 261 711; x_wconf 86' lang='grc' dir='ltr'>ούκ</span> <span class='ocrx_word' id='word_1_25' title='bbox 274 658 303 710; x_wconf 87' lang='grc' dir='ltr'>ἀν</span> <span class='ocrx_word' id='word_1_26' title='bbox 320 656 464 729; x_wconf 74' lang='grc' dir='ltr'>παρεδέξατο</span> <span class='ocrx_word' id='word_1_27' title='bbox 480 658 509 711; x_wconf 90' lang='grc' dir='ltr'>τδ</span> <span class='ocrx_word' id='word_1_28' title='bbox 522 658 690 729; x_wconf 77' lang='grc' dir='ltr'><strong>Φιλοκράτους</strong></span> <span class='ocrx_word' id='word_1_29' title='bbox 708 660 811 730; x_wconf 86' lang='grc' dir='ltr'>γράμμα</span> <span class='ocrx_word' id='word_1_30' title='bbox 824 657 840 726; x_wconf 82' lang='grc' dir='ltr'>ή</span> <span class='ocrx_word' id='word_1_31' title='bbox 858 657 942 723; x_wconf 88' lang='grc' dir='ltr'>πόλις,</span> <span class='ocrx_word' id='word_1_32' title='bbox 963 655 997 729; x_wconf 78' lang='grc' dir='ltr'>μή</span> <span class='ocrx_word' id='word_1_33' title='bbox 1043 680 1055 707; x_wconf 84' lang='grc' dir='ltr'>ι</span> <span class='ocrx_word' id='word_1_34' title='bbox 1070 657 1138 730; x_wconf 77' lang='grc' dir='ltr'>ύμίῖιν</span> <span class='ocrx_word' id='word_1_35' title='bbox 1161 658 1319 730; x_wconf 73' lang='grc' dir='ltr'>ἐπανάχοντες</span> <span class='ocrx_word' id='word_1_36' title='bbox 1332 658 1437 713; x_wconf 80' lang='grc' dir='ltr'>ἐλπίσιν.</span> <span class='ocrx_word' id='word_1_37' title='bbox 1457 682 1468 710; x_wconf 83' lang='grc' dir='ltr'>ν</span> <span class='ocrx_word' id='word_1_38' title='bbox 1510 658 1678 731; x_wconf 84' lang='grc' dir='ltr'>Ἀναγινιύσκει</span> <span class='ocrx_word' id='word_1_39' title='bbox 1689 661 1715 715; x_wconf 85' lang='grc' dir='ltr'>δέ</span> <span class='ocrx_word' id='word_1_40' title='bbox 1728 662 1770 714; x_wconf 80' lang='grc' dir='ltr'>καὶ</span> <span class='ocrx_word' id='word_1_41' title='bbox 1780 661 1824 723; x_wconf 86' lang='grc' dir='ltr'>τάς</span> 
     </span>
     <span class='ocr_line' id='line_1_4' title="bbox 216 732 1823 810; baseline 0.001 -20"><span class='ocrx_word' id='word_1_42' title='bbox 216 743 265 790; x_wconf 86' lang='grc' dir='ltr'>τῶν</span> <span class='ocrx_word' id='word_1_43' title='bbox 277 737 431 808; x_wconf 85' lang='grc' dir='ltr'>ύποσχέσεων</span> <span class='ocrx_word' id='word_1_44' title='bbox 446 738 538 792; x_wconf 85' lang='grc' dir='ltr'>τούτων</span> <span class='ocrx_word' id='word_1_45' title='bbox 553 741 748 810; x_wconf 87' lang='grc' dir='ltr'>προειρημίνων·</span> <span class='ocrx_word' id='word_1_46' title='bbox 766 740 824 810; x_wconf 83' lang='grc' dir='ltr'>θπερ</span> <span class='ocrx_word' id='word_1_47' title='bbox 841 738 889 810; x_wconf 81' lang='grc' dir='ltr'>γὰρ</span> <span class='ocrx_word' id='word_1_48' title='bbox 903 737 943 793; x_wconf 85' lang='grc' dir='ltr'>ἐπί</span> <span class='ocrx_word' id='word_1_49' title='bbox 955 743 999 805; x_wconf 80' lang='grc' dir='ltr'>τῆς</span> <span class='ocrx_word' id='word_1_50' title='bbox 1042 732 1170 800; x_wconf 83' lang='grc' dir='ltr'>ἰπιστολάς</span> <span class='ocrx_word' id='word_1_51' title='bbox 1199 742 1242 791; x_wconf 79' lang='grc' dir='ltr'>τοῦ</span> <span class='ocrx_word' id='word_1_52' title='bbox 1265 737 1422 804; x_wconf 72' lang='grc' dir='ltr'>Μακεδόνος,</span> <span class='ocrx_word' id='word_1_53' title='bbox 1449 732 1487 801; x_wconf 87' lang='grc' dir='ltr'>αίς</span> <span class='ocrx_word' id='word_1_54' title='bbox 1507 738 1561 792; x_wconf 91' lang='grc' dir='ltr'>οἰόν</span> <span class='ocrx_word' id='word_1_55' title='bbox 1584 760 1611 793; x_wconf 88' lang='grc' dir='ltr'>τι</span> <span class='ocrx_word' id='word_1_56' title='bbox 1631 735 1660 806; x_wconf 81' lang='grc' dir='ltr'>ήν</span> <span class='ocrx_word' id='word_1_57' title='bbox 1683 740 1823 809; x_wconf 83' lang='grc' dir='ltr'>χρήσασθαι</span> 
     </span>
     <span class='ocr_line' id='line_1_5' title="bbox 217 814 1825 889; baseline 0.004 -22"><span class='ocrx_word' id='word_1_58' title='bbox 217 814 347 882; x_wconf 76' lang='grc' dir='ltr'>ἐπιπολῆς</span> <span class='ocrx_word' id='word_1_59' title='bbox 357 816 468 888; x_wconf 84' lang='grc' dir='ltr'>εἴπομεν,</span> <span class='ocrx_word' id='word_1_60' title='bbox 486 823 559 871; x_wconf 78' lang='grc' dir='ltr'>τοῦτο</span> <span class='ocrx_word' id='word_1_61' title='bbox 576 816 698 871; x_wconf 83' lang='grc' dir='ltr'>κάνταῦθα</span> <span class='ocrx_word' id='word_1_62' title='bbox 713 817 837 885; x_wconf 81' lang='grc' dir='ltr'>Ιἐποίησεν,</span> <span class='ocrx_word' id='word_1_63' title='bbox 850 818 879 871; x_wconf 87' lang='grc' dir='ltr'>τδ</span> <span class='ocrx_word' id='word_1_64' title='bbox 898 816 997 888; x_wconf 83' lang='grc' dir='ltr'>ἰσχυρόν</span> <span class='ocrx_word' id='word_1_65' title='bbox 1042 815 1170 885; x_wconf 88' lang='grc' dir='ltr'>Αἰσχίνην,</span> <span class='ocrx_word' id='word_1_66' title='bbox 1186 818 1230 869; x_wconf 86' lang='grc' dir='ltr'>ίνα</span> <span class='ocrx_word' id='word_1_67' title='bbox 1244 816 1275 871; x_wconf 86' lang='grc' dir='ltr'>τίι</span> <span class='ocrx_word' id='word_1_68' title='bbox 1290 817 1378 887; x_wconf 72' lang='grc' dir='ltr'>ἰσχυρὰ</span> <span class='ocrx_word' id='word_1_69' title='bbox 1389 823 1516 888; x_wconf 74' lang='grc' dir='ltr'>πανταχοῦ</span> <span class='ocrx_word' id='word_1_70' title='bbox 1525 819 1640 889; x_wconf 86' lang='grc' dir='ltr'>ύρίληται</span> <span class='ocrx_word' id='word_1_71' title='bbox 1651 820 1692 873; x_wconf 78' lang='grc' dir='ltr'>καί</span> <span class='ocrx_word' id='word_1_72' title='bbox 1707 819 1749 881; x_wconf 80' lang='grc' dir='ltr'>τὰς</span> <span class='ocrx_word' id='word_1_73' title='bbox 1765 818 1825 873; x_wconf 85' lang='grc' dir='ltr'>ἀπο-</span> 
     </span>
     <span class='ocr_line' id='line_1_6' title="bbox 216 893 1555 968; baseline 0.003 -20"><span class='ocrx_word' id='word_1_74' title='bbox 216 899 262 948; x_wconf 73' lang='grc' dir='ltr'>τοθ</span> <span class='ocrx_word' id='word_1_75' title='bbox 283 895 404 949; x_wconf 72' lang='grc' dir='ltr'>ἀντιδίκου</span> <span class='ocrx_word' id='word_1_76' title='bbox 426 898 632 966; x_wconf 87' lang='grc' dir='ltr'>ουναγωνιστικδν</span> <span class='ocrx_word' id='word_1_77' title='bbox 656 895 733 968; x_wconf 79' lang='grc' dir='ltr'>ίωιτῷ</span> <span class='ocrx_word' id='word_1_78' title='bbox 751 898 892 965; x_wconf 88' lang='grc' dir='ltr'>πεποίηκεν.</span> <span class='ocrx_word' id='word_1_79' title='bbox 934 895 999 949; x_wconf 63' lang='lat' dir='ltr'>Etru</span> <span class='ocrx_word' id='word_1_80' title='bbox 1041 893 1127 964; x_wconf 86' lang='grc' dir='ltr'>λογίας</span> <span class='ocrx_word' id='word_1_81' title='bbox 1136 895 1210 949; x_wconf 84' lang='grc' dir='ltr'>αύτού</span> <span class='ocrx_word' id='word_1_82' title='bbox 1221 894 1310 966; x_wconf 81' lang='grc' dir='ltr'>ααθράς</span> <span class='ocrx_word' id='word_1_83' title='bbox 1321 896 1461 967; x_wconf 81' lang='grc' dir='ltr'>ἐργάζηται.</span> <span class='ocrx_word' id='word_1_84' title='bbox 1474 898 1555 952; x_wconf 56' lang='lat' dir='ltr'>TCV.</span> 
     </span>
     <span class='ocr_line' id='line_1_7' title="bbox 217 974 1823 1048; baseline 0.001 -18"><span class='ocrx_word' id='word_1_85' title='bbox 217 975 291 1030; x_wconf 88' lang='grc' dir='ltr'>πάλιν</span> <span class='ocrx_word' id='word_1_86' title='bbox 302 975 405 1028; x_wconf 78' lang='grc' dir='ltr'>ἐνταῦθα</span> <span class='ocrx_word' id='word_1_87' title='bbox 418 976 531 1047; x_wconf 82' lang='grc' dir='ltr'>ρούηθείς</span> <span class='ocrx_word' id='word_1_88' title='bbox 542 976 570 1029; x_wconf 86' lang='grc' dir='ltr'>ιδ</span> <span class='ocrx_word' id='word_1_89' title='bbox 584 976 639 1047; x_wconf 88' lang='grc' dir='ltr'>παρ’</span> <span class='ocrx_word' id='word_1_90' title='bbox 653 976 770 1047; x_wconf 81' lang='grc' dir='ltr'>Αἰσχίνου</span> <span class='ocrx_word' id='word_1_91' title='bbox 785 983 874 1048; x_wconf 81' lang='grc' dir='ltr'>χρῶμα</span> <span class='ocrx_word' id='word_1_92' title='bbox 889 1007 925 1018; x_wconf 97' lang='grc'>-</span> <span class='ocrx_word' id='word_1_93' title='bbox 940 976 999 1044; x_wconf 73' lang='grc' dir='ltr'>ἡδύ·</span> <span class='ocrx_word' id='word_1_94' title='bbox 1076 975 1199 1045; x_wconf 81' lang='grc' dir='ltr'>Χρόνοις]</span> <span class='ocrx_word' id='word_1_95' title='bbox 1215 974 1242 1027; x_wconf 89' lang='grc' dir='ltr'>ού</span> <span class='ocrx_word' id='word_1_96' title='bbox 1254 975 1309 1037; x_wconf 78' lang='grc' dir='ltr'>τούς</span> <span class='ocrx_word' id='word_1_97' title='bbox 1320 975 1373 1046; x_wconf 86' lang='grc' dir='ltr'>περί</span> <span class='ocrx_word' id='word_1_98' title='bbox 1383 974 1480 1047; x_wconf 79' lang='grc' dir='ltr'>Θρᾴκην</span> <span class='ocrx_word' id='word_1_99' title='bbox 1493 975 1560 1046; x_wconf 87' lang='grc' dir='ltr'>λίγει</span> <span class='ocrx_word' id='word_1_100' title='bbox 1572 980 1626 1040; x_wconf 78' lang='grc' dir='ltr'>νύν,</span> <span class='ocrx_word' id='word_1_101' title='bbox 1637 976 1662 1029; x_wconf 85' lang='grc' dir='ltr'>ἐν</span> <span class='ocrx_word' id='word_1_102' title='bbox 1674 976 1711 1040; x_wconf 86' lang='grc' dir='ltr'>οίς</span> <span class='ocrx_word' id='word_1_103' title='bbox 1720 977 1752 1031; x_wconf 84' lang='grc' dir='ltr'>τίι</span> <span class='ocrx_word' id='word_1_104' title='bbox 1768 976 1823 1033; x_wconf 83' lang='grc' dir='ltr'>ἐκεῖ</span> 
     </span>
     <span class='ocr_line' id='line_1_8' title="bbox 218 1050 1638 1129; baseline 0.001 -23"><span class='ocrx_word' id='word_1_105' title='bbox 218 1073 277 1107; x_wconf 86' lang='grc' dir='ltr'>ναεο</span> <span class='ocrx_word' id='word_1_106' title='bbox 289 1053 337 1125; x_wconf 74' lang='grc' dir='ltr'>γὰρ</span> <span class='ocrx_word' id='word_1_107' title='bbox 351 1053 378 1107; x_wconf 82' lang='grc' dir='ltr'>ἐκ</span> <span class='ocrx_word' id='word_1_108' title='bbox 396 1061 444 1109; x_wconf 83' lang='grc' dir='ltr'>τῶν</span> <span class='ocrx_word' id='word_1_109' title='bbox 465 1058 643 1127; x_wconf 77' lang='grc' dir='ltr'>γεγραμμένων</span> <span class='ocrx_word' id='word_1_110' title='bbox 662 1055 687 1110; x_wconf 82' lang='grc' dir='ltr'>ίν</span> <span class='ocrx_word' id='word_1_111' title='bbox 705 1062 740 1129; x_wconf 79' lang='grc' dir='ltr'>τῷ</span> <span class='ocrx_word' id='word_1_112' title='bbox 759 1057 893 1127; x_wconf 80' lang='grc' dir='ltr'>ψηρίσματι</span> <span class='ocrx_word' id='word_1_113' title='bbox 909 1076 999 1126; x_wconf 81' lang='grc' dir='ltr'>μαρτυ·</span> <span class='ocrx_word' id='word_1_114' title='bbox 1042 1052 1174 1122; x_wconf 84' lang='grc' dir='ltr'>πράγματα</span> <span class='ocrx_word' id='word_1_115' title='bbox 1185 1050 1312 1118; x_wconf 77' lang='grc' dir='ltr'>ἀπύλετο,</span> <span class='ocrx_word' id='word_1_116' title='bbox 1328 1051 1395 1106; x_wconf 86' lang='grc' dir='ltr'>ἀλλά</span> <span class='ocrx_word' id='word_1_117' title='bbox 1405 1055 1461 1116; x_wconf 78' lang='grc' dir='ltr'>τούς</span> <span class='ocrx_word' id='word_1_118' title='bbox 1474 1053 1594 1108; x_wconf 81' lang='grc' dir='ltr'>Φωκίων.</span> <span class='ocrx_word' id='word_1_119' title='bbox 1606 1057 1638 1109; x_wconf 91' lang='grc' dir='ltr'>Ρ.</span> 
     </span>
     <span class='ocr_line' id='line_1_9' title="bbox 218 1129 1369 1207; baseline 0.003 -22"><span class='ocrx_word' id='word_1_120' title='bbox 218 1135 269 1205; x_wconf 89' lang='grc' dir='ltr'>ρίαν</span> <span class='ocrx_word' id='word_1_121' title='bbox 282 1133 380 1199; x_wconf 83' lang='grc' dir='ltr'>λαδεῖν,</span> <span class='ocrx_word' id='word_1_122' title='bbox 393 1136 432 1188; x_wconf 87' lang='grc' dir='ltr'>ότι</span> <span class='ocrx_word' id='word_1_123' title='bbox 442 1136 565 1199; x_wconf 88' lang='grc' dir='ltr'>Φίλιππος</span> <span class='ocrx_word' id='word_1_124' title='bbox 575 1129 605 1202; x_wconf 79' lang='grc' dir='ltr'>ήν</span> <span class='ocrx_word' id='word_1_125' title='bbox 624 1135 843 1206; x_wconf 82' lang='grc' dir='ltr'>δύπισχνούμενος</span> <span class='ocrx_word' id='word_1_126' title='bbox 855 1166 891 1176; x_wconf 97' lang='grc'>-</span> <span class='ocrx_word' id='word_1_127' title='bbox 904 1133 999 1207; x_wconf 86' lang='grc' dir='ltr'>είρηκεν</span> <span class='ocrx_word' id='word_1_128' title='bbox 1082 1134 1202 1207; x_wconf 77' lang='grc' dir='ltr'>Ἀνελὼν]</span> <span class='ocrx_word' id='word_1_129' title='bbox 1218 1137 1324 1207; x_wconf 75' lang='grc' dir='ltr'>φθείρας.</span> <span class='ocrx_word' id='word_1_130' title='bbox 1338 1139 1369 1191; x_wconf 88' lang='grc' dir='ltr'>Ρ.</span> 
     </span>
     <span class='ocr_line' id='line_1_10' title="bbox 219 1210 1354 1286; baseline 0.004 -19"><span class='ocrx_word' id='word_1_131' title='bbox 219 1213 303 1280; x_wconf 53' lang='lat' dir='ltr'>ntum,</span> <span class='ocrx_word' id='word_1_132' title='bbox 325 1237 335 1263; x_wconf 85' lang='grc' dir='ltr'>ι</span> <span class='ocrx_word' id='word_1_133' title='bbox 355 1213 412 1266; x_wconf 89' lang='grc' dir='ltr'>ἀλλ’</span> <span class='ocrx_word' id='word_1_134' title='bbox 427 1214 495 1269; x_wconf 77' lang='grc' dir='ltr'>οὐδὲν</span> <span class='ocrx_word' id='word_1_135' title='bbox 516 1213 609 1277; x_wconf 79' lang='grc' dir='ltr'>ἐκεῖνος</span> <span class='ocrx_word' id='word_1_136' title='bbox 627 1214 810 1285; x_wconf 80' lang='grc' dir='ltr'>ἐπηγγέλλετο,</span> <span class='ocrx_word' id='word_1_137' title='bbox 830 1237 841 1263; x_wconf 83' lang='grc' dir='ltr'>ν</span> <span class='ocrx_word' id='word_1_138' title='bbox 859 1213 916 1266; x_wconf 86' lang='grc' dir='ltr'>ἀλλ’</span> <span class='ocrx_word' id='word_1_139' title='bbox 930 1210 1001 1277; x_wconf 78' lang='grc' dir='ltr'>οὗτος</span> <span class='ocrx_word' id='word_1_140' title='bbox 1078 1215 1231 1286; x_wconf 84' lang='grc' dir='ltr'>Τηνικαῦτα]</span> <span class='ocrx_word' id='word_1_141' title='bbox 1245 1216 1309 1269; x_wconf 90' lang='grc' dir='ltr'>τότε.</span> <span class='ocrx_word' id='word_1_142' title='bbox 1322 1218 1354 1271; x_wconf 84' lang='grc' dir='ltr'>Ρ.</span> 
     </span>
     <span class='ocr_line' id='line_1_11' title="bbox 218 1288 1393 1367; baseline 0.001 -20"><span class='ocrx_word' id='word_1_143' title='bbox 218 1288 248 1361; x_wconf 76' lang='grc' dir='ltr'>ήν</span> <span class='ocrx_word' id='word_1_144' title='bbox 263 1295 277 1347; x_wconf 93' lang='grc' dir='ltr'>ό</span> <span class='ocrx_word' id='word_1_145' title='bbox 290 1295 370 1366; x_wconf 77' lang='grc' dir='ltr'>λέγων</span> <span class='ocrx_word' id='word_1_146' title='bbox 383 1294 441 1365; x_wconf 84' lang='grc' dir='ltr'>ύπέρ</span> <span class='ocrx_word' id='word_1_147' title='bbox 454 1294 528 1349; x_wconf 84' lang='grc' dir='ltr'>αθτού</span> <span class='ocrx_word' id='word_1_148' title='bbox 541 1296 583 1349; x_wconf 99' lang='grc' dir='ltr'>καί</span> <span class='ocrx_word' id='word_1_149' title='bbox 600 1293 802 1365; x_wconf 87' lang='grc' dir='ltr'>ύπισχνούμινος,</span> <span class='ocrx_word' id='word_1_150' title='bbox 838 1293 904 1348; x_wconf 79' lang='grc' dir='ltr'>Εἶτα</span> <span class='ocrx_word' id='word_1_151' title='bbox 920 1293 1000 1347; x_wconf 74' lang='grc' dir='ltr'>ἔπιδε·</span> <span class='ocrx_word' id='word_1_152' title='bbox 1078 1294 1181 1365; x_wconf 87' lang='grc' dir='ltr'>Τούτῳ]</span> <span class='ocrx_word' id='word_1_153' title='bbox 1196 1300 1231 1365; x_wconf 82' lang='grc' dir='ltr'>τῷ</span> <span class='ocrx_word' id='word_1_154' title='bbox 1244 1293 1393 1367; x_wconf 82' lang='grc' dir='ltr'>Αίσχίνη.Ρ</span> 
     </span>
     <span class='ocr_line' id='line_1_12' title="bbox 216 1371 1382 1448; baseline -0.001 -19"><span class='ocrx_word' id='word_1_155' title='bbox 216 1375 294 1437; x_wconf 70' lang='grc' dir='ltr'>δαιῶν</span> <span class='ocrx_word' id='word_1_156' title='bbox 308 1377 347 1429; x_wconf 84' lang='grc' dir='ltr'>δτι</span> <span class='ocrx_word' id='word_1_157' title='bbox 360 1374 476 1445; x_wconf 85' lang='grc' dir='ltr'>Αἰσχίνου</span> <span class='ocrx_word' id='word_1_158' title='bbox 496 1375 592 1448; x_wconf 80' lang='grc' dir='ltr'>μᾶλλον</span> <span class='ocrx_word' id='word_1_159' title='bbox 611 1375 627 1442; x_wconf 72' lang='grc' dir='ltr'><strong>ἢ</strong></span> <span class='ocrx_word' id='word_1_160' title='bbox 648 1375 815 1445; x_wconf 71' lang='grc' dir='ltr'>Φιλοκράτους</span> <span class='ocrx_word' id='word_1_161' title='bbox 833 1374 861 1428; x_wconf 87' lang='grc' dir='ltr'>τδ</span> <span class='ocrx_word' id='word_1_162' title='bbox 872 1372 999 1446; x_wconf 76' lang='grc' dir='ltr'>ψήφισμα,</span> <span class='ocrx_word' id='word_1_163' title='bbox 1078 1371 1203 1444; x_wconf 84' lang='grc' dir='ltr'>Ἥκιστα]</span> <span class='ocrx_word' id='word_1_164' title='bbox 1216 1373 1337 1443; x_wconf 80' lang='grc' dir='ltr'>ούδαμδις.</span> <span class='ocrx_word' id='word_1_165' title='bbox 1351 1376 1382 1428; x_wconf 89' lang='grc' dir='ltr'>Ρ.</span> 
     </span>
     <span class='ocr_line' id='line_1_13' title="bbox 218 1450 1786 1528; baseline -0.003 -19"><span class='ocrx_word' id='word_1_166' title='bbox 218 1456 292 1509; x_wconf 91' lang='grc' dir='ltr'>πάλιν</span> <span class='ocrx_word' id='word_1_167' title='bbox 307 1454 391 1526; x_wconf 79' lang='grc' dir='ltr'>ἐπάγει</span> <span class='ocrx_word' id='word_1_168' title='bbox 407 1456 498 1526; x_wconf 80' lang='grc' dir='ltr'>λέγων,</span> <span class='ocrx_word' id='word_1_169' title='bbox 517 1480 528 1505; x_wconf 82' lang='grc' dir='ltr'>ι</span> <span class='ocrx_word' id='word_1_170' title='bbox 548 1457 606 1528; x_wconf 84' lang='grc' dir='ltr'>πρός</span> <span class='ocrx_word' id='word_1_171' title='bbox 619 1455 644 1509; x_wconf 80' lang='grc' dir='ltr'>δὲ</span> <span class='ocrx_word' id='word_1_172' title='bbox 662 1456 717 1518; x_wconf 82' lang='grc' dir='ltr'>τούς</span> <span class='ocrx_word' id='word_1_173' title='bbox 728 1455 793 1526; x_wconf 87' lang='grc' dir='ltr'>παρά</span> <span class='ocrx_word' id='word_1_174' title='bbox 806 1455 892 1508; x_wconf 89' lang='grc' dir='ltr'>τούτου</span> <span class='ocrx_word' id='word_1_175' title='bbox 911 1454 1001 1523; x_wconf 82' lang='grc' dir='ltr'>λόγους</span> <span class='ocrx_word' id='word_1_176' title='bbox 1080 1451 1141 1518; x_wconf 85' lang='grc'>357,</span> <span class='ocrx_word' id='word_1_177' title='bbox 1156 1469 1181 1520; x_wconf 91' lang='lat'>7.</span> <span class='ocrx_word' id='word_1_178' title='bbox 1201 1450 1264 1504; x_wconf 78' lang='grc' dir='ltr'>Ἀλλ’</span> <span class='ocrx_word' id='word_1_179' title='bbox 1278 1451 1339 1522; x_wconf 83' lang='grc' dir='ltr'>ἵνα]</span> <span class='ocrx_word' id='word_1_180' title='bbox 1351 1451 1417 1519; x_wconf 83' lang='grc' dir='ltr'>άλλη</span> <span class='ocrx_word' id='word_1_181' title='bbox 1428 1450 1496 1513; x_wconf 91' lang='grc' dir='ltr'>λύσις</span> <span class='ocrx_word' id='word_1_182' title='bbox 1506 1450 1678 1523; x_wconf 82' lang='grc' dir='ltr'>μεταστατική.</span> <span class='ocrx_word' id='word_1_183' title='bbox 1691 1450 1786 1505; x_wconf 72' lang='grc' dir='ltr'>ΒΒΥΡ.</span> 
     </span>
     <span class='ocr_line' id='line_1_14' title="bbox 222 1530 1417 1604; baseline 0.003 -23"><span class='ocrx_word' id='word_1_184' title='bbox 222 1554 233 1581; x_wconf 80' lang='grc' dir='ltr'>ι</span> <span class='ocrx_word' id='word_1_185' title='bbox 249 1534 393 1604; x_wconf 79' lang='grc' dir='ltr'>ὡρμηκότας</span> <span class='ocrx_word' id='word_1_186' title='bbox 409 1530 472 1604; x_wconf 82' lang='grc' dir='ltr'>ύμαῖς</span> <span class='ocrx_word' id='word_1_187' title='bbox 491 1533 575 1587; x_wconf 83' lang='grc' dir='ltr'>λαθίυν</span> <span class='ocrx_word' id='word_1_188' title='bbox 595 1533 609 1586; x_wconf 92' lang='grc' dir='ltr'>ό</span> <span class='ocrx_word' id='word_1_189' title='bbox 623 1532 778 1603; x_wconf 86' lang='grc' dir='ltr'>Φιλοκράτης</span> <span class='ocrx_word' id='word_1_190' title='bbox 792 1531 907 1603; x_wconf 80' lang='grc' dir='ltr'>ἐγγράφει</span> <span class='ocrx_word' id='word_1_191' title='bbox 927 1537 1000 1585; x_wconf 81' lang='grc' dir='ltr'>τοῦτο</span> <span class='ocrx_word' id='word_1_192' title='bbox 1079 1531 1174 1600; x_wconf 86' lang='grc' dir='ltr'>Αύτδν]</span> <span class='ocrx_word' id='word_1_193' title='bbox 1186 1531 1228 1585; x_wconf 89' lang='grc' dir='ltr'>τδν</span> <span class='ocrx_word' id='word_1_194' title='bbox 1240 1530 1376 1586; x_wconf 85' lang='grc' dir='ltr'>Φίλιππον.</span> <span class='ocrx_word' id='word_1_195' title='bbox 1387 1534 1417 1585; x_wconf 88' lang='grc' dir='ltr'>Ρ.</span> 
     </span>
     <span class='ocr_line' id='line_1_15' title="bbox 222 1607 1436 1683; baseline -0.002 -19"><span class='ocrx_word' id='word_1_196' title='bbox 222 1633 233 1659; x_wconf 82' lang='grc' dir='ltr'>ι</span> <span class='ocrx_word' id='word_1_197' title='bbox 252 1611 262 1681; x_wconf 89' lang='grc'>]</span> <span class='ocrx_word' id='word_1_198' title='bbox 271 1610 319 1682; x_wconf 85' lang='grc' dir='ltr'>εἰς]</span> <span class='ocrx_word' id='word_1_199' title='bbox 336 1611 364 1664; x_wconf 86' lang='grc' dir='ltr'>τδ</span> <span class='ocrx_word' id='word_1_200' title='bbox 381 1608 499 1683; x_wconf 81' lang='grc' dir='ltr'>ψήρισμα.</span> <span class='ocrx_word' id='word_1_201' title='bbox 517 1636 530 1661; x_wconf 76' lang='grc' dir='ltr'>ι</span> <span class='ocrx_word' id='word_1_202' title='bbox 566 1612 700 1683; x_wconf 74' lang='grc' dir='ltr'>Αιορίζεται</span> <span class='ocrx_word' id='word_1_203' title='bbox 720 1610 769 1682; x_wconf 76' lang='grc' dir='ltr'>γὰρ</span> <span class='ocrx_word' id='word_1_204' title='bbox 781 1610 806 1664; x_wconf 82' lang='grc' dir='ltr'>ἐν</span> <span class='ocrx_word' id='word_1_205' title='bbox 819 1610 913 1673; x_wconf 88' lang='grc' dir='ltr'>τούτοις</span> <span class='ocrx_word' id='word_1_206' title='bbox 925 1629 1001 1664; x_wconf 86' lang='grc' dir='ltr'>κατα·</span> <span class='ocrx_word' id='word_1_207' title='bbox 1082 1607 1236 1680; x_wconf 78' lang='grc' dir='ltr'>Αμύνοιντο]</span> <span class='ocrx_word' id='word_1_208' title='bbox 1251 1612 1390 1680; x_wconf 87' lang='grc' dir='ltr'>τιμωροῖιν.</span> <span class='ocrx_word' id='word_1_209' title='bbox 1405 1611 1436 1662; x_wconf 89' lang='grc' dir='ltr'>Ρ.</span> 
     </span>
     <span class='ocr_line' id='line_1_16' title="bbox 220 1686 1482 1764; baseline 0.001 -22"><span class='ocrx_word' id='word_1_210' title='bbox 220 1686 307 1756; x_wconf 77' lang='grc' dir='ltr'>σκευὴν</span> <span class='ocrx_word' id='word_1_211' title='bbox 329 1688 393 1743; x_wconf 82' lang='grc' dir='ltr'>εἶναι</span> <span class='ocrx_word' id='word_1_212' title='bbox 413 1694 456 1757; x_wconf 83' lang='grc' dir='ltr'>τῆς</span> <span class='ocrx_word' id='word_1_213' title='bbox 478 1695 522 1745; x_wconf 84' lang='grc' dir='ltr'>τού</span> <span class='ocrx_word' id='word_1_214' title='bbox 535 1692 687 1764; x_wconf 66' lang='grc' dir='ltr'>ψηφίσματος</span> <span class='ocrx_word' id='word_1_215' title='bbox 702 1689 794 1758; x_wconf 86' lang='grc' dir='ltr'>ἀπάτης</span> <span class='ocrx_word' id='word_1_216' title='bbox 809 1690 865 1752; x_wconf 77' lang='grc' dir='ltr'>τούς</span> <span class='ocrx_word' id='word_1_217' title='bbox 883 1689 1001 1760; x_wconf 78' lang='grc' dir='ltr'>Αἰσχίνου</span> <span class='ocrx_word' id='word_1_218' title='bbox 1082 1688 1273 1760; x_wconf 78' lang='grc' dir='ltr'>Ἐπανέχοντες]</span> <span class='ocrx_word' id='word_1_219' title='bbox 1287 1691 1437 1758; x_wconf 79' lang='grc' dir='ltr'>θαρροῦντες.</span> <span class='ocrx_word' id='word_1_220' title='bbox 1452 1690 1482 1743; x_wconf 89' lang='grc' dir='ltr'>Ρ.</span> 
     </span>
     <span class='ocr_line' id='line_1_17' title="bbox 219 1763 1348 1839; baseline 0.005 -21"><span class='ocrx_word' id='word_1_221' title='bbox 219 1763 317 1837; x_wconf 86' lang='grc' dir='ltr'>λόγους.</span> <span class='ocrx_word' id='word_1_222' title='bbox 332 1770 416 1823; x_wconf 78' lang='lat' dir='ltr'>TCV.</span> <span class='ocrx_word' id='word_1_223' title='bbox 1081 1769 1219 1837; x_wconf 84' lang='grc' dir='ltr'>ἰίαλούσιν]</span> <span class='ocrx_word' id='word_1_224' title='bbox 1231 1767 1305 1839; x_wconf 73' lang='grc' dir='ltr'>ἡμεῖς.</span> <span class='ocrx_word' id='word_1_225' title='bbox 1317 1770 1348 1824; x_wconf 92' lang='grc' dir='ltr'>Ρ.</span> 
     </span>
     <span class='ocr_line' id='line_1_18' title="bbox 256 1838 1822 1919; baseline -0.001 -19"><span class='ocrx_word' id='word_1_226' title='bbox 256 1847 324 1911; x_wconf 88' lang='grc'>355,</span> <span class='ocrx_word' id='word_1_227' title='bbox 339 1864 383 1917; x_wconf 76' lang='lat'>²7.</span> <span class='ocrx_word' id='word_1_228' title='bbox 398 1846 468 1901; x_wconf 77' lang='grc' dir='ltr'>Μετὰ</span> <span class='ocrx_word' id='word_1_229' title='bbox 482 1849 576 1918; x_wconf 84' lang='grc' dir='ltr'>ταῦτα]</span> <span class='ocrx_word' id='word_1_230' title='bbox 592 1846 653 1917; x_wconf 85' lang='grc' dir='ltr'>μιτά</span> <span class='ocrx_word' id='word_1_231' title='bbox 664 1846 693 1899; x_wconf 84' lang='grc' dir='ltr'>εδ</span> <span class='ocrx_word' id='word_1_232' title='bbox 706 1845 808 1916; x_wconf 70' lang='grc' dir='ltr'>σκῶίαι.</span> <span class='ocrx_word' id='word_1_233' title='bbox 822 1847 877 1899; x_wconf 76' lang='lat' dir='ltr'>AR.</span> <span class='ocrx_word' id='word_1_234' title='bbox 1079 1846 1147 1915; x_wconf 85' lang='grc' dir='ltr'>Ἠδη</span> <span class='ocrx_word' id='word_1_235' title='bbox 1159 1849 1208 1919; x_wconf 89' lang='grc' dir='ltr'>γε]</span> <span class='ocrx_word' id='word_1_236' title='bbox 1220 1848 1255 1901; x_wconf 87' lang='grc' dir='ltr'>Τδ</span> <span class='ocrx_word' id='word_1_237' title='bbox 1268 1848 1344 1918; x_wconf 83' lang='grc' dir='ltr'>τάχος</span> <span class='ocrx_word' id='word_1_238' title='bbox 1357 1846 1435 1914; x_wconf 86' lang='grc' dir='ltr'>δηλοῖ</span> <span class='ocrx_word' id='word_1_239' title='bbox 1442 1845 1482 1898; x_wconf 83' lang='grc' dir='ltr'>διά</span> <span class='ocrx_word' id='word_1_240' title='bbox 1493 1848 1535 1911; x_wconf 80' lang='grc' dir='ltr'>τῆς</span> <span class='ocrx_word' id='word_1_241' title='bbox 1546 1844 1638 1906; x_wconf 76' lang='grc' dir='ltr'>λθξεως</span> <span class='ocrx_word' id='word_1_242' title='bbox 1654 1838 1707 1898; x_wconf 80' lang='grc' dir='ltr'>οἷον</span> <span class='ocrx_word' id='word_1_243' title='bbox 1721 1840 1822 1915; x_wconf 78' lang='grc' dir='ltr'>ήπειγεν</span> 
     </span>
     <span class='ocr_line' id='line_1_19' title="bbox 256 1920 1825 1997; baseline 0 -20"><span class='ocrx_word' id='word_1_244' title='bbox 256 1922 322 1989; x_wconf 87' lang='grc'>355,</span> <span class='ocrx_word' id='word_1_245' title='bbox 344 1927 388 1978; x_wconf 79' lang='grc' dir='ltr'>αθ.</span> <span class='ocrx_word' id='word_1_246' title='bbox 417 1924 532 1996; x_wconf 80' lang='grc' dir='ltr'>Ούτωσὶ]</span> <span class='ocrx_word' id='word_1_247' title='bbox 554 1923 637 1984; x_wconf 80' lang='grc' dir='ltr'>ἀπλδις</span> <span class='ocrx_word' id='word_1_248' title='bbox 656 1922 698 1976; x_wconf 84' lang='grc' dir='ltr'>καί</span> <span class='ocrx_word' id='word_1_249' title='bbox 719 1920 752 1992; x_wconf 75' lang='grc' dir='ltr'>μή</span> <span class='ocrx_word' id='word_1_250' title='bbox 775 1922 827 1993; x_wconf 82' lang='grc' dir='ltr'>μετ’</span> <span class='ocrx_word' id='word_1_251' title='bbox 852 1921 999 1984; x_wconf 76' lang='grc' dir='ltr'>ἐπιστασίας.</span> <span class='ocrx_word' id='word_1_252' title='bbox 1043 1924 1108 1997; x_wconf 70' lang='grc' dir='ltr'>ἡμᾶς</span> <span class='ocrx_word' id='word_1_253' title='bbox 1120 1925 1205 1988; x_wconf 78' lang='grc' dir='ltr'>ἐξιίναι</span> <span class='ocrx_word' id='word_1_254' title='bbox 1218 1928 1272 1989; x_wconf 80' lang='grc' dir='ltr'>ταῖς</span> <span class='ocrx_word' id='word_1_255' title='bbox 1283 1922 1584 1986; x_wconf 81' lang='grc' dir='ltr'>ἐπιστολαῖςόΦθιιππος</span> <span class='ocrx_word' id='word_1_256' title='bbox 1597 1927 1648 1986; x_wconf 85' lang='grc' dir='ltr'>τοῖς</span> <span class='ocrx_word' id='word_1_257' title='bbox 1662 1923 1743 1994; x_wconf 89' lang='grc' dir='ltr'>ίργοις</span> <span class='ocrx_word' id='word_1_258' title='bbox 1754 1923 1825 1977; x_wconf 81' lang='grc' dir='ltr'>ἐναν·</span> 
     </span>
     <span class='ocr_line' id='line_1_20' title="bbox 221 2003 1356 2075; baseline 0.004 -22"><span class='ocrx_word' id='word_1_259' title='bbox 221 2003 296 2054; x_wconf 69' lang='lat' dir='ltr'><strong>Lus.</strong></span> <span class='ocrx_word' id='word_1_260' title='bbox 1044 2005 1176 2075; x_wconf 74' lang='grc' dir='ltr'>τισόμενος</span> <span class='ocrx_word' id='word_1_261' title='bbox 1192 2005 1267 2059; x_wconf 79' lang='lat' dir='ltr'><strong>FYP.</strong></span> <span class='ocrx_word' id='word_1_262' title='bbox 1281 2006 1356 2058; x_wconf 70' lang='lat' dir='ltr'>Lm.</span> 
     </span>
     <span class='ocr_line' id='line_1_21' title="bbox 257 2075 1423 2152; baseline 0.002 -20"><span class='ocrx_word' id='word_1_263' title='bbox 257 2080 318 2144; x_wconf 92' lang='grc'>356,</span> <span class='ocrx_word' id='word_1_264' title='bbox 331 2081 357 2135; x_wconf 87' lang='grc'>3.</span> <span class='ocrx_word' id='word_1_265' title='bbox 369 2080 453 2134; x_wconf 81' lang='grc' dir='ltr'>Μόνον</span> <span class='ocrx_word' id='word_1_266' title='bbox 465 2079 509 2133; x_wconf 85' lang='grc' dir='ltr'>οἰικ</span> <span class='ocrx_word' id='word_1_267' title='bbox 517 2078 612 2148; x_wconf 87' lang='grc' dir='ltr'>ἀπίσω]</span> <span class='ocrx_word' id='word_1_268' title='bbox 621 2077 690 2130; x_wconf 85' lang='grc' dir='ltr'>Ἔδει</span> <span class='ocrx_word' id='word_1_269' title='bbox 697 2078 862 2145; x_wconf 81' lang='grc' dir='ltr'>πληθυντικῶς</span> <span class='ocrx_word' id='word_1_270' title='bbox 873 2075 948 2130; x_wconf 86' lang='grc' dir='ltr'>εἰπεῖν</span> <span class='ocrx_word' id='word_1_271' title='bbox 960 2077 1002 2139; x_wconf 89' lang='grc' dir='ltr'>τάς</span> <span class='ocrx_word' id='word_1_272' title='bbox 1078 2083 1220 2150; x_wconf 69' lang='grc' dir='ltr'>δινειιαῖν]</span> <span class='ocrx_word' id='word_1_273' title='bbox 1233 2080 1378 2152; x_wconf 89' lang='grc' dir='ltr'>ἀναγκάσαι.</span> <span class='ocrx_word' id='word_1_274' title='bbox 1392 2083 1423 2135; x_wconf 93' lang='grc' dir='ltr'>Ρ.</span> 
     </span>
     <span class='ocr_line' id='line_1_22' title="bbox 221 2155 1823 2233; baseline -0.003 -17"><span class='ocrx_word' id='word_1_275' title='bbox 221 2159 319 2228; x_wconf 66' lang='grc' dir='ltr'>χεῖρας,</span> <span class='ocrx_word' id='word_1_276' title='bbox 332 2155 404 2231; x_wconf 72' lang='grc' dir='ltr'>ἵνα]</span> <span class='ocrx_word' id='word_1_277' title='bbox 422 2158 462 2212; x_wconf 59' lang='lat' dir='ltr'>{a}</span> <span class='ocrx_word' id='word_1_278' title='bbox 475 2160 582 2212; x_wconf 74' lang='grc' dir='ltr'>πάντων.</span> <span class='ocrx_word' id='word_1_279' title='bbox 597 2158 681 2212; x_wconf 83' lang='lat' dir='ltr'><strong>TCV·</strong></span> <span class='ocrx_word' id='word_1_280' title='bbox 1081 2163 1143 2233; x_wconf 85' lang='lat'>357,</span> <span class='ocrx_word' id='word_1_281' title='bbox 1160 2179 1201 2231; x_wconf 88' lang='lat'>17.</span> <span class='ocrx_word' id='word_1_282' title='bbox 1217 2162 1263 2213; x_wconf 87' lang='grc' dir='ltr'>Καί</span> <span class='ocrx_word' id='word_1_283' title='bbox 1274 2161 1316 2214; x_wconf 84' lang='grc' dir='ltr'>τδν</span> <span class='ocrx_word' id='word_1_284' title='bbox 1331 2160 1449 2230; x_wconf 77' lang='grc' dir='ltr'>Πρόξενον</span> <span class='ocrx_word' id='word_1_285' title='bbox 1461 2160 1506 2230; x_wconf 90' lang='grc' dir='ltr'>δν]</span> <span class='ocrx_word' id='word_1_286' title='bbox 1520 2158 1609 2229; x_wconf 87' lang='grc' dir='ltr'>Τρίτην</span> <span class='ocrx_word' id='word_1_287' title='bbox 1623 2157 1739 2229; x_wconf 86' lang='grc' dir='ltr'>ἐπήνεγκε</span> <span class='ocrx_word' id='word_1_288' title='bbox 1753 2159 1823 2211; x_wconf 90' lang='grc' dir='ltr'>λύσιν</span> 
     </span>
     <span class='ocr_line' id='line_1_23' title="bbox 256 2236 1822 2312; baseline -0.004 -14"><span class='ocrx_word' id='word_1_289' title='bbox 256 2237 299 2288; x_wconf 75' lang='grc' dir='ltr'>Τὼ</span> <span class='ocrx_word' id='word_1_290' title='bbox 310 2239 397 2307; x_wconf 67' lang='grc' dir='ltr'>χεῖρε]</span> <span class='ocrx_word' id='word_1_291' title='bbox 411 2236 450 2290; x_wconf 60' lang='grc' dir='ltr'>ἐπὶ</span> <span class='ocrx_word' id='word_1_292' title='bbox 463 2237 514 2298; x_wconf 51' lang='lat' dir='ltr'>hb&lt;</span> <span class='ocrx_word' id='word_1_293' title='bbox 528 2237 687 2290; x_wconf 64' lang='grc' dir='ltr'>ίκᾶστῡνῖῑῖθ</span> <span class='ocrx_word' id='word_1_294' title='bbox 702 2236 937 2291; x_wconf 56' lang='grc' dir='ltr'>ΦωκίωνϋΑΡιΤΡ.</span> <span class='ocrx_word' id='word_1_295' title='bbox 1045 2241 1278 2312; x_wconf 83' lang='grc' dir='ltr'>ἀγωνιστικωτίραν.</span> <span class='ocrx_word' id='word_1_296' title='bbox 1320 2236 1376 2292; x_wconf 85' lang='grc' dir='ltr'>Ἀπδ</span> <span class='ocrx_word' id='word_1_297' title='bbox 1395 2238 1421 2291; x_wconf 82' lang='grc' dir='ltr'>δέ</span> <span class='ocrx_word' id='word_1_298' title='bbox 1440 2243 1483 2291; x_wconf 83' lang='grc' dir='ltr'>τοῦ</span> <span class='ocrx_word' id='word_1_299' title='bbox 1494 2236 1602 2290; x_wconf 87' lang='grc' dir='ltr'>ίναντίου</span> <span class='ocrx_word' id='word_1_300' title='bbox 1620 2236 1648 2289; x_wconf 88' lang='grc' dir='ltr'>τδ</span> <span class='ocrx_word' id='word_1_301' title='bbox 1666 2236 1822 2308; x_wconf 87' lang='grc' dir='ltr'>ἐπιχείρημα.</span> 
     </span>
     <span class='ocr_line' id='line_1_24' title="bbox 259 2313 1823 2388; baseline -0.006 -10"><span class='ocrx_word' id='word_1_302' title='bbox 259 2314 324 2378; x_wconf 76' lang='grc' dir='ltr'>356ν</span> <span class='ocrx_word' id='word_1_303' title='bbox 340 2321 366 2368; x_wconf 78' lang='grc'>6·</span> <span class='ocrx_word' id='word_1_304' title='bbox 378 2315 479 2387; x_wconf 69' lang='lat' dir='ltr'>‘&#39;0va</span> <span class='ocrx_word' id='word_1_305' title='bbox 492 2317 538 2369; x_wconf 58' lang='grc' dir='ltr'>ὅσα</span> <span class='ocrx_word' id='word_1_306' title='bbox 549 2314 653 2387; x_wconf 57' lang='grc' dir='ltr'>Τίρωίῐι</span> <span class='ocrx_word' id='word_1_307' title='bbox 667 2314 750 2386; x_wconf 55' lang='lat' dir='ltr'>W,</span> <span class='ocrx_word' id='word_1_308' title='bbox 761 2313 939 2385; x_wconf 62' lang='grc' dir='ltr'>θψῑάῡῑράτης</span> <span class='ocrx_word' id='word_1_309' title='bbox 948 2315 1003 2386; x_wconf 64' lang='grc' dir='ltr'>περ]</span> <span class='ocrx_word' id='word_1_310' title='bbox 1045 2321 1078 2375; x_wconf 85' lang='grc' dir='ltr'>Εἰ</span> <span class='ocrx_word' id='word_1_311' title='bbox 1091 2321 1214 2383; x_wconf 89' lang='grc' dir='ltr'>Φίλιππος</span> <span class='ocrx_word' id='word_1_312' title='bbox 1225 2318 1306 2373; x_wconf 79' lang='grc' dir='ltr'>ἐκάλει</span> <span class='ocrx_word' id='word_1_313' title='bbox 1316 2318 1410 2387; x_wconf 77' lang='grc' dir='ltr'>καθαρᾷ</span> <span class='ocrx_word' id='word_1_314' title='bbox 1421 2319 1452 2388; x_wconf 72' lang='grc' dir='ltr'>τῇ</span> <span class='ocrx_word' id='word_1_315' title='bbox 1465 2318 1568 2387; x_wconf 81' lang='grc' dir='ltr'>γνώμη,</span> <span class='ocrx_word' id='word_1_316' title='bbox 1584 2339 1595 2364; x_wconf 81' lang='grc' dir='ltr'>ι</span> <span class='ocrx_word' id='word_1_317' title='bbox 1612 2316 1636 2368; x_wconf 90' lang='grc' dir='ltr'>τί</span> <span class='ocrx_word' id='word_1_318' title='bbox 1648 2315 1712 2367; x_wconf 82' lang='grc' dir='ltr'>ἀλλο</span> <span class='ocrx_word' id='word_1_319' title='bbox 1730 2320 1823 2385; x_wconf 81' lang='grc' dir='ltr'>προσῆ-</span> 
     </span>
     <span class='ocr_line' id='line_1_25' title="bbox 222 2392 1822 2467; baseline -0.003 -14"><span class='ocrx_word' id='word_1_320' title='bbox 222 2392 361 2449; x_wconf 67' lang='grc' dir='ltr'>(Ρῑλίππνν.</span> <span class='ocrx_word' id='word_1_321' title='bbox 378 2396 456 2450; x_wconf 76' lang='lat' dir='ltr'>ARP.</span> <span class='ocrx_word' id='word_1_322' title='bbox 1045 2401 1113 2466; x_wconf 80' lang='grc' dir='ltr'>κενῆ</span> <span class='ocrx_word' id='word_1_323' title='bbox 1132 2401 1252 2452; x_wconf 81' lang='grc' dir='ltr'>συνειπεῖν</span> <span class='ocrx_word' id='word_1_324' title='bbox 1264 2399 1329 2459; x_wconf 77' lang='grc' dir='ltr'>ὅπως</span> <span class='ocrx_word' id='word_1_325' title='bbox 1349 2396 1458 2463; x_wconf 67' lang='grc' dir='ltr'>ἐξέλθητε</span> <span class='ocrx_word' id='word_1_326' title='bbox 1478 2396 1563 2467; x_wconf 85' lang='grc' dir='ltr'>ύμεῖς,</span> <span class='ocrx_word' id='word_1_327' title='bbox 1578 2396 1619 2448; x_wconf 89' lang='grc' dir='ltr'>καί</span> <span class='ocrx_word' id='word_1_328' title='bbox 1632 2396 1674 2448; x_wconf 84' lang='grc' dir='ltr'>τδν</span> <span class='ocrx_word' id='word_1_329' title='bbox 1692 2396 1822 2466; x_wconf 83' lang='grc' dir='ltr'>Πρόξενον,</span> 
     </span>
     <span class='ocr_line' id='line_1_26' title="bbox 258 2470 1822 2548; baseline -0.006 -22"><span class='ocrx_word' id='word_1_330' title='bbox 258 2474 324 2538; x_wconf 88' lang='grc'>356,</span> <span class='ocrx_word' id='word_1_331' title='bbox 347 2491 388 2531; x_wconf 88' lang='lat'>10.</span> <span class='ocrx_word' id='word_1_332' title='bbox 407 2473 516 2536; x_wconf 84' lang='grc' dir='ltr'>Ἐκεῖνός</span> <span class='ocrx_word' id='word_1_333' title='bbox 533 2493 563 2544; x_wconf 88' lang='grc' dir='ltr'>γε</span> <span class='ocrx_word' id='word_1_334' title='bbox 577 2473 763 2544; x_wconf 74' lang='grc' dir='ltr'>ἐπηγγέλλετο]</span> <span class='ocrx_word' id='word_1_335' title='bbox 777 2470 850 2525; x_wconf 86' lang='grc' dir='ltr'>Είποι</span> <span class='ocrx_word' id='word_1_336' title='bbox 863 2471 893 2524; x_wconf 83' lang='grc' dir='ltr'>ἀν</span> <span class='ocrx_word' id='word_1_337' title='bbox 913 2491 948 2534; x_wconf 89' lang='grc' dir='ltr'>τις</span> <span class='ocrx_word' id='word_1_338' title='bbox 963 2473 1002 2526; x_wconf 86' lang='grc' dir='ltr'>δτι</span> <span class='ocrx_word' id='word_1_339' title='bbox 1049 2502 1059 2523; x_wconf 78' lang='grc' dir='ltr'>ι</span> <span class='ocrx_word' id='word_1_340' title='bbox 1073 2479 1101 2529; x_wconf 85' lang='grc' dir='ltr'>θυ</span> <span class='ocrx_word' id='word_1_341' title='bbox 1114 2478 1168 2548; x_wconf 89' lang='grc' dir='ltr'>περί</span> <span class='ocrx_word' id='word_1_342' title='bbox 1179 2476 1234 2538; x_wconf 77' lang='grc' dir='ltr'>τούς</span> <span class='ocrx_word' id='word_1_343' title='bbox 1248 2476 1335 2535; x_wconf 85' lang='grc' dir='ltr'>τόπους</span> <span class='ocrx_word' id='word_1_344' title='bbox 1354 2475 1443 2546; x_wconf 70' lang='grc' dir='ltr'>ᾔδεσαν</span> <span class='ocrx_word' id='word_1_345' title='bbox 1462 2474 1536 2540; x_wconf 87' lang='grc' dir='ltr'>όντα,</span> <span class='ocrx_word' id='word_1_346' title='bbox 1549 2474 1649 2544; x_wconf 81' lang='grc' dir='ltr'>γράρειν</span> <span class='ocrx_word' id='word_1_347' title='bbox 1663 2472 1747 2534; x_wconf 76' lang='grc' dir='ltr'>εἀθέως</span> <span class='ocrx_word' id='word_1_348' title='bbox 1761 2474 1822 2543; x_wconf 58' lang='grc' dir='ltr'>βοτη.</span> 
     </span>
     <span class='ocr_line' id='line_1_27' title="bbox 222 2550 1823 2625; baseline -0.006 -20"><span class='ocrx_word' id='word_1_349' title='bbox 222 2551 372 2607; x_wconf 80' lang='grc' dir='ltr'>ἐναντιοῦται</span> <span class='ocrx_word' id='word_1_350' title='bbox 392 2553 469 2625; x_wconf 79' lang='grc' dir='ltr'>ἐαυτῷ</span> <span class='ocrx_word' id='word_1_351' title='bbox 488 2554 607 2624; x_wconf 85' lang='grc' dir='ltr'>λίγων,ι</span> <span class='ocrx_word' id='word_1_352' title='bbox 631 2551 688 2605; x_wconf 89' lang='grc' dir='ltr'>ἀλλ’</span> <span class='ocrx_word' id='word_1_353' title='bbox 703 2550 771 2605; x_wconf 86' lang='grc' dir='ltr'>ούδέν</span> <span class='ocrx_word' id='word_1_354' title='bbox 793 2550 999 2621; x_wconf 73' lang='grc' dir='ltr'>ἐπηγγέλλετο.»</span> <span class='ocrx_word' id='word_1_355' title='bbox 1049 2558 1141 2621; x_wconf 78' lang='grc' dir='ltr'>ιθεῖν;</span> <span class='ocrx_word' id='word_1_356' title='bbox 1165 2553 1257 2606; x_wconf 74' lang='grc' dir='ltr'>»ἀλλά</span> <span class='ocrx_word' id='word_1_357' title='bbox 1278 2551 1326 2625; x_wconf 77' lang='grc' dir='ltr'>μήν</span> <span class='ocrx_word' id='word_1_358' title='bbox 1340 2552 1368 2604; x_wconf 90' lang='grc' dir='ltr'>ού</span> <span class='ocrx_word' id='word_1_359' title='bbox 1387 2552 1558 2605; x_wconf 85' lang='grc' dir='ltr'>συνεόούλειιον</span> <span class='ocrx_word' id='word_1_360' title='bbox 1573 2556 1664 2616; x_wconf 80' lang='grc' dir='ltr'>ταῦτα,</span> <span class='ocrx_word' id='word_1_361' title='bbox 1677 2551 1731 2604; x_wconf 84' lang='grc' dir='ltr'>οδδέ</span> <span class='ocrx_word' id='word_1_362' title='bbox 1749 2552 1823 2622; x_wconf 67' lang='grc' dir='ltr'>ἔγρρ.</span> 
     </span>
     <span class='ocr_line' id='line_1_28' title="bbox 221 2629 1822 2705; baseline -0.002 -20"><span class='ocrx_word' id='word_1_363' title='bbox 221 2634 331 2703; x_wconf 81' lang='grc' dir='ltr'>Αίγομεν</span> <span class='ocrx_word' id='word_1_364' title='bbox 347 2634 386 2686; x_wconf 88' lang='grc' dir='ltr'>δτι</span> <span class='ocrx_word' id='word_1_365' title='bbox 398 2633 458 2701; x_wconf 81' lang='grc' dir='ltr'>κύτη</span> <span class='ocrx_word' id='word_1_366' title='bbox 470 2633 537 2695; x_wconf 80' lang='grc' dir='ltr'>λύσις</span> <span class='ocrx_word' id='word_1_367' title='bbox 550 2632 601 2687; x_wconf 84' lang='grc' dir='ltr'>ἐστί</span> <span class='ocrx_word' id='word_1_368' title='bbox 613 2637 657 2686; x_wconf 83' lang='grc' dir='ltr'>τοῦ</span> <span class='ocrx_word' id='word_1_369' title='bbox 671 2631 790 2696; x_wconf 86' lang='grc' dir='ltr'>ἰναντίου,</span> <span class='ocrx_word' id='word_1_370' title='bbox 802 2631 856 2692; x_wconf 83' lang='grc' dir='ltr'>ίνα,</span> <span class='ocrx_word' id='word_1_371' title='bbox 868 2631 926 2683; x_wconf 87' lang='grc' dir='ltr'>όταν</span> <span class='ocrx_word' id='word_1_372' title='bbox 941 2630 1002 2703; x_wconf 81' lang='grc' dir='ltr'>λίγῃ</span> <span class='ocrx_word' id='word_1_373' title='bbox 1045 2655 1100 2705; x_wconf 86' lang='grc' dir='ltr'>ρον.</span> <span class='ocrx_word' id='word_1_374' title='bbox 1138 2635 1245 2705; x_wconf 80' lang='grc' dir='ltr'>’ῌδεοαν</span> <span class='ocrx_word' id='word_1_375' title='bbox 1261 2633 1335 2703; x_wconf 81' lang='grc' dir='ltr'>ἀραθ</span> <span class='ocrx_word' id='word_1_376' title='bbox 1352 2637 1447 2702; x_wconf 79' lang='grc' dir='ltr'>ρρονῶν</span> <span class='ocrx_word' id='word_1_377' title='bbox 1459 2632 1526 2684; x_wconf 81' lang='grc' dir='ltr'>ταῦτ’</span> <span class='ocrx_word' id='word_1_378' title='bbox 1539 2629 1642 2703; x_wconf 73' lang='grc' dir='ltr'>ἔγραψεν</span> <span class='ocrx_word' id='word_1_379' title='bbox 1662 2630 1676 2682; x_wconf 91' lang='grc' dir='ltr'>ό</span> <span class='ocrx_word' id='word_1_380' title='bbox 1690 2630 1822 2693; x_wconf 80' lang='grc' dir='ltr'>Φίλατπος.</span> 
     </span>
     <span class='ocr_line' id='line_1_29' title="bbox 222 2710 1126 2784; baseline 0.003 -20"><span class='ocrx_word' id='word_1_381' title='bbox 222 2712 268 2778; x_wconf 87' lang='grc' dir='ltr'>τδ,</span> <span class='ocrx_word' id='word_1_382' title='bbox 283 2712 351 2766; x_wconf 79' lang='grc' dir='ltr'>ούδίν</span> <span class='ocrx_word' id='word_1_383' title='bbox 360 2713 516 2784; x_wconf 87' lang='grc' dir='ltr'>ύπισχνεῖτο,</span> <span class='ocrx_word' id='word_1_384' title='bbox 528 2714 655 2784; x_wconf 89' lang='grc' dir='ltr'>νοήσωμεν</span> <span class='ocrx_word' id='word_1_385' title='bbox 669 2712 817 2783; x_wconf 72' lang='grc' dir='ltr'>ὡρισμένως,</span> <span class='ocrx_word' id='word_1_386' title='bbox 831 2712 890 2763; x_wconf 88' lang='grc' dir='ltr'>ύταν</span> <span class='ocrx_word' id='word_1_387' title='bbox 903 2710 929 2763; x_wconf 81' lang='grc' dir='ltr'>δέ</span> <span class='ocrx_word' id='word_1_388' title='bbox 940 2710 1002 2783; x_wconf 82' lang='grc' dir='ltr'>λίγη</span> <span class='ocrx_word' id='word_1_389' title='bbox 1045 2715 1126 2767; x_wconf 79' lang='lat' dir='ltr'><strong>TCV.</strong></span> 
     </span>
     <span class='ocr_line' id='line_1_30' title="bbox 221 2787 1720 2863; baseline -0.003 -19"><span class='ocrx_word' id='word_1_390' title='bbox 221 2792 261 2844; x_wconf 83' lang='grc' dir='ltr'>δτι</span> <span class='ocrx_word' id='word_1_391' title='bbox 273 2791 431 2863; x_wconf 87' lang='grc' dir='ltr'>ύπισχνεῖτο,</span> <span class='ocrx_word' id='word_1_392' title='bbox 446 2794 489 2846; x_wconf 83' lang='grc' dir='ltr'>ἵνα</span> <span class='ocrx_word' id='word_1_393' title='bbox 501 2793 615 2863; x_wconf 83' lang='grc' dir='ltr'>λάθωμεν</span> <span class='ocrx_word' id='word_1_394' title='bbox 630 2792 755 2862; x_wconf 88' lang='grc' dir='ltr'>ἀορίστως.</span> <span class='ocrx_word' id='word_1_395' title='bbox 770 2790 946 2844; x_wconf 81' lang='lat' dir='ltr'><strong>ACDGRTV.</strong></span> <span class='ocrx_word' id='word_1_396' title='bbox 1081 2791 1196 2862; x_wconf 87' lang='grc' dir='ltr'>Τούτων]</span> <span class='ocrx_word' id='word_1_397' title='bbox 1210 2787 1245 2843; x_wconf 80' lang='grc' dir='ltr'>ὧν</span> <span class='ocrx_word' id='word_1_398' title='bbox 1258 2787 1402 2860; x_wconf 87' lang='grc' dir='ltr'>ἀπήγγειλε.</span> <span class='ocrx_word' id='word_1_399' title='bbox 1416 2789 1445 2842; x_wconf 90' lang='grc' dir='ltr'>Ρ,</span> <span class='ocrx_word' id='word_1_400' title='bbox 1718 2840 1720 2845; x_wconf 22' lang='lat'><strong>⁴</strong></span> 
     </span>
     <span class='ocr_line' id='line_1_31' title="bbox 260 2863 1624 2942; baseline -0.006 -19"><span class='ocrx_word' id='word_1_401' title='bbox 260 2872 327 2935; x_wconf 89' lang='grc'>356,</span> <span class='ocrx_word' id='word_1_402' title='bbox 346 2875 387 2934; x_wconf 73' lang='grc' dir='ltr'>εἰ..</span> <span class='ocrx_word' id='word_1_403' title='bbox 407 2870 559 2942; x_wconf 82' lang='grc' dir='ltr'>Ὧρμηκότας</span> <span class='ocrx_word' id='word_1_404' title='bbox 571 2871 634 2941; x_wconf 80' lang='grc' dir='ltr'>ύμᾶς</span> <span class='ocrx_word' id='word_1_405' title='bbox 646 2870 744 2940; x_wconf 82' lang='grc' dir='ltr'>λαθὼν]</span> <span class='ocrx_word' id='word_1_406' title='bbox 762 2868 859 2938; x_wconf 78' lang='grc' dir='ltr'>ἀλόγως</span> <span class='ocrx_word' id='word_1_407' title='bbox 870 2868 937 2939; x_wconf 83' lang='grc' dir='ltr'>αύτῷ</span> <span class='ocrx_word' id='word_1_408' title='bbox 950 2888 1002 2923; x_wconf 85' lang='grc' dir='ltr'>πει·</span> <span class='ocrx_word' id='word_1_409' title='bbox 1080 2872 1178 2932; x_wconf 89' lang='grc' dir='ltr'>Τούτοις</span> <span class='ocrx_word' id='word_1_410' title='bbox 1188 2865 1251 2941; x_wconf 83' lang='grc' dir='ltr'>ούν]</span> <span class='ocrx_word' id='word_1_411' title='bbox 1267 2867 1330 2931; x_wconf 85' lang='grc' dir='ltr'>οἶςθ</span> <span class='ocrx_word' id='word_1_412' title='bbox 1348 2866 1471 2927; x_wconf 87' lang='grc' dir='ltr'>Φίλιππος</span> <span class='ocrx_word' id='word_1_413' title='bbox 1481 2864 1583 2935; x_wconf 80' lang='grc' dir='ltr'>ἔρρθνει.</span> <span class='ocrx_word' id='word_1_414' title='bbox 1596 2863 1624 2920; x_wconf 90' lang='grc' dir='ltr'>Ρ,</span> 
     </span>
     <span class='ocr_line' id='line_1_32' title="bbox 222 2943 1824 3021; baseline -0.005 -19"><span class='ocrx_word' id='word_1_415' title='bbox 222 2947 322 3011; x_wconf 86' lang='grc' dir='ltr'>σθίντιις</span> <span class='ocrx_word' id='word_1_416' title='bbox 339 2950 381 3002; x_wconf 82' lang='grc' dir='ltr'>καί</span> <span class='ocrx_word' id='word_1_417' title='bbox 397 2948 628 3021; x_wconf 87' lang='grc' dir='ltr'>προσχωρήσαντας.</span> <span class='ocrx_word' id='word_1_418' title='bbox 666 2948 797 3019; x_wconf 87' lang='grc' dir='ltr'>Φρονίμως</span> <span class='ocrx_word' id='word_1_419' title='bbox 815 2947 840 3000; x_wconf 82' lang='grc' dir='ltr'>δὲ</span> <span class='ocrx_word' id='word_1_420' title='bbox 854 2945 939 3018; x_wconf 80' lang='grc' dir='ltr'>ἐπάγει</span> <span class='ocrx_word' id='word_1_421' title='bbox 957 2945 1001 3014; x_wconf 82' lang='grc' dir='ltr'>τὴν</span> <span class='ocrx_word' id='word_1_422' title='bbox 1082 2950 1148 3019; x_wconf 89' lang='grc'>357,</span> <span class='ocrx_word' id='word_1_423' title='bbox 1163 2966 1207 3002; x_wconf 81' lang='lat'>22.</span> <span class='ocrx_word' id='word_1_424' title='bbox 1220 2949 1250 3001; x_wconf 87' lang='grc' dir='ltr'>Οί</span> <span class='ocrx_word' id='word_1_425' title='bbox 1263 2947 1305 3019; x_wconf 81' lang='grc' dir='ltr'>μὲν</span> <span class='ocrx_word' id='word_1_426' title='bbox 1319 2946 1399 2998; x_wconf 89' lang='grc' dir='ltr'>τοίνυν</span> <span class='ocrx_word' id='word_1_427' title='bbox 1412 2944 1529 3013; x_wconf 79' lang='grc' dir='ltr'>Φωκεῖς]</span> <span class='ocrx_word' id='word_1_428' title='bbox 1542 2943 1661 3012; x_wconf 76' lang='grc' dir='ltr'>Τέταρτον</span> <span class='ocrx_word' id='word_1_429' title='bbox 1680 2961 1824 3012; x_wconf 87' lang='grc' dir='ltr'>μιταστατι-</span> 
     </span>
     <span class='ocr_line' id='line_1_33' title="bbox 222 3022 1824 3099; baseline -0.001 -21"><span class='ocrx_word' id='word_1_430' title='bbox 222 3027 302 3083; x_wconf 89' lang='grc' dir='ltr'>αἰτίαν</span> <span class='ocrx_word' id='word_1_431' title='bbox 317 3029 356 3083; x_wconf 81' lang='grc' dir='ltr'>ἐπί</span> <span class='ocrx_word' id='word_1_432' title='bbox 369 3028 551 3099; x_wconf 84' lang='grc' dir='ltr'>τδνΑίσχίνην.</span> <span class='ocrx_word' id='word_1_433' title='bbox 589 3028 639 3082; x_wconf 86' lang='grc' dir='ltr'>Οἰικ</span> <span class='ocrx_word' id='word_1_434' title='bbox 654 3029 682 3080; x_wconf 86' lang='grc' dir='ltr'>ἀν</span> <span class='ocrx_word' id='word_1_435' title='bbox 695 3026 743 3097; x_wconf 87' lang='grc' dir='ltr'>γάρ</span> <span class='ocrx_word' id='word_1_436' title='bbox 756 3022 824 3097; x_wconf 85' lang='grc' dir='ltr'>ιύρε,</span> <span class='ocrx_word' id='word_1_437' title='bbox 839 3026 921 3096; x_wconf 77' lang='grc' dir='ltr'>φησίν,</span> <span class='ocrx_word' id='word_1_438' title='bbox 941 3024 1003 3079; x_wconf 86' lang='grc' dir='ltr'>ἀπα·</span> <span class='ocrx_word' id='word_1_439' title='bbox 1047 3031 1102 3083; x_wconf 88' lang='grc' dir='ltr'>κόν·</span> <span class='ocrx_word' id='word_1_440' title='bbox 1118 3029 1175 3082; x_wconf 88' lang='grc' dir='ltr'>ἀλλ’</span> <span class='ocrx_word' id='word_1_441' title='bbox 1192 3030 1216 3081; x_wconf 90' lang='grc' dir='ltr'>οί</span> <span class='ocrx_word' id='word_1_442' title='bbox 1229 3029 1327 3089; x_wconf 84' lang='grc' dir='ltr'>Φωκεῖς</span> <span class='ocrx_word' id='word_1_443' title='bbox 1340 3026 1414 3079; x_wconf 89' lang='grc' dir='ltr'>αίτιοι</span> <span class='ocrx_word' id='word_1_444' title='bbox 1427 3025 1567 3096; x_wconf 84' lang='grc' dir='ltr'>γεγόνασιν,</span> <span class='ocrx_word' id='word_1_445' title='bbox 1585 3022 1644 3075; x_wconf 87' lang='grc' dir='ltr'>εἴσω</span> <span class='ocrx_word' id='word_1_446' title='bbox 1656 3023 1742 3076; x_wconf 78' lang='grc' dir='ltr'>Πυλῶν</span> <span class='ocrx_word' id='word_1_447' title='bbox 1756 3024 1824 3086; x_wconf 79' lang='grc' dir='ltr'>διξά-</span> 
     </span>
     <span class='ocr_line' id='line_1_34' title="bbox 223 3102 1825 3180; baseline -0.003 -21"><span class='ocrx_word' id='word_1_448' title='bbox 223 3108 322 3173; x_wconf 82' lang='grc' dir='ltr'>εῆσαιό</span> <span class='ocrx_word' id='word_1_449' title='bbox 338 3109 507 3178; x_wconf 85' lang='grc' dir='ltr'>Φιλοκράτης,</span> <span class='ocrx_word' id='word_1_450' title='bbox 523 3106 591 3179; x_wconf 73' lang='grc' dir='ltr'>εἰμὴ</span> <span class='ocrx_word' id='word_1_451' title='bbox 611 3104 655 3172; x_wconf 80' lang='grc' dir='ltr'>τὴν</span> <span class='ocrx_word' id='word_1_452' title='bbox 670 3105 764 3174; x_wconf 84' lang='grc' dir='ltr'>ἀπάτην</span> <span class='ocrx_word' id='word_1_453' title='bbox 782 3105 898 3175; x_wconf 89' lang='grc' dir='ltr'>Αἰσχίνης</span> <span class='ocrx_word' id='word_1_454' title='bbox 912 3124 1017 3176; x_wconf 62' lang='grc' dir='ltr'>πρόκα,</span> <span class='ocrx_word' id='word_1_455' title='bbox 1048 3129 1116 3180; x_wconf 69' lang='grc' dir='ltr'>μενοι</span> <span class='ocrx_word' id='word_1_456' title='bbox 1138 3109 1263 3162; x_wconf 88' lang='grc' dir='ltr'>Φίλιππον</span> <span class='ocrx_word' id='word_1_457' title='bbox 1282 3108 1324 3159; x_wconf 83' lang='grc' dir='ltr'>σὶιν</span> <span class='ocrx_word' id='word_1_458' title='bbox 1346 3109 1377 3177; x_wconf 81' lang='grc' dir='ltr'>τῇ</span> <span class='ocrx_word' id='word_1_459' title='bbox 1397 3105 1506 3175; x_wconf 87' lang='grc' dir='ltr'>δυνάμει.</span> <span class='ocrx_word' id='word_1_460' title='bbox 1544 3102 1715 3172; x_wconf 85' lang='grc' dir='ltr'>Προλαμόάνει</span> <span class='ocrx_word' id='word_1_461' title='bbox 1733 3103 1759 3156; x_wconf 89' lang='grc' dir='ltr'>δέ</span> <span class='ocrx_word' id='word_1_462' title='bbox 1780 3102 1825 3170; x_wconf 78' lang='grc' dir='ltr'>τὴν</span> 
     </span>
     <span class='ocr_line' id='line_1_35' title="bbox 223 3181 1825 3259; baseline -0.004 -19"><span class='ocrx_word' id='word_1_463' title='bbox 223 3186 376 3241; x_wconf 81' lang='grc' dir='ltr'>τεσκεύασεν.</span> <span class='ocrx_word' id='word_1_464' title='bbox 388 3188 466 3241; x_wconf 87' lang='lat' dir='ltr'>TCV.</span> <span class='ocrx_word' id='word_1_465' title='bbox 1025 3224 1027 3229; x_wconf 92' lang='lat'>-</span> <span class='ocrx_word' id='word_1_466' title='bbox 1047 3189 1166 3242; x_wconf 84' lang='grc' dir='ltr'>ἀντίθεσιν</span> <span class='ocrx_word' id='word_1_467' title='bbox 1178 3193 1209 3259; x_wconf 82' lang='grc' dir='ltr'>τῇ</span> <span class='ocrx_word' id='word_1_468' title='bbox 1222 3187 1299 3240; x_wconf 88' lang='grc' dir='ltr'>λύσει.</span> <span class='ocrx_word' id='word_1_469' title='bbox 1336 3187 1366 3238; x_wconf 91' lang='grc' dir='ltr'>Τί</span> <span class='ocrx_word' id='word_1_470' title='bbox 1378 3185 1441 3257; x_wconf 88' lang='grc' dir='ltr'>γάρ,</span> <span class='ocrx_word' id='word_1_471' title='bbox 1453 3181 1525 3253; x_wconf 85' lang='grc' dir='ltr'>ρησί;</span> <span class='ocrx_word' id='word_1_472' title='bbox 1541 3182 1672 3251; x_wconf 88' lang='grc' dir='ltr'>πυθόμενοι</span> <span class='ocrx_word' id='word_1_473' title='bbox 1686 3182 1783 3244; x_wconf 83' lang='grc' dir='ltr'>Φωκεῖς</span> <span class='ocrx_word' id='word_1_474' title='bbox 1796 3183 1825 3235; x_wconf 88' lang='grc' dir='ltr'>τδ</span> 
     </span>
     <span class='ocr_line' id='line_1_36' title="bbox 259 3256 1829 3338; baseline -0.005 -19"><span class='ocrx_word' id='word_1_475' title='bbox 259 3265 326 3330; x_wconf 91' lang='grc'>356,</span> <span class='ocrx_word' id='word_1_476' title='bbox 345 3269 385 3321; x_wconf 85' lang='lat'>18.</span> <span class='ocrx_word' id='word_1_477' title='bbox 402 3266 463 3327; x_wconf 79' lang='grc' dir='ltr'>Τοίις</span> <span class='ocrx_word' id='word_1_478' title='bbox 484 3264 680 3333; x_wconf 82' lang='grc' dir='ltr'>διακωλύοντας]</span> <span class='ocrx_word' id='word_1_479' title='bbox 700 3262 744 3316; x_wconf 91' lang='grc' dir='ltr'>ούκ</span> <span class='ocrx_word' id='word_1_480' title='bbox 758 3260 811 3317; x_wconf 83' lang='grc' dir='ltr'>εἰπε</span> <span class='ocrx_word' id='word_1_481' title='bbox 831 3270 937 3333; x_wconf 84' lang='grc' dir='ltr'>φανερῶς</span> <span class='ocrx_word' id='word_1_482' title='bbox 950 3266 1005 3327; x_wconf 82' lang='grc' dir='ltr'>τούς</span> <span class='ocrx_word' id='word_1_483' title='bbox 1045 3267 1155 3338; x_wconf 71' lang='grc' dir='ltr'>ψήφισμα</span> <span class='ocrx_word' id='word_1_484' title='bbox 1173 3266 1213 3318; x_wconf 87' lang='grc' dir='ltr'>καί</span> <span class='ocrx_word' id='word_1_485' title='bbox 1231 3262 1275 3329; x_wconf 79' lang='grc' dir='ltr'>τὴν</span> <span class='ocrx_word' id='word_1_486' title='bbox 1292 3261 1444 3334; x_wconf 88' lang='grc' dir='ltr'>ἀπαγγελίαν</span> <span class='ocrx_word' id='word_1_487' title='bbox 1458 3259 1543 3312; x_wconf 87' lang='grc' dir='ltr'>τούτου</span> <span class='ocrx_word' id='word_1_488' title='bbox 1560 3258 1601 3311; x_wconf 81' lang='grc' dir='ltr'>καί</span> <span class='ocrx_word' id='word_1_489' title='bbox 1622 3256 1664 3318; x_wconf 79' lang='grc' dir='ltr'>τίς</span> <span class='ocrx_word' id='word_1_490' title='bbox 1684 3257 1829 3327; x_wconf 85' lang='grc' dir='ltr'>ύποσχέστις</span> 
     </span>
     <span class='ocr_line' id='line_1_37' title="bbox 223 3337 1825 3417; baseline -0.004 -19"><span class='ocrx_word' id='word_1_491' title='bbox 223 3342 333 3405; x_wconf 77' lang='grc' dir='ltr'>Φωκάας</span> <span class='ocrx_word' id='word_1_492' title='bbox 345 3344 373 3397; x_wconf 87' lang='grc' dir='ltr'>οἰι</span> <span class='ocrx_word' id='word_1_493' title='bbox 383 3344 430 3416; x_wconf 77' lang='grc' dir='ltr'>γάρ</span> <span class='ocrx_word' id='word_1_494' title='bbox 440 3346 469 3397; x_wconf 82' lang='grc' dir='ltr'>ἀν</span> <span class='ocrx_word' id='word_1_495' title='bbox 479 3343 614 3414; x_wconf 80' lang='grc' dir='ltr'>ὴνίσχοντο</span> <span class='ocrx_word' id='word_1_496' title='bbox 628 3342 757 3409; x_wconf 80' lang='grc' dir='ltr'>Ἀθηναῖοι·</span> <span class='ocrx_word' id='word_1_497' title='bbox 774 3339 840 3393; x_wconf 84' lang='grc' dir='ltr'>ἀλλά</span> <span class='ocrx_word' id='word_1_498' title='bbox 851 3347 886 3413; x_wconf 83' lang='grc' dir='ltr'>τῷ</span> <span class='ocrx_word' id='word_1_499' title='bbox 899 3342 1004 3415; x_wconf 86' lang='grc' dir='ltr'>ἀορίστῳ</span> <span class='ocrx_word' id='word_1_500' title='bbox 1047 3348 1179 3417; x_wconf 76' lang='grc' dir='ltr'>ἐθάρρησαν</span> <span class='ocrx_word' id='word_1_501' title='bbox 1193 3352 1229 3417; x_wconf 80' lang='grc' dir='ltr'>τῷ</span> <span class='ocrx_word' id='word_1_502' title='bbox 1240 3345 1376 3398; x_wconf 89' lang='grc' dir='ltr'>Μακεδόνι·</span> <span class='ocrx_word' id='word_1_503' title='bbox 1394 3341 1446 3396; x_wconf 84' lang='grc' dir='ltr'>ίπεί</span> <span class='ocrx_word' id='word_1_504' title='bbox 1462 3342 1509 3409; x_wconf 88' lang='grc' dir='ltr'>πρό</span> <span class='ocrx_word' id='word_1_505' title='bbox 1522 3357 1551 3409; x_wconf 85' lang='grc' dir='ltr'>γε</span> <span class='ocrx_word' id='word_1_506' title='bbox 1570 3338 1662 3390; x_wconf 88' lang='grc' dir='ltr'>τούτων</span> <span class='ocrx_word' id='word_1_507' title='bbox 1677 3344 1725 3390; x_wconf 84' lang='grc' dir='ltr'>τῶν</span> <span class='ocrx_word' id='word_1_508' title='bbox 1740 3337 1825 3409; x_wconf 87' lang='grc' dir='ltr'>λόγων</span> 
     </span>
     <span class='ocr_line' id='line_1_38' title="bbox 225 3416 1825 3494; baseline -0.011 -7"><span class='ocrx_word' id='word_1_509' title='bbox 225 3421 297 3475; x_wconf 61' lang='grc' dir='ltr'>Μ*</span> <span class='ocrx_word' id='word_1_510' title='bbox 308 3420 353 3487; x_wconf 62' lang='lat'>³31⁹</span> <span class='ocrx_word' id='word_1_511' title='bbox 367 3423 512 3494; x_wconf 56' lang='grc' dir='ltr'>κακουργίαν</span> <span class='ocrx_word' id='word_1_512' title='bbox 528 3423 700 3492; x_wconf 44' lang='lat' dir='ltr'><strong><em>mmmm·</em></strong></span> <span class='ocrx_word' id='word_1_513' title='bbox 714 3421 795 3474; x_wconf 82' lang='lat' dir='ltr'><strong>TCV·</strong></span> <span class='ocrx_word' id='word_1_514' title='bbox 1050 3450 1060 3475; x_wconf 88' lang='grc' dir='ltr'>ι</span> <span class='ocrx_word' id='word_1_515' title='bbox 1077 3421 1139 3491; x_wconf 78' lang='grc' dir='ltr'>ήσαν</span> <span class='ocrx_word' id='word_1_516' title='bbox 1149 3425 1173 3477; x_wconf 85' lang='grc' dir='ltr'>οί</span> <span class='ocrx_word' id='word_1_517' title='bbox 1188 3423 1342 3484; x_wconf 79' lang='grc' dir='ltr'>ἀπιστοῦντές</span> <span class='ocrx_word' id='word_1_518' title='bbox 1354 3440 1416 3481; x_wconf 87' lang='grc' dir='ltr'>τινες</span> <span class='ocrx_word' id='word_1_519' title='bbox 1433 3418 1516 3471; x_wconf 85' lang='grc' dir='ltr'>αύτόθι</span> <span class='ocrx_word' id='word_1_520' title='bbox 1532 3421 1568 3487; x_wconf 81' lang='grc' dir='ltr'>τῷ</span> <span class='ocrx_word' id='word_1_521' title='bbox 1580 3416 1698 3487; x_wconf 81' lang='grc' dir='ltr'>Φιλίππῳ</span> <span class='ocrx_word' id='word_1_522' title='bbox 1711 3416 1752 3467; x_wconf 86' lang='grc' dir='ltr'>καί</span> <span class='ocrx_word' id='word_1_523' title='bbox 1767 3420 1825 3469; x_wconf 79' lang='grc' dir='ltr'>νοῦν</span> 
     </span>
     <span class='ocr_line' id='line_1_39' title="bbox 259 3493 1826 3573; baseline -0.003 -21"><span class='ocrx_word' id='word_1_524' title='bbox 259 3501 321 3566; x_wconf 80' lang='grc'>356,</span> <span class='ocrx_word' id='word_1_525' title='bbox 331 3519 372 3571; x_wconf 87' lang='lat'>19.</span> <span class='ocrx_word' id='word_1_526' title='bbox 385 3501 495 3572; x_wconf 68' lang='grc' dir='ltr'>(θύκούν]</span> <span class='ocrx_word' id='word_1_527' title='bbox 506 3500 546 3553; x_wconf 81' lang='grc' dir='ltr'>διὰ</span> <span class='ocrx_word' id='word_1_528' title='bbox 555 3500 746 3570; x_wconf 84' lang='grc' dir='ltr'>τάςύποσχέσεις</span> <span class='ocrx_word' id='word_1_529' title='bbox 755 3504 798 3551; x_wconf 81' lang='grc' dir='ltr'>τοῦ</span> <span class='ocrx_word' id='word_1_530' title='bbox 807 3498 932 3568; x_wconf 82' lang='grc' dir='ltr'>Αἰσχίνου.</span> <span class='ocrx_word' id='word_1_531' title='bbox 945 3503 1002 3553; x_wconf 77' lang='lat' dir='ltr'>AR.</span> <span class='ocrx_word' id='word_1_532' title='bbox 1050 3525 1061 3553; x_wconf 85' lang='grc' dir='ltr'>ι</span> <span class='ocrx_word' id='word_1_533' title='bbox 1079 3503 1178 3573; x_wconf 80' lang='grc' dir='ltr'>ἔχοντες</span> <span class='ocrx_word' id='word_1_534' title='bbox 1189 3525 1218 3566; x_wconf 84' lang='grc' dir='ltr'>ι,</span> <span class='ocrx_word' id='word_1_535' title='bbox 1231 3499 1297 3553; x_wconf 88' lang='grc' dir='ltr'>ἀλλά</span> <span class='ocrx_word' id='word_1_536' title='bbox 1308 3500 1450 3571; x_wconf 86' lang='grc' dir='ltr'>νομίσαντες</span> <span class='ocrx_word' id='word_1_537' title='bbox 1463 3493 1495 3567; x_wconf 82' lang='grc' dir='ltr'>μὴ</span> <span class='ocrx_word' id='word_1_538' title='bbox 1517 3493 1670 3561; x_wconf 76' lang='grc' dir='ltr'>ἀπατηθῆναι</span> <span class='ocrx_word' id='word_1_539' title='bbox 1689 3494 1730 3546; x_wconf 86' lang='grc' dir='ltr'>τδν</span> <span class='ocrx_word' id='word_1_540' title='bbox 1745 3494 1826 3563; x_wconf 81' lang='grc' dir='ltr'>δῆμον</span> 
     </span>
     <span class='ocr_line' id='line_1_40' title="bbox 225 3570 1827 3651; baseline -0.004 -19"><span class='ocrx_word' id='word_1_541' title='bbox 225 3588 228 3597; x_wconf 92' lang='grc'><strong>’</strong></span> <span class='ocrx_word' id='word_1_542' title='bbox 259 3579 328 3645; x_wconf 90' lang='grc'>356,</span> <span class='ocrx_word' id='word_1_543' title='bbox 343 3581 387 3635; x_wconf 77' lang='lat'>23.</span> <span class='ocrx_word' id='word_1_544' title='bbox 401 3581 563 3651; x_wconf 71' lang='grc' dir='ltr'>Τύρημότατα</span> <span class='ocrx_word' id='word_1_545' title='bbox 576 3579 728 3650; x_wconf 83' lang='grc' dir='ltr'>ἀνθρώπων]</span> <span class='ocrx_word' id='word_1_546' title='bbox 742 3577 830 3643; x_wconf 76' lang='grc' dir='ltr'>Τοῦτο,</span> <span class='ocrx_word' id='word_1_547' title='bbox 844 3578 911 3648; x_wconf 82' lang='grc' dir='ltr'>ρασί,</span> <span class='ocrx_word' id='word_1_548' title='bbox 924 3596 1005 3649; x_wconf 85' lang='grc' dir='ltr'>τεχνι-</span> <span class='ocrx_word' id='word_1_549' title='bbox 1046 3581 1093 3635; x_wconf 85' lang='grc' dir='ltr'>ύπδ</span> <span class='ocrx_word' id='word_1_550' title='bbox 1104 3587 1152 3634; x_wconf 82' lang='grc' dir='ltr'>τῶν</span> <span class='ocrx_word' id='word_1_551' title='bbox 1165 3580 1287 3651; x_wconf 84' lang='grc' dir='ltr'>πρίσόεων</span> <span class='ocrx_word' id='word_1_552' title='bbox 1300 3577 1487 3649; x_wconf 82' lang='grc' dir='ltr'>ἡναγκάσθησαν</span> <span class='ocrx_word' id='word_1_553' title='bbox 1504 3576 1637 3627; x_wconf 84' lang='grc' dir='ltr'>πιστεῦσαι.</span> <span class='ocrx_word' id='word_1_554' title='bbox 1657 3571 1692 3623; x_wconf 84' lang='grc' dir='ltr'>Οθ</span> <span class='ocrx_word' id='word_1_555' title='bbox 1707 3570 1753 3642; x_wconf 73' lang='grc' dir='ltr'>μὴν</span> <span class='ocrx_word' id='word_1_556' title='bbox 1769 3572 1827 3625; x_wconf 86' lang='grc' dir='ltr'>οἰιδὲ</span> 
     </span>
     <span class='ocr_line' id='line_1_41' title="bbox 223 3645 1826 3737; baseline -0.01 -20"><span class='ocrx_word' id='word_1_557' title='bbox 223 3670 272 3726; x_wconf 75' lang='grc' dir='ltr'>κῶς</span> <span class='ocrx_word' id='word_1_558' title='bbox 284 3664 375 3736; x_wconf 78' lang='grc' dir='ltr'>ἐξιόρε·</span> <span class='ocrx_word' id='word_1_559' title='bbox 396 3666 518 3736; x_wconf 69' lang='grc' dir='ltr'>παρέδωκε</span> <span class='ocrx_word' id='word_1_560' title='bbox 531 3665 580 3737; x_wconf 90' lang='grc' dir='ltr'>γάρ</span> <span class='ocrx_word' id='word_1_561' title='bbox 592 3668 645 3728; x_wconf 86' lang='grc' dir='ltr'>τοῖς</span> <span class='ocrx_word' id='word_1_562' title='bbox 663 3664 761 3735; x_wconf 81' lang='grc' dir='ltr'>ίχθροῖς</span> <span class='ocrx_word' id='word_1_563' title='bbox 778 3664 857 3717; x_wconf 79' lang='grc' dir='ltr'>αύτιῗιν</span> <span class='ocrx_word' id='word_1_564' title='bbox 876 3663 1003 3733; x_wconf 84' lang='grc' dir='ltr'>εύρήμως,</span> <span class='ocrx_word' id='word_1_565' title='bbox 1048 3657 1208 3728; x_wconf 85' lang='grc' dir='ltr'>ἀπαράσκευοι</span> <span class='ocrx_word' id='word_1_566' title='bbox 1223 3656 1281 3727; x_wconf 84' lang='grc' dir='ltr'>πρδς</span> <span class='ocrx_word' id='word_1_567' title='bbox 1292 3655 1401 3725; x_wconf 83' lang='grc' dir='ltr'>πόλεμον</span> <span class='ocrx_word' id='word_1_568' title='bbox 1421 3653 1462 3706; x_wconf 80' lang='grc' dir='ltr'>καί</span> <span class='ocrx_word' id='word_1_569' title='bbox 1481 3650 1622 3721; x_wconf 87' lang='grc' dir='ltr'>πολιορκίαν</span> <span class='ocrx_word' id='word_1_570' title='bbox 1636 3645 1697 3715; x_wconf 74' lang='grc' dir='ltr'>ἦσαν</span> <span class='ocrx_word' id='word_1_571' title='bbox 1712 3650 1826 3713; x_wconf 83' lang='grc' dir='ltr'>Φωκεῖς,</span> 
     </span>
     <span class='ocr_line' id='line_1_42' title="bbox 224 3728 1827 3817; baseline -0.004 -29"><span class='ocrx_word' id='word_1_572' title='bbox 224 3752 260 3817; x_wconf 63' lang='grc' dir='ltr'>τῷ</span> <span class='ocrx_word' id='word_1_573' title='bbox 275 3745 379 3817; x_wconf 56' lang='grc' dir='ltr'>ὀνόματι</span> <span class='ocrx_word' id='word_1_574' title='bbox 390 3747 546 3816; x_wconf 48' lang='grc' dir='ltr'>χρησάμενος</span> <span class='ocrx_word' id='word_1_575' title='bbox 557 3751 606 3799; x_wconf 62' lang='grc' dir='ltr'>τῶν</span> <span class='ocrx_word' id='word_1_576' title='bbox 623 3743 811 3815; x_wconf 50' lang='lat' dir='ltr'>‘mm-mv,</span> <span class='ocrx_word' id='word_1_577' title='bbox 825 3745 1003 3800; x_wconf 71' lang='lat' dir='ltr'><strong>AfiDGRTV,</strong></span> <span class='ocrx_word' id='word_1_578' title='bbox 1047 3736 1080 3797; x_wconf 79' lang='grc' dir='ltr'>ὡς</span> <span class='ocrx_word' id='word_1_579' title='bbox 1092 3737 1121 3788; x_wconf 85' lang='grc' dir='ltr'>ἀν</span> <span class='ocrx_word' id='word_1_580' title='bbox 1136 3735 1252 3804; x_wconf 82' lang='grc' dir='ltr'>Αἰσχίνου</span> <span class='ocrx_word' id='word_1_581' title='bbox 1264 3732 1308 3799; x_wconf 81' lang='grc' dir='ltr'>τὴν</span> <span class='ocrx_word' id='word_1_582' title='bbox 1321 3733 1444 3787; x_wconf 84' lang='grc' dir='ltr'>ἀσθένειαν</span> <span class='ocrx_word' id='word_1_583' title='bbox 1456 3729 1600 3800; x_wconf 86' lang='grc' dir='ltr'>αἰτιωμίνου</span> <span class='ocrx_word' id='word_1_584' title='bbox 1611 3729 1718 3782; x_wconf 81' lang='grc' dir='ltr'>Φωκίων</span> <span class='ocrx_word' id='word_1_585' title='bbox 1732 3728 1774 3781; x_wconf 79' lang='grc' dir='ltr'>καὶ</span> <span class='ocrx_word' id='word_1_586' title='bbox 1784 3729 1827 3782; x_wconf 78' lang='grc' dir='ltr'>λί-</span> 
     </span>
     <span class='ocr_line' id='line_1_43' title="bbox 261 3807 1825 3893; baseline -0.012 -18"><span class='ocrx_word' id='word_1_587' title='bbox 261 3822 328 3886; x_wconf 86' lang='grc'>356,</span> <span class='ocrx_word' id='word_1_588' title='bbox 343 3827 388 3876; x_wconf 71' lang='grc' dir='ltr'>πό.</span> <span class='ocrx_word' id='word_1_589' title='bbox 410 3818 475 3876; x_wconf 69' lang='grc' dir='ltr'>’.ἀλλ’</span> <span class='ocrx_word' id='word_1_590' title='bbox 486 3821 541 3875; x_wconf 82' lang='grc' dir='ltr'>σύδέ</span> <span class='ocrx_word' id='word_1_591' title='bbox 554 3822 719 3893; x_wconf 85' lang='grc' dir='ltr'>συγκαλίσαι]</span> <span class='ocrx_word' id='word_1_592' title='bbox 734 3823 816 3874; x_wconf 84' lang='grc' dir='ltr'>Ταῦτα</span> <span class='ocrx_word' id='word_1_593' title='bbox 830 3819 878 3874; x_wconf 85' lang='grc' dir='ltr'>ἀπδ</span> <span class='ocrx_word' id='word_1_594' title='bbox 892 3827 939 3874; x_wconf 81' lang='grc' dir='ltr'>τῶν</span> <span class='ocrx_word' id='word_1_595' title='bbox 958 3842 1005 3875; x_wconf 75' lang='grc' dir='ltr'>πα.</span> <span class='ocrx_word' id='word_1_596' title='bbox 1047 3833 1135 3883; x_wconf 87' lang='grc' dir='ltr'>γοντος</span> <span class='ocrx_word' id='word_1_597' title='bbox 1150 3813 1191 3866; x_wconf 88' lang='grc' dir='ltr'>διά</span> <span class='ocrx_word' id='word_1_598' title='bbox 1211 3814 1278 3866; x_wconf 76' lang='grc' dir='ltr'>ταῦτ’</span> <span class='ocrx_word' id='word_1_599' title='bbox 1293 3812 1475 3885; x_wconf 75' lang='grc' dir='ltr'>ἀναγκασθῆναι</span> <span class='ocrx_word' id='word_1_600' title='bbox 1485 3808 1571 3869; x_wconf 79' lang='grc' dir='ltr'>αύτούς</span> <span class='ocrx_word' id='word_1_601' title='bbox 1582 3807 1825 3863; x_wconf 86' lang='grc' dir='ltr'>ύποκατακλίνεσθαι.</span> 
     </span>
     <span class='ocr_line' id='line_1_44' title="bbox 226 3884 1827 3971; baseline -0.009 -20"><span class='ocrx_word' id='word_1_602' title='bbox 226 3903 342 3969; x_wconf 84' lang='grc' dir='ltr'>ριιμίνων</span> <span class='ocrx_word' id='word_1_603' title='bbox 356 3901 452 3956; x_wconf 91' lang='grc' dir='ltr'>λοιπόν.</span> <span class='ocrx_word' id='word_1_604' title='bbox 486 3898 648 3953; x_wconf 76' lang='grc' dir='ltr'>Ἐστιδίκαί</span> <span class='ocrx_word' id='word_1_605' title='bbox 659 3899 717 3952; x_wconf 85' lang='grc' dir='ltr'>αύτδ</span> <span class='ocrx_word' id='word_1_606' title='bbox 730 3901 800 3971; x_wconf 85' lang='grc' dir='ltr'>μίρος</span> <span class='ocrx_word' id='word_1_607' title='bbox 812 3904 860 3951; x_wconf 81' lang='grc' dir='ltr'>τῶν</span> <span class='ocrx_word' id='word_1_608' title='bbox 875 3898 916 3952; x_wconf 83' lang='grc' dir='ltr'>ἀπ’</span> <span class='ocrx_word' id='word_1_609' title='bbox 928 3899 1006 3969; x_wconf 78' lang='grc' dir='ltr'>ἀρχῆς</span> <span class='ocrx_word' id='word_1_610' title='bbox 1051 3892 1151 3965; x_wconf 71' lang='grc' dir='ltr'>Ἀνάγκη</span> <span class='ocrx_word' id='word_1_611' title='bbox 1173 3892 1221 3963; x_wconf 77' lang='grc' dir='ltr'>γὰρ</span> <span class='ocrx_word' id='word_1_612' title='bbox 1242 3888 1272 3959; x_wconf 77' lang='grc' dir='ltr'>ήν</span> <span class='ocrx_word' id='word_1_613' title='bbox 1287 3893 1329 3945; x_wconf 84' lang='grc' dir='ltr'>τδν</span> <span class='ocrx_word' id='word_1_614' title='bbox 1354 3892 1499 3962; x_wconf 86' lang='grc' dir='ltr'>μεθιστάντα</span> <span class='ocrx_word' id='word_1_615' title='bbox 1513 3888 1552 3942; x_wconf 81' lang='grc' dir='ltr'>ἐπί</span> <span class='ocrx_word' id='word_1_616' title='bbox 1571 3888 1672 3948; x_wconf 81' lang='grc' dir='ltr'>Φωκέας</span> <span class='ocrx_word' id='word_1_617' title='bbox 1684 3884 1728 3950; x_wconf 80' lang='grc' dir='ltr'>τήν</span> <span class='ocrx_word' id='word_1_618' title='bbox 1747 3885 1827 3938; x_wconf 88' lang='grc' dir='ltr'>αἰτίαν</span> 
     </span>
     <span class='ocr_line' id='line_1_45' title="bbox 225 3964 1828 4050; baseline -0.011 -16"><span class='ocrx_word' id='word_1_619' title='bbox 225 3978 475 4048; x_wconf 72' lang='grc' dir='ltr'>ἀχριτόλονς.ΤΰίΙ.</span> <span class='ocrx_word' id='word_1_620' title='bbox 516 3978 546 4033; x_wconf 85' lang='lat'>‘0</span> <span class='ocrx_word' id='word_1_621' title='bbox 557 3979 674 4050; x_wconf 81' lang='grc' dir='ltr'>Πρόξενος</span> <span class='ocrx_word' id='word_1_622' title='bbox 686 3974 845 4048; x_wconf 80' lang='grc' dir='ltr'>στατηγδςήν</span> <span class='ocrx_word' id='word_1_623' title='bbox 862 3976 1003 4045; x_wconf 86' lang='grc' dir='ltr'>Ἀθηναίων.</span> <span class='ocrx_word' id='word_1_624' title='bbox 1049 3971 1125 4026; x_wconf 89' lang='grc' dir='ltr'>εἰπεῖν</span> <span class='ocrx_word' id='word_1_625' title='bbox 1142 3972 1198 4032; x_wconf 78' lang='grc' dir='ltr'>τούς</span> <span class='ocrx_word' id='word_1_626' title='bbox 1211 3971 1312 4042; x_wconf 88' lang='grc' dir='ltr'>τρόπους</span> <span class='ocrx_word' id='word_1_627' title='bbox 1323 3970 1354 4021; x_wconf 91' lang='grc' dir='ltr'>δι’</span> <span class='ocrx_word' id='word_1_628' title='bbox 1369 3970 1409 4031; x_wconf 82' lang='grc' dir='ltr'>ούς</span> <span class='ocrx_word' id='word_1_629' title='bbox 1424 3968 1547 4021; x_wconf 77' lang='grc' dir='ltr'>ἑάλωσαν·</span> <span class='ocrx_word' id='word_1_630' title='bbox 1563 3968 1579 4033; x_wconf 78' lang='grc'>5]</span> <span class='ocrx_word' id='word_1_631' title='bbox 1593 3967 1640 4037; x_wconf 86' lang='grc' dir='ltr'>γάρ</span> <span class='ocrx_word' id='word_1_632' title='bbox 1654 3967 1692 4018; x_wconf 85' lang='grc' dir='ltr'>ότι</span> <span class='ocrx_word' id='word_1_633' title='bbox 1709 3964 1828 4033; x_wconf 72' lang='grc' dir='ltr'>ἐξηπατή-</span> 
     </span>
     <span class='ocr_line' id='line_1_46' title="bbox 224 4045 1684 4130; baseline -0.008 -21"><span class='ocrx_word' id='word_1_634' title='bbox 224 4058 330 4126; x_wconf 78' lang='grc' dir='ltr'>Αιίτριθι</span> <span class='ocrx_word' id='word_1_635' title='bbox 342 4058 367 4112; x_wconf 80' lang='grc' dir='ltr'>δέ</span> <span class='ocrx_word' id='word_1_636' title='bbox 381 4060 435 4130; x_wconf 85' lang='grc' dir='ltr'>περί</span> <span class='ocrx_word' id='word_1_637' title='bbox 448 4060 545 4122; x_wconf 87' lang='grc' dir='ltr'>Πύλας,</span> <span class='ocrx_word' id='word_1_638' title='bbox 560 4058 678 4129; x_wconf 76' lang='grc' dir='ltr'>ἐπιτηρῶν</span> <span class='ocrx_word' id='word_1_639' title='bbox 690 4056 735 4123; x_wconf 82' lang='grc' dir='ltr'>τὴν</span> <span class='ocrx_word' id='word_1_640' title='bbox 751 4057 876 4110; x_wconf 86' lang='grc' dir='ltr'>Φιλίππου</span> <span class='ocrx_word' id='word_1_641' title='bbox 888 4059 1004 4128; x_wconf 85' lang='grc' dir='ltr'>πάροδον.</span> <span class='ocrx_word' id='word_1_642' title='bbox 1049 4052 1135 4119; x_wconf 85' lang='grc' dir='ltr'>θησαν,</span> <span class='ocrx_word' id='word_1_643' title='bbox 1148 4050 1164 4116; x_wconf 73' lang='grc' dir='ltr'>ἢ</span> <span class='ocrx_word' id='word_1_644' title='bbox 1179 4051 1216 4103; x_wconf 89' lang='grc' dir='ltr'>δτι</span> <span class='ocrx_word' id='word_1_645' title='bbox 1228 4048 1363 4120; x_wconf 89' lang='grc' dir='ltr'>ἀμύνασθαι</span> <span class='ocrx_word' id='word_1_646' title='bbox 1375 4048 1419 4100; x_wconf 85' lang='grc' dir='ltr'>οθιι</span> <span class='ocrx_word' id='word_1_647' title='bbox 1428 4046 1592 4114; x_wconf 74' lang='grc' dir='ltr'>ἠδυνήθησαν.</span> <span class='ocrx_word' id='word_1_648' title='bbox 1604 4045 1684 4099; x_wconf 90' lang='lat' dir='ltr'>TCV.</span> 
     </span>
     <span class='ocr_line' id='line_1_47' title="bbox 225 4127 1403 4199; baseline -0.001 -17"><span class='ocrx_word' id='word_1_649' title='bbox 225 4137 404 4199; x_wconf 49' lang='lat' dir='ltr'><strong>ACDGRTR</strong></span> <span class='ocrx_word' id='word_1_650' title='bbox 1084 4129 1188 4199; x_wconf 87' lang='grc' dir='ltr'>Αύτόθι]</span> <span class='ocrx_word' id='word_1_651' title='bbox 1201 4127 1225 4181; x_wconf 90' lang='grc' dir='ltr'>ἐν</span> <span class='ocrx_word' id='word_1_652' title='bbox 1238 4129 1359 4183; x_wconf 76' lang='grc' dir='ltr'>Φωκεῦσι.</span> <span class='ocrx_word' id='word_1_653' title='bbox 1374 4127 1403 4181; x_wconf 88' lang='grc' dir='ltr'>Ρ.</span> 
     </span>
     <span class='ocr_line' id='line_1_48' title="bbox 262 4202 1426 4288; baseline -0.003 -20"><span class='ocrx_word' id='word_1_654' title='bbox 262 4217 328 4282; x_wconf 86' lang='grc'>356,</span> <span class='ocrx_word' id='word_1_655' title='bbox 339 4234 383 4288; x_wconf 77' lang='lat'>29.</span> <span class='ocrx_word' id='word_1_656' title='bbox 397 4218 481 4271; x_wconf 87' lang='grc' dir='ltr'>ίίαίτοι</span> <span class='ocrx_word' id='word_1_657' title='bbox 491 4217 532 4271; x_wconf 81' lang='grc' dir='ltr'>καί</span> <span class='ocrx_word' id='word_1_658' title='bbox 544 4215 688 4287; x_wconf 79' lang='grc' dir='ltr'>ἐπιστολὰς]</span> <span class='ocrx_word' id='word_1_659' title='bbox 700 4214 779 4269; x_wconf 89' lang='grc' dir='ltr'>Πάλιν</span> <span class='ocrx_word' id='word_1_660' title='bbox 790 4215 872 4284; x_wconf 81' lang='grc' dir='ltr'>ίτερον</span> <span class='ocrx_word' id='word_1_661' title='bbox 881 4214 923 4267; x_wconf 87' lang='grc' dir='ltr'>καί</span> <span class='ocrx_word' id='word_1_662' title='bbox 934 4216 1007 4267; x_wconf 80' lang='grc' dir='ltr'>τοῦτο</span> <span class='ocrx_word' id='word_1_663' title='bbox 1085 4208 1132 4267; x_wconf 76' lang='grc' dir='ltr'>θῖνε</span> <span class='ocrx_word' id='word_1_664' title='bbox 1144 4206 1272 4276; x_wconf 66' lang='grc' dir='ltr'>βοηθήσειν</span> <span class='ocrx_word' id='word_1_665' title='bbox 1282 4204 1291 4274; x_wconf 91' lang='grc'>]</span> <span class='ocrx_word' id='word_1_666' title='bbox 1306 4202 1380 4274; x_wconf 73' lang='grc' dir='ltr'>ἥμᾶς·</span> <span class='ocrx_word' id='word_1_667' title='bbox 1396 4205 1426 4256; x_wconf 77' lang='grc' dir='ltr'>Ρ·</span> 
     </span>
     <span class='ocr_line' id='line_1_49' title="bbox 227 4279 1574 4367; baseline -0.004 -21"><span class='ocrx_word' id='word_1_668' title='bbox 227 4298 411 4364; x_wconf 85' lang='grc' dir='ltr'>μσταστατικόν.</span> <span class='ocrx_word' id='word_1_669' title='bbox 448 4296 615 4367; x_wconf 84' lang='grc' dir='ltr'>Διωθούμινος</span> <span class='ocrx_word' id='word_1_670' title='bbox 636 4294 684 4365; x_wconf 78' lang='grc' dir='ltr'>γάρ</span> <span class='ocrx_word' id='word_1_671' title='bbox 705 4293 744 4364; x_wconf 83' lang='grc' dir='ltr'>ἀρ’</span> <span class='ocrx_word' id='word_1_672' title='bbox 763 4292 850 4346; x_wconf 80' lang='grc' dir='ltr'>ίαυτοΰ</span> <span class='ocrx_word' id='word_1_673' title='bbox 867 4292 909 4353; x_wconf 79' lang='grc' dir='ltr'>τὰς</span> <span class='ocrx_word' id='word_1_674' title='bbox 927 4291 1005 4353; x_wconf 81' lang='grc' dir='ltr'>αἰτίας</span> <span class='ocrx_word' id='word_1_675' title='bbox 1083 4286 1181 4347; x_wconf 85' lang='grc' dir='ltr'>Τούτοις</span> <span class='ocrx_word' id='word_1_676' title='bbox 1192 4285 1246 4354; x_wconf 73' lang='grc' dir='ltr'>ὅτε]</span> <span class='ocrx_word' id='word_1_677' title='bbox 1261 4286 1313 4345; x_wconf 72' lang='grc' dir='ltr'>τοῖς</span> <span class='ocrx_word' id='word_1_678' title='bbox 1324 4283 1399 4344; x_wconf 59' lang='grc' dir='ltr'>Οὕτως</span> <span class='ocrx_word' id='word_1_679' title='bbox 1410 4279 1537 4352; x_wconf 64' lang='grc' dir='ltr'>νῖῠμέίθῑς.</span> <span class='ocrx_word' id='word_1_680' title='bbox 1553 4283 1574 4334; x_wconf 90' lang='grc' dir='ltr'><strong>Ρ</strong></span> 
     </span>
     <span class='ocr_line' id='line_1_50' title="bbox 225 4354 1831 4446; baseline -0.005 -20"><span class='ocrx_word' id='word_1_681' title='bbox 225 4372 358 4443; x_wconf 87' lang='grc' dir='ltr'>Αἰσχίνης,</span> <span class='ocrx_word' id='word_1_682' title='bbox 377 4375 420 4438; x_wconf 82' lang='grc' dir='ltr'>τάς</span> <span class='ocrx_word' id='word_1_683' title='bbox 437 4374 479 4446; x_wconf 76' lang='grc' dir='ltr'>μὲν</span> <span class='ocrx_word' id='word_1_684' title='bbox 499 4374 537 4430; x_wconf 80' lang='grc' dir='ltr'>ίπί</span> <span class='ocrx_word' id='word_1_685' title='bbox 556 4373 712 4443; x_wconf 88' lang='grc' dir='ltr'>Φιλοκράτην</span> <span class='ocrx_word' id='word_1_686' title='bbox 731 4373 861 4439; x_wconf 81' lang='grc' dir='ltr'>ἀναθήσει,</span> <span class='ocrx_word' id='word_1_687' title='bbox 879 4370 921 4432; x_wconf 88' lang='grc' dir='ltr'>τάς</span> <span class='ocrx_word' id='word_1_688' title='bbox 935 4369 961 4423; x_wconf 75' lang='grc' dir='ltr'>δὲ</span> <span class='ocrx_word' id='word_1_689' title='bbox 974 4373 1006 4442; x_wconf 80' lang='grc' dir='ltr'>τῇ</span> <span class='ocrx_word' id='word_1_690' title='bbox 1086 4366 1146 4431; x_wconf 85' lang='grc'>358,</span> <span class='ocrx_word' id='word_1_691' title='bbox 1163 4368 1203 4428; x_wconf 78' lang='grc' dir='ltr'>ιθ.</span> <span class='ocrx_word' id='word_1_692' title='bbox 1214 4364 1301 4432; x_wconf 81' lang='grc' dir='ltr'>Διόπερ</span> <span class='ocrx_word' id='word_1_693' title='bbox 1311 4361 1488 4430; x_wconf 70' lang='grc' dir='ltr'>ταύταπύντα]</span> <span class='ocrx_word' id='word_1_694' title='bbox 1505 4356 1719 4426; x_wconf 69' lang='grc' dir='ltr'>Ἐκῖῆείργαῦίας</span> <span class='ocrx_word' id='word_1_695' title='bbox 1731 4354 1831 4407; x_wconf 64' lang='lat' dir='ltr'>1(va-</span> 
     </span>
     <span class='ocr_line' id='line_1_51' title="bbox 226 4434 1830 4525; baseline -0.011 -20"><span class='ocrx_word' id='word_1_696' title='bbox 226 4452 307 4507; x_wconf 85' lang='grc' dir='ltr'>πόλιι.</span> <span class='ocrx_word' id='word_1_697' title='bbox 343 4452 374 4507; x_wconf 89' lang='grc' dir='ltr'>Τί</span> <span class='ocrx_word' id='word_1_698' title='bbox 388 4453 435 4525; x_wconf 83' lang='grc' dir='ltr'>γάρ</span> <span class='ocrx_word' id='word_1_699' title='bbox 447 4454 511 4525; x_wconf 70' lang='grc' dir='ltr'>ἀρεῖς</span> <span class='ocrx_word' id='word_1_700' title='bbox 532 4454 601 4524; x_wconf 85' lang='grc' dir='ltr'>ύμιῖς</span> <span class='ocrx_word' id='word_1_701' title='bbox 621 4451 695 4506; x_wconf 86' lang='grc' dir='ltr'>αίτιοι</span> <span class='ocrx_word' id='word_1_702' title='bbox 708 4455 826 4524; x_wconf 86' lang='grc' dir='ltr'>γεγόνατε</span> <span class='ocrx_word' id='word_1_703' title='bbox 841 4454 883 4517; x_wconf 85' lang='grc' dir='ltr'>τῆς</span> <span class='ocrx_word' id='word_1_704' title='bbox 898 4451 1006 4502; x_wconf 86' lang='grc' dir='ltr'>Φωκέων</span> <span class='ocrx_word' id='word_1_705' title='bbox 1049 4466 1111 4500; x_wconf 86' lang='grc' dir='ltr'>σεων</span> <span class='ocrx_word' id='word_1_706' title='bbox 1121 4444 1263 4497; x_wconf 87' lang='grc' dir='ltr'>ἀντιπῖπτον</span> <span class='ocrx_word' id='word_1_707' title='bbox 1274 4441 1346 4496; x_wconf 87' lang='grc' dir='ltr'>πάλιν</span> <span class='ocrx_word' id='word_1_708' title='bbox 1357 4439 1479 4510; x_wconf 77' lang='grc' dir='ltr'>ἀνέκυψεν·</span> <span class='ocrx_word' id='word_1_709' title='bbox 1492 4437 1601 4490; x_wconf 83' lang='grc' dir='ltr'>ούκοῖινθ</span> <span class='ocrx_word' id='word_1_710' title='bbox 1612 4438 1689 4506; x_wconf 84' lang='grc' dir='ltr'>δῆμος</span> <span class='ocrx_word' id='word_1_711' title='bbox 1701 4434 1786 4499; x_wconf 82' lang='grc' dir='ltr'>αἴτιος,</span> <span class='ocrx_word' id='word_1_712' title='bbox 1800 4435 1830 4487; x_wconf 81' lang='grc' dir='ltr'>τό</span> 
     </span>
     <span class='ocr_line' id='line_1_52' title="bbox 226 4515 1829 4603; baseline -0.009 -21"><span class='ocrx_word' id='word_1_713' title='bbox 226 4529 350 4595; x_wconf 79' lang='grc' dir='ltr'>ἀλωσεως,</span> <span class='ocrx_word' id='word_1_714' title='bbox 361 4532 489 4600; x_wconf 84' lang='grc' dir='ltr'>κληθίντις</span> <span class='ocrx_word' id='word_1_715' title='bbox 502 4532 544 4603; x_wconf 75' lang='grc' dir='ltr'>μίν</span> <span class='ocrx_word' id='word_1_716' title='bbox 553 4532 600 4586; x_wconf 89' lang='grc' dir='ltr'>ύπδ</span> <span class='ocrx_word' id='word_1_717' title='bbox 612 4532 752 4595; x_wconf 86' lang='grc' dir='ltr'>Φιλίππου,</span> <span class='ocrx_word' id='word_1_718' title='bbox 766 4533 819 4593; x_wconf 80' lang='grc' dir='ltr'>ταῖς</span> <span class='ocrx_word' id='word_1_719' title='bbox 830 4530 856 4583; x_wconf 83' lang='grc' dir='ltr'>δέ</span> <span class='ocrx_word' id='word_1_720' title='bbox 866 4528 1006 4592; x_wconf 76' lang='grc' dir='ltr'>ἐπιστολαῖς</span> <span class='ocrx_word' id='word_1_721' title='bbox 1050 4525 1216 4595; x_wconf 86' lang='grc' dir='ltr'>Φιλοκράτους</span> <span class='ocrx_word' id='word_1_722' title='bbox 1236 4524 1343 4592; x_wconf 77' lang='grc' dir='ltr'>κυρώσας</span> <span class='ocrx_word' id='word_1_723' title='bbox 1361 4521 1480 4591; x_wconf 67' lang='grc' dir='ltr'>ψήφισμα.</span> <span class='ocrx_word' id='word_1_724' title='bbox 1517 4519 1613 4571; x_wconf 88' lang='grc' dir='ltr'>Τούτων</span> <span class='ocrx_word' id='word_1_725' title='bbox 1632 4515 1740 4582; x_wconf 78' lang='grc' dir='ltr'>ἣλύοις·</span> <span class='ocrx_word' id='word_1_726' title='bbox 1756 4519 1829 4568; x_wconf 82' lang='grc' dir='ltr'>τοῦτο</span> 
     </span>
     <span class='ocr_line' id='line_1_53' title="bbox 227 4593 1827 4678; baseline -0.009 -15"><span class='ocrx_word' id='word_1_727' title='bbox 227 4608 414 4672; x_wconf 85' lang='grc' dir='ltr'>ύπακούσαντες.</span> <span class='ocrx_word' id='word_1_728' title='bbox 455 4608 484 4662; x_wconf 88' lang='grc' dir='ltr'>Ἱί</span> <span class='ocrx_word' id='word_1_729' title='bbox 496 4610 564 4672; x_wconf 89' lang='grc' dir='ltr'>λύσις</span> <span class='ocrx_word' id='word_1_730' title='bbox 574 4609 653 4663; x_wconf 86' lang='grc' dir='ltr'>τοίνυν</span> <span class='ocrx_word' id='word_1_731' title='bbox 664 4609 730 4672; x_wconf 85' lang='grc' dir='ltr'>εθθὶις</span> <span class='ocrx_word' id='word_1_732' title='bbox 742 4609 783 4662; x_wconf 82' lang='grc' dir='ltr'>καί</span> <span class='ocrx_word' id='word_1_733' title='bbox 795 4605 907 4678; x_wconf 79' lang='grc' dir='ltr'>συνεχὴς,</span> <span class='ocrx_word' id='word_1_734' title='bbox 919 4606 948 4659; x_wconf 85' lang='grc' dir='ltr'>τθ</span> <span class='ocrx_word' id='word_1_735' title='bbox 959 4605 1007 4677; x_wconf 85' lang='grc' dir='ltr'>ούχ</span> <span class='ocrx_word' id='word_1_736' title='bbox 1049 4606 1129 4660; x_wconf 84' lang='grc' dir='ltr'>τοίνυν</span> <span class='ocrx_word' id='word_1_737' title='bbox 1141 4602 1249 4656; x_wconf 76' lang='grc' dir='ltr'>οὐδέποτ’</span> <span class='ocrx_word' id='word_1_738' title='bbox 1264 4603 1293 4653; x_wconf 81' lang='grc' dir='ltr'>ἂν</span> <span class='ocrx_word' id='word_1_739' title='bbox 1307 4601 1375 4671; x_wconf 83' lang='grc' dir='ltr'>ύμιῖς</span> <span class='ocrx_word' id='word_1_740' title='bbox 1388 4598 1531 4669; x_wconf 81' lang='grc' dir='ltr'>ύπεμείνατε</span> <span class='ocrx_word' id='word_1_741' title='bbox 1545 4597 1644 4667; x_wconf 74' lang='grc' dir='ltr'>ὕστερον</span> <span class='ocrx_word' id='word_1_742' title='bbox 1666 4593 1827 4664; x_wconf 57' lang='grc' dir='ltr'>προσγράψαι.</span> 
     </span>
     <span class='ocr_line' id='line_1_54' title="bbox 149 4669 1828 4757; baseline -0.011 -16"><span class='ocrx_word' id='word_1_743' title='bbox 149 4696 155 4707; x_wconf 68' lang='grc'><strong>“</strong></span> <span class='ocrx_word' id='word_1_744' title='bbox 225 4688 269 4741; x_wconf 84' lang='grc' dir='ltr'>ίνα</span> <span class='ocrx_word' id='word_1_745' title='bbox 282 4688 402 4757; x_wconf 78' lang='grc' dir='ltr'>ίξίλθητι.</span> <span class='ocrx_word' id='word_1_746' title='bbox 415 4690 496 4744; x_wconf 76' lang='lat' dir='ltr'>ch,</span> <span class='ocrx_word' id='word_1_747' title='bbox 1050 4684 1169 4738; x_wconf 83' lang='lat' dir='ltr'><strong>BFRSY.</strong></span> <span class='ocrx_word' id='word_1_748' title='bbox 1221 4678 1309 4733; x_wconf 79' lang='grc' dir='ltr'>’ίστίον</span> <span class='ocrx_word' id='word_1_749' title='bbox 1332 4681 1370 4732; x_wconf 87' lang='grc' dir='ltr'>ότι</span> <span class='ocrx_word' id='word_1_750' title='bbox 1391 4676 1474 4732; x_wconf 70' lang='grc' dir='ltr'>πολλὰ</span> <span class='ocrx_word' id='word_1_751' title='bbox 1496 4678 1618 4747; x_wconf 81' lang='grc' dir='ltr'>χρώματα</span> <span class='ocrx_word' id='word_1_752' title='bbox 1638 4673 1720 4743; x_wconf 69' lang='grc' dir='ltr'>λέγει,</span> <span class='ocrx_word' id='word_1_753' title='bbox 1746 4669 1828 4737; x_wconf 75' lang='grc' dir='ltr'>ἐπειδὴ</span> 
     </span>
     <span class='ocr_line' id='line_1_55' title="bbox 263 4747 1830 4838; baseline -0.013 -18"><span class='ocrx_word' id='word_1_754' title='bbox 263 4769 332 4835; x_wconf 88' lang='grc'>357,</span> <span class='ocrx_word' id='word_1_755' title='bbox 350 4784 377 4822; x_wconf 79' lang='lat'>2.</span> <span class='ocrx_word' id='word_1_756' title='bbox 402 4767 530 4838; x_wconf 75' lang='grc' dir='ltr'>Πούμαλα]</span> <span class='ocrx_word' id='word_1_757' title='bbox 552 4767 590 4838; x_wconf 87' lang='grc' dir='ltr'>ύρ’</span> <span class='ocrx_word' id='word_1_758' title='bbox 612 4769 638 4820; x_wconf 79' lang='grc' dir='ltr'>ἓν</span> <span class='ocrx_word' id='word_1_759' title='bbox 660 4765 841 4835; x_wconf 84' lang='grc' dir='ltr'>ἀναγνωστίον·</span> <span class='ocrx_word' id='word_1_760' title='bbox 864 4763 964 4833; x_wconf 77' lang='grc' dir='ltr'>λέγουσι</span> <span class='ocrx_word' id='word_1_761' title='bbox 981 4762 1007 4816; x_wconf 79' lang='grc' dir='ltr'>δέ</span> <span class='ocrx_word' id='word_1_762' title='bbox 1049 4760 1132 4816; x_wconf 76' lang='grc' dir='ltr'>πολλὰ</span> <span class='ocrx_word' id='word_1_763' title='bbox 1143 4759 1224 4812; x_wconf 87' lang='grc' dir='ltr'>καίτδι</span> <span class='ocrx_word' id='word_1_764' title='bbox 1236 4761 1341 4829; x_wconf 85' lang='grc' dir='ltr'>σημεῖα·</span> <span class='ocrx_word' id='word_1_765' title='bbox 1358 4756 1423 4808; x_wconf 73' lang='grc' dir='ltr'>ἀλλὰ</span> <span class='ocrx_word' id='word_1_766' title='bbox 1438 4758 1513 4808; x_wconf 79' lang='grc' dir='ltr'>ταῦτα</span> <span class='ocrx_word' id='word_1_767' title='bbox 1528 4752 1570 4823; x_wconf 80' lang='grc' dir='ltr'>μὲν</span> <span class='ocrx_word' id='word_1_768' title='bbox 1590 4750 1691 4823; x_wconf 86' lang='grc' dir='ltr'>μερικά,</span> <span class='ocrx_word' id='word_1_769' title='bbox 1711 4750 1790 4804; x_wconf 82' lang='grc' dir='ltr'>ἐκεῖνο</span> <span class='ocrx_word' id='word_1_770' title='bbox 1803 4747 1830 4801; x_wconf 86' lang='grc' dir='ltr'>δὲ</span> 
     </span>
     <span class='ocr_line' id='line_1_56' title="bbox 228 4829 1831 4918; baseline -0.012 -17"><span class='ocrx_word' id='word_1_771' title='bbox 228 4844 381 4918; x_wconf 84' lang='grc' dir='ltr'>Συρακοσίων</span> <span class='ocrx_word' id='word_1_772' title='bbox 399 4844 464 4899; x_wconf 87' lang='grc' dir='ltr'>εἰναι</span> <span class='ocrx_word' id='word_1_773' title='bbox 483 4844 527 4912; x_wconf 81' lang='grc' dir='ltr'>τὴν</span> <span class='ocrx_word' id='word_1_774' title='bbox 542 4843 624 4917; x_wconf 82' lang='grc' dir='ltr'>ρωνὴν</span> <span class='ocrx_word' id='word_1_775' title='bbox 641 4844 695 4896; x_wconf 87' lang='grc' dir='ltr'>ἀντί</span> <span class='ocrx_word' id='word_1_776' title='bbox 708 4849 752 4897; x_wconf 78' lang='grc' dir='ltr'>τοῦ</span> <span class='ocrx_word' id='word_1_777' title='bbox 769 4843 895 4913; x_wconf 85' lang='grc' dir='ltr'>οθδαμῶς,</span> <span class='ocrx_word' id='word_1_778' title='bbox 915 4842 1006 4913; x_wconf 80' lang='grc' dir='ltr'>ἔμαθον</span> <span class='ocrx_word' id='word_1_779' title='bbox 1050 4843 1193 4911; x_wconf 87' lang='grc' dir='ltr'>κυριώτερον</span> <span class='ocrx_word' id='word_1_780' title='bbox 1208 4839 1249 4892; x_wconf 80' lang='grc' dir='ltr'>καί</span> <span class='ocrx_word' id='word_1_781' title='bbox 1263 4838 1321 4909; x_wconf 85' lang='grc' dir='ltr'>πρδς</span> <span class='ocrx_word' id='word_1_782' title='bbox 1334 4839 1362 4892; x_wconf 82' lang='grc' dir='ltr'>το</span> <span class='ocrx_word' id='word_1_783' title='bbox 1379 4836 1493 4907; x_wconf 77' lang='grc' dir='ltr'>ἔγκλημα</span> <span class='ocrx_word' id='word_1_784' title='bbox 1504 4835 1533 4887; x_wconf 86' lang='grc' dir='ltr'>τδ</span> <span class='ocrx_word' id='word_1_785' title='bbox 1543 4833 1604 4885; x_wconf 76' lang='grc' dir='ltr'>κατὰ</span> <span class='ocrx_word' id='word_1_786' title='bbox 1616 4832 1731 4894; x_wconf 74' lang='grc' dir='ltr'>Φωκέας,</span> <span class='ocrx_word' id='word_1_787' title='bbox 1748 4829 1776 4883; x_wconf 86' lang='grc' dir='ltr'>τθ</span> <span class='ocrx_word' id='word_1_788' title='bbox 1788 4832 1831 4895; x_wconf 81' lang='grc' dir='ltr'>τῆς</span> 
     </span>
     <span class='ocr_line' id='line_1_57' title="bbox 227 4919 1265 4994; baseline -0.008 -14"><span class='ocrx_word' id='word_1_789' title='bbox 227 4925 254 4980; x_wconf 79' lang='grc' dir='ltr'>δέ</span> <span class='ocrx_word' id='word_1_790' title='bbox 264 4924 338 4991; x_wconf 76' lang='grc' dir='ltr'>αὐτὴν</span> <span class='ocrx_word' id='word_1_791' title='bbox 353 4925 377 4978; x_wconf 91' lang='grc' dir='ltr'>οί</span> <span class='ocrx_word' id='word_1_792' title='bbox 392 4924 514 4993; x_wconf 87' lang='grc' dir='ltr'>Ἀθηναῖοι</span> <span class='ocrx_word' id='word_1_793' title='bbox 525 4924 573 4979; x_wconf 89' lang='grc' dir='ltr'>ἀπδ</span> <span class='ocrx_word' id='word_1_794' title='bbox 585 4930 633 4979; x_wconf 83' lang='grc' dir='ltr'>τῶν</span> <span class='ocrx_word' id='word_1_795' title='bbox 646 4925 770 4994; x_wconf 85' lang='grc' dir='ltr'>ρυγάδων.</span> <span class='ocrx_word' id='word_1_796' title='bbox 784 4926 840 4976; x_wconf 78' lang='lat' dir='ltr'>An.</span> <span class='ocrx_word' id='word_1_797' title='bbox 1050 4919 1151 4985; x_wconf 86' lang='grc' dir='ltr'>ἀπάτης.</span> <span class='ocrx_word' id='word_1_798' title='bbox 1165 4920 1265 4972; x_wconf 82' lang='grc' dir='ltr'>ΑίίΤΡ.</span> 
     </span>
     <span class='ocr_line' id='line_1_58' title="bbox 264 4986 1830 5076; baseline -0.011 -19"><span class='ocrx_word' id='word_1_799' title='bbox 264 5004 393 5074; x_wconf 73' lang='grc' dir='ltr'>Πώμιιλα]</span> <span class='ocrx_word' id='word_1_800' title='bbox 411 5005 490 5076; x_wconf 85' lang='grc' dir='ltr'>θνομα</span> <span class='ocrx_word' id='word_1_801' title='bbox 504 5006 530 5058; x_wconf 90' lang='grc' dir='ltr'>δί</span> <span class='ocrx_word' id='word_1_802' title='bbox 550 5004 614 5057; x_wconf 86' lang='grc' dir='ltr'>ἐστιν</span> <span class='ocrx_word' id='word_1_803' title='bbox 629 5003 668 5073; x_wconf 85' lang='grc' dir='ltr'>ύρ’</span> <span class='ocrx_word' id='word_1_804' title='bbox 681 5002 707 5056; x_wconf 81' lang='grc' dir='ltr'>ίν</span> <span class='ocrx_word' id='word_1_805' title='bbox 723 4999 962 5069; x_wconf 89' lang='grc' dir='ltr'>ἀναγινωσκόμενον,</span> <span class='ocrx_word' id='word_1_806' title='bbox 975 4999 1008 5062; x_wconf 84' lang='grc' dir='ltr'>ὡς</span> <span class='ocrx_word' id='word_1_807' title='bbox 1086 5001 1152 5061; x_wconf 84' lang='grc'>358,</span> <span class='ocrx_word' id='word_1_808' title='bbox 1166 5017 1209 5053; x_wconf 73' lang='grc' dir='ltr'>νο.</span> <span class='ocrx_word' id='word_1_809' title='bbox 1231 4996 1300 5067; x_wconf 81' lang='grc' dir='ltr'>ῘΙαρά</span> <span class='ocrx_word' id='word_1_810' title='bbox 1315 5001 1357 5063; x_wconf 82' lang='grc' dir='ltr'>τῆς</span> <span class='ocrx_word' id='word_1_811' title='bbox 1370 4995 1445 5065; x_wconf 88' lang='grc' dir='ltr'>τύχης</span> <span class='ocrx_word' id='word_1_812' title='bbox 1466 4990 1625 5062; x_wconf 78' lang='grc' dir='ltr'>ιύεργεσιῶν]</span> <span class='ocrx_word' id='word_1_813' title='bbox 1639 4987 1669 5040; x_wconf 85' lang='grc' dir='ltr'>Εἰ</span> <span class='ocrx_word' id='word_1_814' title='bbox 1681 4986 1728 5058; x_wconf 83' lang='grc' dir='ltr'>γάρ</span> <span class='ocrx_word' id='word_1_815' title='bbox 1742 4986 1830 5057; x_wconf 77' lang='grc' dir='ltr'>βουλή·</span> 
     </span>
     <span class='ocr_line' id='line_1_59' title="bbox 224 5064 1830 5153; baseline -0.009 -20"><span class='ocrx_word' id='word_1_816' title='bbox 224 5083 272 5151; x_wconf 81' lang='grc' dir='ltr'>μίν</span> <span class='ocrx_word' id='word_1_817' title='bbox 285 5083 346 5143; x_wconf 79' lang='grc' dir='ltr'>τινός</span> <span class='ocrx_word' id='word_1_818' title='bbox 357 5100 428 5152; x_wconf 88' lang='grc' dir='ltr'>ρασι,</span> <span class='ocrx_word' id='word_1_819' title='bbox 439 5081 545 5137; x_wconf 81' lang='grc' dir='ltr'>Σικελῶν</span> <span class='ocrx_word' id='word_1_820' title='bbox 556 5083 708 5153; x_wconf 82' lang='grc' dir='ltr'>κομισάντων</span> <span class='ocrx_word' id='word_1_821' title='bbox 718 5084 766 5131; x_wconf 85' lang='grc' dir='ltr'>τῶν</span> <span class='ocrx_word' id='word_1_822' title='bbox 778 5078 869 5132; x_wconf 86' lang='grc' dir='ltr'>ἐκεῖθεν</span> <span class='ocrx_word' id='word_1_823' title='bbox 880 5076 1005 5148; x_wconf 81' lang='grc' dir='ltr'>φυγάδων.</span> <span class='ocrx_word' id='word_1_824' title='bbox 1052 5078 1119 5143; x_wconf 89' lang='grc' dir='ltr'>θείη,</span> <span class='ocrx_word' id='word_1_825' title='bbox 1134 5076 1221 5147; x_wconf 75' lang='grc' dir='ltr'>φησίν,</span> <span class='ocrx_word' id='word_1_826' title='bbox 1235 5074 1250 5141; x_wconf 77' lang='grc' dir='ltr'>ίη</span> <span class='ocrx_word' id='word_1_827' title='bbox 1265 5074 1327 5145; x_wconf 87' lang='grc' dir='ltr'>τύχη</span> <span class='ocrx_word' id='word_1_828' title='bbox 1340 5073 1494 5143; x_wconf 77' lang='grc' dir='ltr'>εύεργετῆταιι</span> <span class='ocrx_word' id='word_1_829' title='bbox 1503 5068 1566 5140; x_wconf 80' lang='grc' dir='ltr'>ήμοῑς</span> <span class='ocrx_word' id='word_1_830' title='bbox 1575 5067 1615 5119; x_wconf 82' lang='grc' dir='ltr'>διά</span> <span class='ocrx_word' id='word_1_831' title='bbox 1628 5071 1671 5119; x_wconf 82' lang='grc' dir='ltr'>τοῦ</span> <span class='ocrx_word' id='word_1_832' title='bbox 1681 5065 1776 5117; x_wconf 85' lang='grc' dir='ltr'>ἀνελεῖν</span> <span class='ocrx_word' id='word_1_833' title='bbox 1788 5064 1830 5116; x_wconf 80' lang='grc' dir='ltr'>τδν</span> 
     </span>
     <span class='ocr_line' id='line_1_60' title="bbox 233 5143 1826 5231; baseline -0.003 -19"><span class='ocrx_word' id='word_1_834' title='bbox 233 5157 389 5229; x_wconf 86' lang='grc' dir='ltr'>Ἰσοδνναμιῖ</span> <span class='ocrx_word' id='word_1_835' title='bbox 399 5160 425 5214; x_wconf 79' lang='grc' dir='ltr'>δί</span> <span class='ocrx_word' id='word_1_836' title='bbox 435 5167 471 5231; x_wconf 78' lang='grc' dir='ltr'>τῷ</span> <span class='ocrx_word' id='word_1_837' title='bbox 482 5162 536 5214; x_wconf 87' lang='grc' dir='ltr'>κατ’</span> <span class='ocrx_word' id='word_1_838' title='bbox 551 5160 636 5215; x_wconf 86' lang='grc' dir='ltr'>ούδίνα</span> <span class='ocrx_word' id='word_1_839' title='bbox 655 5160 743 5229; x_wconf 90' lang='grc' dir='ltr'>τρόπον</span> <span class='ocrx_word' id='word_1_840' title='bbox 757 5157 799 5211; x_wconf 85' lang='grc' dir='ltr'>καί</span> <span class='ocrx_word' id='word_1_841' title='bbox 812 5163 846 5229; x_wconf 81' lang='grc' dir='ltr'>τῷ</span> <span class='ocrx_word' id='word_1_842' title='bbox 859 5156 910 5209; x_wconf 80' lang='grc' dir='ltr'>οὔδ’</span> <span class='ocrx_word' id='word_1_843' title='bbox 926 5156 1002 5218; x_wconf 89' lang='grc' dir='ltr'>δλως.</span> <span class='ocrx_word' id='word_1_844' title='bbox 1051 5155 1186 5217; x_wconf 85' lang='grc' dir='ltr'>Φίλιππον,</span> <span class='ocrx_word' id='word_1_845' title='bbox 1197 5155 1319 5223; x_wconf 78' lang='grc' dir='ltr'>ἄχρηστος</span> <span class='ocrx_word' id='word_1_846' title='bbox 1333 5151 1405 5217; x_wconf 79' lang='grc' dir='ltr'>αύτῆς</span> <span class='ocrx_word' id='word_1_847' title='bbox 1415 5150 1509 5221; x_wconf 88' lang='grc' dir='ltr'>γίνεται</span> <span class='ocrx_word' id='word_1_848' title='bbox 1519 5146 1535 5214; x_wconf 76' lang='grc' dir='ltr'>ἡ</span> <span class='ocrx_word' id='word_1_849' title='bbox 1547 5146 1642 5216; x_wconf 68' lang='grc' dir='ltr'>δωρεά,</span> <span class='ocrx_word' id='word_1_850' title='bbox 1653 5145 1685 5208; x_wconf 67' lang='grc' dir='ltr'>ὥς</span> <span class='ocrx_word' id='word_1_851' title='bbox 1700 5144 1721 5198; x_wconf 73' lang='grc' dir='ltr'>ῑί</span> <span class='ocrx_word' id='word_1_852' title='bbox 1732 5143 1826 5214; x_wconf 51' lang='lat' dir='ltr'>‘MN</span> 
     </span>
     <span class='ocr_line' id='line_1_61' title="bbox 223 5226 1603 5311; baseline -0.009 -20"><span class='ocrx_word' id='word_1_853' title='bbox 223 5228 374 5306; x_wconf 77' lang='grc' dir='ltr'>Ιἰίαὶάλλην</span> <span class='ocrx_word' id='word_1_854' title='bbox 388 5240 414 5293; x_wconf 86' lang='grc' dir='ltr'>δί</span> <span class='ocrx_word' id='word_1_855' title='bbox 427 5241 496 5298; x_wconf 82' lang='grc' dir='ltr'>λύσιν</span> <span class='ocrx_word' id='word_1_856' title='bbox 511 5240 620 5311; x_wconf 84' lang='grc' dir='ltr'>ἐπήγαγε</span> <span class='ocrx_word' id='word_1_857' title='bbox 634 5244 668 5309; x_wconf 83' lang='grc' dir='ltr'>τῷ</span> <span class='ocrx_word' id='word_1_858' title='bbox 680 5237 745 5308; x_wconf 79' lang='grc' dir='ltr'>αύτῷ</span> <span class='ocrx_word' id='word_1_859' title='bbox 758 5241 923 5308; x_wconf 82' lang='grc' dir='ltr'>υεταστατικῷ</span> <span class='ocrx_word' id='word_1_860' title='bbox 940 5258 950 5284; x_wconf 87' lang='grc' dir='ltr'>ι</span> <span class='ocrx_word' id='word_1_861' title='bbox 965 5237 1008 5288; x_wconf 84' lang='grc' dir='ltr'>ἵνα</span> <span class='ocrx_word' id='word_1_862' title='bbox 1051 5236 1167 5306; x_wconf 79' lang='grc' dir='ltr'>προδόται</span> <span class='ocrx_word' id='word_1_863' title='bbox 1179 5233 1220 5286; x_wconf 80' lang='grc' dir='ltr'>καί</span> <span class='ocrx_word' id='word_1_864' title='bbox 1231 5236 1273 5299; x_wconf 76' lang='grc' dir='ltr'>τῆς</span> <span class='ocrx_word' id='word_1_865' title='bbox 1284 5232 1359 5302; x_wconf 86' lang='grc' dir='ltr'>τύχης</span> <span class='ocrx_word' id='word_1_866' title='bbox 1370 5226 1532 5300; x_wconf 85' lang='grc' dir='ltr'>γεγενήμεθα.</span> <span class='ocrx_word' id='word_1_867' title='bbox 1548 5228 1603 5280; x_wconf 69' lang='lat' dir='ltr'>An.</span> 
     </span>
    </p>
   </div>
   <div class='ocr_carea' id='block_1_3' title="bbox 0 0 2002 5967">
    <p class='ocr_par' dir='ltr' id='par_1_3' title="bbox 0 0 2002 5967">
     <span class='ocr_line' id='line_1_62' title="bbox 0 0 2002 5967; baseline 0 0"><span class='ocrx_word' id='word_1_868' title='bbox 0 0 2002 5967; x_wconf 95' lang='lat' dir='ltr'> </span> 
     </span>
    </p>
   </div>
  </div>
 </body>
</html>
