3967 5967
236 428 296 485 ,690
776 423 919 484 ΣΧΟΔΙΑ
941 425 1006 485 ΕΙΣ
1025 420 1299 487 ΔίΙθίΟΣΘΕΝΗιί

234 566 273 609 τος
287 548 328 601 καὶ
341 551 507 620 συμπαρόντος
519 556 555 623 τῷ
569 551 646 615 παιδὶ,
665 552 699 622 μή
712 552 757 605 πού
769 572 792 604 τι
809 554 843 615 ίος
856 555 908 616 νέος
919 553 1016 626 ἁμάρτῃ
1060 556 1283 627 πλημμελήματα.
1320 557 1392 612 Ἔστι
1404 558 1429 613 δέ
1441 558 1490 614 ἀπδ
1502 565 1546 613 τοῦ
1565 560 1694 624 ἐλάττονος
1710 562 1741 617 τά
1754 562 1848 635 ἐπιχει·

233 628 350 695 κατάτήν
364 629 453 701 ἀρχήν.
506 632 623 702 ίίάρεδροι
636 631 685 704 γάρ
694 632 803 686 ἐδίδοντο
817 636 870 696 τοῖς
881 634 1016 704 νεωτέροις,
1060 636 1166 706 ρήματα.
1209 635 1402 704 Ἐτεοόουτάδην
1416 638 1712 711 δέτδνάληθῶςεύγενῆ.
1749 643 1847 716 Τδγδρ

232 708 256 760 οί
270 713 311 762 νῦν
329 710 477 780 καλούμενοι
494 713 663 782 συγκάθεδροι.
716 707 815 778 Ἐπειδή
830 712 879 783 γάρ
898 713 912 765 δ
931 712 1015 784 ἀρχων
1059 714 1138 784 ὄνομα
1156 714 1203 769 ἀπδ
1218 717 1308 770 Βούτου
1322 717 1386 779 τινδς
1400 718 1503 789 ἀρχαίου
1517 721 1619 791 γέγονεν
1644 718 1786 789 Ἀθηναίου,
1801 724 1847 777 καὶ

231 790 308 851 πάσας
322 790 364 851 τὰς
379 789 508 860 δρρανικάς
524 791 566 843 καί
579 790 694 862 κληρικάς
708 789 833 857 ἐδίκαζεν,
848 791 926 846 ἐνίοτε
938 792 965 846 δέ
975 792 1016 845 διά
1059 794 1087 847 τδ
1099 793 1166 847 ίτεδν
1181 796 1209 848 εδ
1221 794 1319 862 ἀληθές.

205 866 275 933 ιτήν
289 868 387 934 ἠλικίαν
402 869 504 940 ἀπείρως
523 868 578 941 εἶχε
600 876 643 924 τοῦ
662 872 808 943 διακρίνειν,
831 871 925 926 ἐδίδοτο
947 872 1015 944 αύτῷ
1095 876 1162 943 573,
1180 892 1220 929 ιο.
1239 874 1428 947 Ἐνδειχθίντα]
1444 876 1697 948 ίίατηγορεῖταιιίιςέν
1712 882 1765 941 τοῖς
1775 883 1846 934 δικα·

230 949 347 1019 πάρεδρος
360 949 374 1001 ό
385 951 579 1020 συνδοκιμόζων.
1059 956 1127 1014 σταῖς
1142 953 1275 1023 κληρωθείς
1284 954 1328 1008 ούκ
1342 954 1410 1017 ἐξόν·
1425 955 1458 1017 ῶς
1469 955 1574 1026 όρείλων
1588 956 1636 1028 γάρ
1646 959 1763 1028 χρήματα
1773 960 1845 1012 κοινὰ

267 1032 328 1100 572,
344 1050 385 1087 ιο.
402 1033 501 1106 Ἥψατο
513 1033 641 1106 ἐξείργων]
654 1035 744 1107 Ἔπιψί
758 1054 813 1089 τινα
825 1036 880 1106 περὶ
900 1036 1015 1106 καθέδρας
1059 1028 1089 1099 ἠν
1108 1033 1202 1103 ἄτιμος.

230 1109 441 1181 ἀμφισδητοῦντα,
458 1112 538 1183 έτέρον
552 1114 789 1184 προκαταλαόόντος.
1095 1113 1161 1182 573,
1179 1130 1222 1168 αα.
1239 1111 1299 1165 Ἐἐν
1313 1112 1336 1164 δ’
1346 1114 1362 1165 ά
1373 1111 1476 1184 ποιῆμή
1493 1113 1571 1186 λέγῃ]
1589 1114 1631 1176 Ὦς
1650 1114 1794 1187 ἰσχυρότερα
1812 1119 1845 1172 τὰ

266 1194 328 1259 572,
345 1192 385 1244 15.
396 1189 426 1242 Εἰ
438 1191 638 1262 κατελάμῦανον,
652 1193 780 1263 ἀνθρωπε,
797 1194 870 1265 θέαν]
885 1193 1014 1246 Τουτέστιν
1059 1191 1119 1262 ἔργα
1129 1200 1177 1245 τῶν
1187 1192 1282 1262 λόγων,
1297 1193 1407 1263 μείζονος
1420 1192 1494 1263 όργῆς
1506 1192 1573 1254 ἀξιοῖ
1580 1198 1673 1265 τυχεῖν.
1700 1194 1789 1260 Ἁπλῶς
1800 1200 1844 1270 μὲν

230 1268 252 1322 τί
265 1272 381 1339 καθέδραν
391 1270 523 1341 ἀλλοτρίαν
541 1276 666 1342 κατεῖχον.
1057 1267 1101 1325 οῦν
1111 1272 1175 1324 ούτω
1188 1273 1287 1323 δύναται
1297 1271 1328 1323 τά
1336 1271 1397 1342 ἔργα
1411 1277 1459 1324 τῶν
1468 1272 1552 1341 λόγων
1565 1271 1842 1346 ίσχυρότεραλέγεσθαι,

266 1348 345 1402 Καίεί
361 1348 393 1420 μή
409 1352 460 1412 τοῖς
484 1352 655 1424 κηρύγμασιν]
680 1350 810 1422 Ἐκήρυτττ
832 1352 880 1422 γὰρ
900 1350 1012 1422 όάρχων
1057 1351 1163 1405 καθόλου
1180 1351 1206 1404 δέ
1220 1351 1341 1422 οῦδαμῶς.
1379 1350 1465 1402 Πολλά
1479 1351 1526 1421 γάρ
1550 1350 1612 1422 ἔργα
1626 1353 1704 1424 λόγου
1726 1355 1843 1410 έλαττοῦ·

230 1427 269 1480 διά
283 1432 327 1481 τοῦ
346 1429 448 1499 κήρυκος
464 1429 594 1501 εύκοσμίαν
615 1431 680 1502 ἔχειν
703 1431 728 1485 ἐν
751 1434 803 1493 τοῖς
818 1432 935 1502 θεάτροις.
980 1431 1014 1483 Et
1059 1449 1116 1494 ται,
1138 1426 1192 1484 οἷον
1212 1430 1281 1491 εῦθῦς
1304 1430 1328 1483 ἐν
1346 1436 1382 1502 τῷ
1401 1431 1503 1501 παρόντι
1522 1431 1659 1502 περιρρῆξαι
1682 1432 1726 1498 τήν
1751 1435 1843 1502 ἐσθῆτα

228 1508 309 1563 τοίνυν
324 1507 438 1574 ἠπείθουν
456 1515 491 1582 τῷ
504 1512 642 1582 κηρύγματι
653 1512 694 1564 καί
707 1509 844 1579 ἠτόκτουν,
858 1512 925 1582 ρησί.
964 1512 1012 1564 θίι-
1057 1509 1144 1582 πολλῷ
1165 1509 1269 1563 ἔλαττόν
1294 1510 1345 1565 ἐστι
1367 1514 1411 1564 τοῦ
1435 1511 1565 1580 παράνομα
1588 1513 1701 1581 γράρειν,
1721 1514 1761 1567 διδ
1785 1516 1842 1569 οὐδὲ

230 1592 312 1659 μεῖται
325 1588 372 1660 γάρ
388 1593 430 1643 τοῦ
445 1591 646 1662 προόαλλομένου
658 1591 699 1653 τίς
712 1593 804 1662 ρωνάς.
1059 1610 1071 1639 ι
1085 1590 1185 1660 γράρειν
1202 1612 1214 1639 υ
1230 1588 1309 1652 εἶπεν,
1326 1588 1391 1641 ἀλλά
1413 1612 1424 1638 ιι
1443 1589 1535 1659 λέγειν,
1555 1612 1567 1639 ν
1589 1591 1632 1655 ίνις
1649 1592 1726 1654 οὕτως
1740 1592 1843 1648 ἀαθεντ·

265 1669 327 1738 579,
341 1674 382 1724 τό.
398 1670 467 1731 Τίνος
484 1669 510 1723 ἐκ
523 1677 571 1723 τῶν
586 1672 669 1741 νόμων
684 1669 708 1722 εἷ
720 1671 814 1742 κύριος]
823 1669 967 1729 Τουτέστιν,
983 1667 1012 1720 ού
1056 1670 1152 1737 στίρους
1162 1667 1227 1740 δείξῃ
1241 1669 1297 1730 τοῦς
1309 1669 1399 1739 λόγους
1412 1674 1460 1721 τῶν
1475 1667 1565 1739 ἔργων.

228 1748 268 1801 σοὶ
280 1754 316 1818 τῷ
331 1750 441 1820 παρέδρῳ
453 1750 586 1802 δεδώκασιν
599 1751 623 1803 οί
633 1752 705 1822 νόμοι
717 1751 760 1803 τδν
773 1749 928 1820 ἀκοσμοῦντα
938 1747 1011 1818 ἐξείρ·
1092 1751 1156 1817 573,
1171 1750 1215 1802 23.
1234 1748 1309 1801 ίλδδέν
1325 1749 1372 1820 γάρ
1384 1748 1466 1821 ῥῆμα]
1483 1748 1517 1800 (λδ
1532 1749 1579 1819 γάρ
1598 1754 1715 1804 τοσοῦτον
1730 1750 1842 1821 ὀνόματα

227 1848 293 1898 γειν,
310 1827 376 1880 ἀλλά
390 1829 444 1882 ούδέ
459 1827 525 1900 αὐτῷ
542 1830 688 1903 τῷάρχοντι
701 1834 775 1884 τοῦτο
787 1828 877 1891 ἔξεστιν
887 1827 1012 1898 αύτοχειρλ
1055 1826 1096 1878 καὶ
1109 1826 1205 1897 ῥήματα
1217 1827 1331 1890 δύναται,
1346 1829 1403 1880 ὅσον
1417 1825 1442 1879 ίν
1456 1828 1595 1897 πράγμασιν
1611 1827 1691 1880 ἀδικία
1706 1828 1818 1884 Μειδίου.

226 1910 323 1972 ποιεῖν,
337 1907 393 1960 ἀλλ’
411 1908 544 1962 ἐπιτάττειν
558 1912 610 1972 τοῖς
625 1909 762 1980 ίιπηρέταις.
782 1908 911 1975 Ζητήσειεν
922 1902 965 1960 οῦν
979 1908 1010 1960 ἀν
1091 1908 1156 1974 57ή,
1171 1911 1198 1970 ἠ.
1219 1906 1243 1958 Ἃ
1258 1908 1339 1959 τοίνυν
1353 1905 1450 1968 οδδενδς
1461 1911 1509 1959 τῶν
1533 1905 1684 1978 εἰρημένων]
1704 1906 1839 1962 Είσέῦαλεν

226 2006 261 2048 τις
275 1992 324 2048 πῶς
334 1985 467 2058 ἠγανάκτει
478 1987 492 2039 ό
506 1988 646 2057 ἀνθρωπος;
657 1988 720 2040 διότι
733 1991 745 2016 *
759 1986 808 2040 ύπδ
821 1992 871 2040 τῶν
884 1986 1009 2057 ῦπηρετῶν
1054 1982 1162 2041 ἐντεῦθεν
1177 1985 1210 2048 είς
1220 1984 1264 2051 τήν
1279 1990 1323 2039 τοῦ
1337 1984 1405 2041 ίλέου
1415 1984 1530 2051 ἐκθολήν,
1543 1987 1584 2038 καὶ
1597 1987 1714 2056 κέχρηται
1726 1990 1842 2061 προδιορ-

226 2066 342 2135 ἐξεόλήθη
356 2071 547 2140 καταμαθόντων
562 2067 661 2121 ίκείνων
671 2069 710 2122 δτι
721 2066 776 2122 οδδέ
790 2067 878 2122 ἀδικεῖ.
1054 2067 1142 2130 θώσει,
1156 2068 1346 2137 προσεχέστερον
1359 2067 1401 2119 τδν
1417 2065 1538 2135 ἀκροατήν
1558 2070 1658 2131 ποιῆσαι
1670 2067 1837 2139 βουλόμενος,

262 2145 323 2215 57σ,
340 2162 381 2214 17.
399 2146 444 2199 Καὶ
456 2146 471 2197 δ
484 2146 569 2215 ἅρχων
588 2145 674 2215 αύτδς]
696 2144 769 2198 Ἀλλά
787 2144 866 2216 πατήρ
884 2144 924 2210 εἲ,
938 2146 1007 2215 ρησί,
1053 2144 1134 2209 ἐπειδή
1145 2147 1185 2199 καί
1203 2142 1363 2216 ίσχυρότατον
1375 2147 1445 2216 μέρος
1453 2141 1483 2213 ἠν
1500 2152 1549 2199 τῶν
1560 2145 1681 2217 ἐπιλόγων
1692 2144 1707 2212 ἠ
1717 2152 1760 2200 τοῦ
1769 2146 1840 2201 ἐλέου

226 2228 270 2277 τοῦ
282 2224 411 2293 ἀρχοντος.
452 2224 509 2276 ίλδδ
525 2221 616 2287 οὗτοςό
629 2225 713 2295 ἀρχων
724 2225 821 2279 τύπτειν
835 2226 928 2295 κύριος,
942 2223 1009 2277 ἀλλά
1052 2223 1153 2290 ἐκόολή.
1192 2224 1279 2287 Ὀυτος
1295 2225 1321 2278 δὲ
1335 2225 1424 2279 διπλοῦ
1441 2228 1486 2278 τοῦ
1503 2223 1588 2289 έλέου,
1611 2224 1700 2291 διπλῆν
1714 2228 1783 2281 ποιεῖ
1797 2228 1840 2279 καί

224 2305 382 2374 προστάττειν
394 2306 445 2365 τοῖς
453 2304 595 2374 ύπηρίταις,
609 2304 719 2374 ἐπισχεῖν
731 2305 761 2358 τὰ
772 2308 897 2376 γινόμενα.
1052 2301 1097 2368 τήν
1111 2302 1226 2372 ἐαῦολήν.
1265 2305 1313 2357 Τδν
1329 2305 1372 2375 μὲν
1390 2305 1438 2377 γὰρ
1451 2305 1550 2375 ἔχουσιν
1563 2303 1659 2357 οἴκοθεν
1673 2305 1697 2358 οἱ
1710 2306 1836 2370 δικασταὶ,

261 2384 322 2451 57α,
342 2386 383 2435 ιθ.
413 2382 471 2434 Οὐδ’
491 2383 557 2435 ούτω
573 2385 687 2455 πείθομαι
705 2384 822 2450 ἐπιόολήν
847 2384 1008 2454 ἐπιῦάλλειν]
1051 2385 1106 2435 καθ’
1117 2386 1145 2436 δν
1162 2386 1299 2455 περῦκαρεν
1314 2385 1397 2447 άπλῶς
1414 2386 1521 2446 ἅπαντας
1534 2386 1589 2446 τοῦς
1607 2385 1785 2454 δυστυχοῦντας
1797 2385 1838 2439 οἰ·

228 2459 291 2513 Ἀλλ’
304 2461 471 2532 ύπομνήσαντι
484 2467 521 2532 τῷ
543 2461 648 2535 θπηρέτη
667 2463 710 2516 οῦκ
732 2464 845 2529 ἐπείσθην
865 2462 1008 2534 ἐξείργονται
1051 2464 1215 2534 κτείρειν,κᾶν
1222 2464 1297 2535 μηδέν
1306 2465 1394 2519 ἐκεῖνοι
1402 2464 1733 2536 πρδςήμσῖςοίκτίσωνταικαί
1743 2464 1838 2519 ἐλεεινά

228 2538 321 2610 Ἐχρῆν
333 2559 360 2593 σε
372 2541 406 2603 όυς
422 2538 454 2610 μή
469 2543 605 2613 πειθομένῳ
618 2543 708 2612 ζημίαν
721 2543 852 2598 ἐπειθτῖναι
865 2544 905 2595 καί
917 2542 1005 2613 θρίσαι.
1051 2561 1105 2595 τινα
1124 2542 1288 2614 φθέγξωνται·
1305 2545 1346 2598 τδν
1360 2544 1386 2598 δὲ
1398 2544 1465 2597 αὐτοὶ
1479 2549 1585 2597 κινοῦσιν
1605 2544 1628 2596 οἱ
1644 2546 1838 2615 δυστυχοῦντες,

260 2622 321 2688 572,
334 2622 379 2673 23.
394 2619 459 2672 Ἀλλ’
474 2619 615 2689 ἐτελεύτησε
629 2622 764 2694 πρότερον]
780 2621 909 2693 Προύλαόε
924 2626 956 2694 τῇ
967 2642 1007 2677 τε·
1050 2621 1213 2692 οἶκτιζόμενοι
1228 2624 1270 2676 καὶ
1281 2624 1424 2693 δακρύοντες
1437 2624 1479 2676 καὶ
1491 2624 1573 2677 τᾶλλα
1583 2627 1723 2688 ποιοῦντες,
1737 2626 1785 2676 ὅσα
1799 2645 1838 2678 κι·

223 2698 297 2771 λευτῆ
313 2699 342 2752 τδ
355 2700 520 2769 δικαστήριον.
1051 2702 1102 2752 νεῖν
1115 2700 1200 2755 εἴωθεν
1216 2700 1296 2766 ἔλεον,
1309 2704 1353 2754 κύω
1366 2702 1438 2773 ἠμεῖς
1447 2704 1503 2773 παρ’
1517 2703 1607 2757 έαντῶν
1626 2701 1659 2773 μή
1676 2702 1837 2774 βουληθῶμεν

259 2782 319 2849 572,
336 2784 380 2844 νή.
407 2779 505 2852 Ἓτίρου
525 2781 620 2852 τοίνυν]
638 2777 680 2842 Ὦς
702 2780 760 2851 πρδς
782 2780 836 2841 τοῦς
852 2781 1007 2845 δικασθέντας
1051 2777 1075 2840 ἐξ
1088 2778 1165 2850 ἀρχῆς
1178 2781 1236 2851 πρδς
1250 2780 1336 2843 αὐτούς
1345 2781 1530 2849 ἐπικλασθῆναι.
1569 2784 1668 2855 Πρῶτον
1682 2779 1781 2853 μὲνοῦν
1800 2784 1840 2838 ἐκ·

221 2858 250 2911 τδ
268 2881 278 2906 ι
297 2859 379 2929 ἕτερον
397 2882 408 2907 ι
426 2857 510 2928 εἴληφε
521 2863 562 2913 νῦν
573 2900 579 2923 ,
591 2858 672 2926 ἐπειδὴ
687 2859 741 2929 περί
760 2862 803 2911 τοῦ
820 2857 873 2921 ἓνδς
894 2857 962 2913 εἶπεν
974 2859 1007 2920 ὡς
1050 2856 1137 2910 ῦάλλει
1148 2859 1191 2912 τδν
1203 2866 1251 2912 τῶν
1265 2862 1384 2915 δικαστῶν
1397 2861 1477 2927 ἔλεον,
1491 2864 1520 2916 δν
1535 2862 1562 2918 ἐκ
1571 2863 1663 2935 ρύσεως
1678 2863 1762 2934 έχουσι
1778 2865 1838 2935 πρὸς

221 2939 402 3008 προαπέθανεν,
417 2938 439 2991 εί
456 2939 497 2991 καί
515 2938 545 2992 τά
560 2939 723 3011 μάλιστακαὶ
738 2938 838 2993 ἐπὶτῶν
853 2944 925 3010 τριῶν
942 2939 1006 3010 εῦρί-
1050 2935 1080 2988 τά
1100 2935 1194 2991 ἐλεεινὰ
1213 2944 1261 2991 τῶν
1275 2942 1436 3010 πραγμάτων.

219 3033 303 3070 ,σκεται
316 3016 344 3069 τδ
359 3017 451 3086 ἕτερον.
1090 3018 1159 3085 574,
1176 3036 1201 3086 7.
1220 3018 1316 3083 Ἔστιν,
1333 3016 1450 3091 ώάνδρες
1469 3020 1608 3092 Ἀθηναῖοι]
1623 3021 1782 3093 Συνδραμὼν,
1797 3024 1838 3077 ὅτι

258 3098 319 3166 57ο,
335 3115 378 3167 27.
394 3096 556 3152 ἰίπεκτείνατε
578 3099 682 3168 τοῦτον]
698 3098 777 3151 Τοῦτό
791 3096 842 3150 ἐστι
855 3097 883 3151 τδ
904 3097 1004 3171 ίσχυρό.
1049 3094 1218 3167 φιλάνθρωπος
1239 3098 1253 3150 δ
1276 3101 1353 3169 δῆμος
1370 3106 1418 3153 τῶν
1443 3100 1585 3167 Ἀθηναίων,
1612 3101 1725 3172 βούλεται
1748 3106 1833 3157 πεῖσαι

220 3194 294 3229 τατον
306 3177 473 3247 παράδειγμα,
488 3178 526 3229 διδ
538 3178 580 3231 καί
591 3179 693 3231 τέθειται
706 3177 857 3231 τελευταῖον.
897 3179 1005 3252 Καίγάρ
1051 3176 1165 3247 μόνῳτῷ
1183 3176 1271 3247 Μειδίᾳ
1283 3176 1317 3248 μή
1330 3179 1476 3248 μεταδοῦναι
1489 3179 1731 3250 ριλανθρωπίας,κα“ι
1745 3183 1835 3252 κέχρη·

220 3257 274 3327 περί
288 3256 318 3310 τά
329 3257 442 3310 Διονύσια
451 3259 548 3329 γέγονε,
562 3258 604 3311 καί
613 3260 710 3329 θανάτῳ
723 3258 878 3311 κεκόλασται.
1049 3273 1088 3306 ται
1102 3256 1154 3317 τοῖς
1172 3256 1303 3327 λογισμοῖς
1316 3259 1399 3328 ῶσπερ
1412 3255 1452 3311 ἐπί
1473 3262 1515 3324 τῆς
1530 3256 1633 3324 ἐκόολῆς
1644 3262 1687 3312 τοῦ
1706 3257 1776 3311 ἐλέου
1790 3264 1837 3313 τοῦ

255 3336 313 3390 Ὅτι
325 3342 410 3399 σκῦτος
421 3337 505 3408 ἔχων]
519 3339 549 3391 Οί
559 3338 722 3408 πομπεύοντες
730 3344 766 3409 τῷ
774 3338 882 3410 Διονύσῳ
890 3339 953 3393 κατὰ
964 3343 1004 3411 μί·
1048 3333 1110 3387 κατὰ
1125 3335 1167 3387 ῖθν
1179 3335 1318 3406 Στράτωνα-

221 3437 293 3487 μησιν
310 3421 353 3483 τῆς
362 3417 416 3487 περί
427 3417 499 3471 αιἰτδν
515 3418 639 3487 θεραπείας
658 3417 808 3488 ἐπόμπευον,
823 3418 847 3469 οἱ
858 3418 900 3490 μέν
913 3419 942 3472 τδ
955 3427 1004 3474 τῶν
1085 3413 1150 3481 574,
1173 3432 1213 3469 ¹1·
1236 3414 1305 3479 Ἐγὼ
1327 3416 1439 3488 ννμίίω]
1454 3415 1519 3484 θ”ίῖη
1534 3414 1600 3470 ἐσῑίν
1619 3414 1689 3483 ἧῐῆς
1703 3416 1763 3483 ὅλης
1776 3417 1837 3472 νἰπο-

218 3496 332 3565 Σατύρων
345 3500 432 3566 σχῆμα
446 3499 578 3560 σώζοντες,
588 3497 612 3549 οἱ
626 3497 652 3551 δὲ
666 3498 695 3550 τδ
709 3503 756 3550 τῶν
773 3497 893 3567 Βάκχων,
904 3498 928 3550 οἱ
941 3499 967 3553 δέ
975 3501 1005 3553 τδ
1049 3493 1135 3555 θύσεως
1145 3491 1234 3559 ίκὸνδί]
1247 3499 1290 3547 tofi
1301 3494 1378 3550 ἐδέου.

218 3582 266 3629 τῶν
280 3576 403 3642 Σειληνῶν
420 3575 553 3645 ἐμιμοῦντο
1085 3572 1150 3640 574,
1169 3578 1212 3637 τό.
1223 3573 1294 3627 Ἔστι
1307 3577 1401 3646 μέτριος
1409 3574 1450 3627 καί
1461 3575 1631 3645 φιλάνθρωπός
1640 3577 1693 3643 τις]
1709 3575 1755 3627 Ιίαί
1767 3574 1836 3639 εἶδος

255 3656 316 3724 573,
329 3656 355 3710 3.
375 3651 495 3708 Ἁπάντων
518 3655 616 3718 τοίνυν,
629 3651 650 3707 ὦ
662 3655 746 3724 ἀνδρες
756 3651 890 3727 Ἀθηναῖοι]
901 3656 946 3707 Διά
960 3657 1003 3709 τίιν
1049 3650 1146 3719 έθηκεν,
1158 3651 1223 3718 οἷον,
1240 3653 1289 3724 ἐγώ
1301 3675 1336 3716 τις
1348 3655 1432 3708 ούτοσί
1446 3657 1540 3726 μέτριός
1551 3654 1611 3725 εἶμι.

218 3732 361 3803 Εύανδρον,
379 3734 406 3795 δς
418 3732 507 3800 ἀπέστη
523 3737 565 3800 τῆς
579 3733 660 3799 δίκης,
675 3734 717 3786 καὶ
738 3737 815 3786 ταῦτα
829 3735 941 3801 νικήσας,
963 3737 1004 3788 διὰ
1026 3700 1031 3796 Ι
1084 3732 1151 3801 574,
1167 3733 1211 3787 23.
1229 3732 1295 3786 Οἶδα
1306 3735 1388 3786 τοίνυν
1404 3736 1441 3786 δτι
1455 3734 1484 3787 τά
1498 3734 1581 3786 παιδία
1593 3733 1677 3805 ἔχων]
1691 3733 1770 3785 Τοῦτό
1781 3732 1834 3786 ἔστι

217 3813 247 3867 τδ
260 3812 425 3882 ἡμαρτηκέναι
439 3812 463 3865 έν
477 3818 508 3884 τῇ
520 3813 601 3884 έορτῆ.
641 3814 675 3867 Το
691 3814 763 3884 μέσον
777 3813 803 3866 δὲ
817 3814 947 3883 ἐσιώπησε,
959 3816 1003 3869 τὸν
1048 3810 1077 3863 τί)
1087 3812 1169 3881 ἕτερον
1179 3814 1248 3883 μέρος
1259 3816 1301 3878 τῆς
1314 3817 1356 3865 τοῦ
1366 3812 1434 3866 ἐλέου
1448 3810 1560 3878 ἐκῦολῆς,
1575 3813 1633 3881 όπερ
1646 3809 1711 3864 ἐστὶν
1722 3812 1770 3864 ἀπὸ
1782 3819 1832 3865 τῶν

216 3892 394 3962 παρεδρεύοντα
408 3898 442 3963 τῷ
454 3892 571 3962 ἄρχοντι,
587 3892 649 3945 διότι
670 3891 840 3963 ἀσθενέστερον
860 3889 891 3961 ἠν
906 3894 934 3947 rb
947 3898 1002 3948 κατ’
1049 3892 1206 3961 κρινομένων.
1246 3891 1319 3944 λύτοὶ
1331 3895 1378 3963 γάρ
1391 3891 1451 3944 εἶσιν
1462 3891 1486 3944 οἱ
1501 3894 1677 3962 μηχανώμενοι
1698 3892 1741 3944 τδν
1757 3891 1830 3944 ἔλεον

217 3971 300 4024 αθτόν·
315 3970 370 4024 οῦδὲ
385 3971 434 4042 γὰρ
451 3971 524 4042 ἔσχεν
543 3970 619 4025 εἰπεῖν
638 3973 755 4043 τιμωρίαν
776 3972 829 4026 κατ’
843 3971 916 4026 αὐτοῦ
927 3994 1002 4044 γεγο-
1047 3968 1130 4032 αύτοῖς
1144 3973 1184 4023 διά
1196 3991 1221 4024 τε
1232 3972 1342 4041 δακρύων
1357 3973 1398 4025 καί
1409 3972 1492 4042 λόγων
1508 3971 1619 4024 ἐλεεινῶν
1633 3972 1726 4023 καὶτοῦ
1736 3971 1766 4024 τά
1779 3992 1834 4025 παι-

218 4053 287 4104 νυῖαν
303 4050 429 4121 οὐδεμίαν.
1047 4052 1087 4103 δία
1097 4055 1224 4124 παράγειν.
1266 4051 1295 4106 Ὁ
1310 4054 1391 4107 τοίνυν
1405 4054 1485 4124 ῥήτωρ
1497 4054 1553 4105 καθ’
1563 4053 1666 4105 ἕκαστον
1678 4059 1725 4104 τῶν
1737 4053 1832 4104 κινούν-

253 4132 313 4201 573,
327 4137 353 4183 δ’.
367 4129 428 4183 Ούτε
442 4129 491 4200 γάρ
505 4130 652 4202 πομπεύων]
669 4128 711 4183 Ἐν
725 4126 747 4202 ᾧ
761 4131 803 4184 καὶ
818 4134 954 4203 συγγνώμη
966 4151 1002 4194 τις
1046 4150 1095 4182 των
1118 4130 1187 4183 ἔλεον
1206 4133 1287 4201 ἔτερόν
1308 4151 1330 4184 τι
1349 4131 1421 4193 αύτδς
1440 4129 1587 4197 ἀντιτίθησιν
1607 4131 1636 4182 τδ
1650 4128 1772 4183 έκόάλλον
1787 4131 1830 4182 τδν

216 4206 246 4277 ῆν
259 4210 299 4261 διὰ
314 4209 342 4262 τδ
360 4209 423 4272 ἔθος,
435 4209 473 4262 δτι
484 4208 526 4262 καί
539 4213 623 4270 σκῦτος
636 4209 702 4279 έχων
715 4208 857 4281 ἐπόμπευεν.
1047 4208 1128 4274 ἐλεον,
1142 4211 1184 4262 καί
1194 4210 1238 4275 τήν
1251 4212 1412 4278 ταπεινότητα
1423 4215 1466 4264 τοῦ
1482 4210 1610 4282 σχήματος
1620 4209 1663 4263 τδν
1677 4209 1831 4279 παρελθόντα

252 4290 314 4358 573,
331 4308 357 4357 7.
372 4287 434 4341 (λύτε
448 4289 517 4356 δίκην
538 4288 648 4360 ᾑρηκὼς]
671 4289 732 4343 θύτε
752 4290 850 4357 νικήσας
863 4291 942 4358 δίκην·
960 4291 1003 4344 καλ
1047 4290 1098 4359 βίον
1114 4294 1156 4341 τοῦ
1170 4290 1270 4342 θίειδίου
1283 4289 1372 4361 πολλῷ
1382 4290 1519 4360 δεινότερον
1532 4294 1574 4356 τῆς
1586 4289 1706 4359 παρούσης
1716 4289 1726 4360 [
1735 4288 1833 4358 ύποκρι·

216 4369 281 4423 οθτω
293 4368 341 4439 γάρ
357 4365 410 4435 εἶχε
424 4371 590 4440 συγγνώμην,
604 4368 704 4423 ἔκδοτον
719 4370 803 4422 λαόὼν
815 4371 857 4423 καὶ
869 4370 1001 4424 ύπεύθυνον
1046 4389 1106 4431 σεως
1116 4369 1277 4441 ]ἀντέθηκεν,
1287 4372 1350 4423 ὥστε
1362 4369 1402 4422 διά
1412 4367 1456 4435 τήν
1469 4370 1607 4440 θρασύτητα
1619 4371 1721 4441 μισῆσαι
1731 4368 1828 4437 μᾶλλον

214 4449 286 4520 ήήρῳ
297 4449 427 4501 δικαστῶν.
1045 4450 1113 4516 ἠδιὰ
1129 4447 1174 4515 τήν
1193 4454 1317 4520 παροῦσαν
1334 4451 1497 4516 ταπεινότητα
1518 4451 1691 4518 κατοικτεῖραι.
1728 4449 1786 4510 Τοῖς
1804 4447 1830 4502 δὲ

250 4526 313 4580 θύτε
327 4527 492 4598 παρεδρεύων]
508 4528 613 4597 ώσπερό
630 4528 708 4599 πατήρ
719 4528 780 4581 ”ml
793 4528 879 4582 τούτου
891 4528 939 4600 γάρ
958 4532 1001 4600 μέ-
1046 4531 1149 4591 παιδίοις
1168 4534 1212 4583 τοῦ
1235 4530 1337 4582 Μειδίου
1355 4530 1439 4584 παιδία
1456 4529 1499 4600 μέν
1523 4528 1567 4582 ούκ
1588 4527 1657 4599 εἶχεν
1679 4527 1828 4594 ἀντιθεῖναι,

216 4626 306 4679 μνηται
320 4610 362 4659 νῦν
377 4605 401 4659 ἐν
417 4609 447 4677 τῇ
456 4611 589 4678 συναγωγῇ
603 4606 643 4659 διὰ
655 4605 698 4672 τήν
712 4610 825 4678 γνώμην.
1044 4611 1126 4680 ῶσπερ
1145 4609 1176 4663 τά
1192 4613 1235 4662 τοῦ
1249 4610 1403 4679 Στράτωνος,
1424 4610 1480 4672 τοῦς
1492 4610 1581 4678 νόμους
1594 4608 1621 4661 δέ
1639 4607 1680 4661 καὶ
1692 4607 1735 4660 τδν
1755 4609 1829 4679 όρκον

252 4687 313 4755 573,
325 4704 352 4755 9.
371 4684 445 4737 ’λλλά
460 4686 570 4756 Πύρρον,
583 4684 604 4740 ὦ
619 4687 704 4758 ἀνδρες
721 4687 859 4757 Ἀθηναῖοι]
880 4692 957 4741 ταῦτα
970 4688 1001 4741 τά
1045 4687 1177 4756 ἀντέθηκε,
1189 4689 1231 4741 καί
1243 4690 1271 4742 τδ
1283 4687 1308 4751 ἐξ
1319 4688 1461 4759 ἀμροτίρων
1473 4689 1556 4760 κέρδος
1568 4687 1693 4752 ἐξήτασεν.

187 4807 191 4813 .
214 4767 399 4838 παραδείγματα
411 4768 462 4827 τοῖς
476 4766 519 4836 μὲν
536 4768 674 4837 πράγμασιν
692 4767 735 4819 οδκ
753 4767 818 4820 ἔστιν
839 4769 913 4837 ὃμοια
926 4768 935 4837 (
946 4768 1000 4821 οῦτε
1081 4770 1146 4838 574,
1163 4770 1206 4822 25.
1224 4768 1270 4821 Καὶ
1289 4770 1322 4831 ώς
1340 4768 1506 4822 ἐλεεινότατον
1524 4773 1600 4821 ποιῶν
1619 4765 1724 4835 έαυτδν]
1743 4765 1778 4817 To
1796 4765 1830 4826 ῶς

214 4845 262 4916 γὰρ
274 4846 329 4916 περί
341 4844 372 4898 τά
387 4846 500 4898 Διονύσια
516 4844 572 4899 ούτε
593 4847 649 4916 περί
668 4845 713 4911 τήν
728 4844 814 4916 ἑορτὴν
836 4843 954 4914 ἠδίκησαν
976 4848 1000 4900 οί
1048 4852 1132 4920 μόριον
1145 4851 1223 4915 δηλοῖ
1230 4849 1271 4901 καὶ
1282 4848 1310 4901 εδ
1326 4850 1387 4902 πάνυ
1399 4849 1452 4901 κατ’
1463 4848 1581 4911 ἐπίτασιν,
1596 4845 1654 4908 ἴσως
1669 4844 1695 4898 δέ
1706 4849 1748 4896 νῦν
1760 4843 1788 4897 τδ
1802 4842 1828 4898 ἐν

213 4924 400 4997 κολασθέντες),
412 4924 478 4977 ἀλλά
487 4927 530 4991 τῆς
535 4925 660 4988 κολάσεως
668 4926 750 4979 εἵνεκα
761 4927 836 4996 μόνης
844 4926 997 4997 παρελήφθη,
1045 4928 1156 4998 σχήματι
1167 4928 1209 4980 καὶ
1222 4927 1343 4998 ύποκρίσει
1354 4927 1438 4995 δηλοῖ.

214 5004 254 5056 ότι
266 5004 307 5056 καί
320 5003 395 5056 ἀλλοι
406 5002 467 5066 τινές
481 5003 521 5058 ἐπὶ
533 5004 621 5077 πολλῷ
640 5005 788 5075 μικροτέροις
808 5002 939 5073 ἀδικήμασι
956 5024 1000 5074 με·
1082 5009 1149 5076 574,
1166 5010 1210 5061 αθ.
1232 5006 1291 5060 Ὅτι
1312 5008 1429 5078 μηδαμῶς
1449 5004 1558 5072 δυνηθείς
1573 5003 1684 5065 ταπεινδς
1698 5003 1829 5074 γενέσθαι]

214 5083 293 5152 γάλας
304 5082 392 5135 ἔδοσαν
412 5084 487 5144 δίκας.
530 5082 575 5137 Ἐν
590 5086 642 5145 τοῖς
657 5083 770 5153 ἀνωτέρω
787 5082 813 5136 δέ
827 5081 997 5154 μνημονεύσας
1047 5084 1114 5136 Κατὰ
1128 5083 1273 5156 περιτροπήν
1291 5087 1319 5139 τδ
1333 5083 1463 5156 υχῆμα,ό
1485 5082 1511 5136 δέ
1529 5085 1593 5143 νοῦς·
1610 5080 1632 5134 εί
1650 5081 1692 5152 μὲν
1713 5081 1829 5147 τοιαύτην

215 5169 264 5217 τῶν
287 5163 341 5235 περὶ
354 5161 398 5229 τήν
414 5162 498 5234 ἑορτὴν
516 5162 668 5231 ἠδικηκότων
687 5164 729 5218 καὶ
750 5163 934 5226 κολασθέντων,
957 5169 1000 5216 νῦν
1046 5165 1171 5235 ἀδυστύχει
1184 5167 1264 5237 ρύσιν,
1279 5168 1342 5220 ὥστε
1355 5165 1412 5236 μηδ’
1427 5164 1491 5225 όλως
1508 5164 1661 5232 κάμπτεσθαι
1680 5160 1741 5232 μηδὲ
1754 5161 1828 5212 δύνιι-

216 5242 249 5306 είς
263 5246 335 5316 μέσον
354 5244 408 5315 ἀγει
428 5244 469 5297 καί
486 5262 552 5306 τινας
563 5246 650 5307 δόντας
662 5244 706 5315 μὲν
719 5246 801 5307 δίκας,
819 5241 855 5297 ἐπ’
871 5243 956 5305 ἀλλοις
975 5243 1001 5298 δὲ
1047 5245 1103 5296 σθαι
1122 5245 1293 5299 ταπεινοῦσθαι
1307 5244 1347 5297 καί
1363 5243 1462 5307 ἐπιεικὲς
1482 5242 1635 5312 ἐπιδέχεσθαι
1651 5244 1754 5311 σχῆμα,
1770 5240 1830 5309 τάχ’
