3967 5967
227 477 285 528 m
770 471 914 532 ΣΧΟΛΙἈ
936 473 1001 535 ΕΙΣ
1021 474 1294 537 ΔΗΜΟΣΘΠΜΜΝ.

259 598 314 651 Τῶν
331 596 483 671 Ἑλλήνων]
497 599 652 672 Μνημονεύει
665 600 758 655 τούτων
770 601 918 670 θονκυδίδης
935 602 1004 677 ἰντῇ
1087 607 1131 672 36,
1146 610 1174 666 ά.
1193 606 1391 679 Ἀπολωλότων]
1407 607 1432 661 ἰν
1443 608 1578 677 Λεύκτροις.
1595 609 1670 661 w).

226 674 326 749 δευτέρᾳ
337 679 441 750 ίστοφίφ.
457 680 508 732 BP.
1089 684 1212 757 Ἀσχόλων
1225 688 1322 758 όντων]
1332 687 1373 740 διδι
1382 688 1425 740 τδν
1441 688 1558 742 Φωκικόν
1567 687 1678 758 πόλεμον
1698 689 1794 744 BTCP.

261 758 305 823 35,
317 777 344 828 7.
359 756 496 829 ’Υπήκουε]
513 758 561 812 1ίαί
574 760 657 830 μέντοι
665 759 707 813 καί
714 761 802 830 φόρους
813 759 915 832 ήνεγκεν
925 759 1008 824 αύτοῖς
1087 766 1131 831 36,
1146 769 1172 821 8.
1192 763 1383 836 Ἀπεστερήμεθα
1394 769 1476 837 χώρας
1493 764 1598 838 οἰκείας]
1615 770 1659 834 τῆς
1672 764 1834 839 Ἀμφιπόλεως

225 833 372 906 Περδίκκας,
393 835 409 888 ό
431 835 536 909 ἀδελφδς
555 836 696 903 Φιλίππου,
720 839 785 901 θεῖος
810 837 939 910 Ἀμύντου,
962 845 1007 893 τοῖν
1049 845 1132 917 λέγει·
1147 840 1530 916 αύτῶνγάρκτήμαήν.ΤίῖΡ.

225 914 315 984 πατρδς
333 915 474 982 Φιλίππου,
497 918 532 979 ῶς
547 935 607 987 φησι
627 918 758 988 θιόδωρος·
784 916 940 990 Ἀλεξάνδρου
957 919 1006 992 γάρ
1086 926 1131 991 36,
1146 944 1173 994 9.
1191 924 1421 995 λνηλώκαμιν]εἰς
1436 923 1512 991 αὐτὴν
1527 923 1680 997 Ἀμφίπολιν.
1697 928 1776 981 m).

224 996 268 1045 τοῖν
287 992 457 1061 Φιλίλληνος,
479 999 524 1049 τοῦ
543 998 678 1068 γενομένου
697 996 736 1051 έπί
753 1002 802 1051 τῶν
816 999 944 1066 Μηδικῶν,
962 1001 1006 1053 δύο
1085 1008 1129 1073 36,
1149 1024 1188 1061 ιο,
1208 1007 1257 1069 Οδς
1270 1007 1292 1058 δ’
1311 1004 1337 1059 έν
1350 1012 1386 1079 τῷ
1398 1005 1517 1077 πολέμῳ]
1527 1005 1580 1076 Πρδ
1594 1009 1639 1058 τοῦ
1656 1005 1782 1060 Φιλίππιον
1792 1006 1833 1059 τι·

222 1074 324 1140 παῖδες,
340 1074 472 1146 Περδίκκας
486 1075 528 1128 καί
544 1075 678 1139 Φίλιππος.
709 1076 881 1148 Ἐπολέμησαν
895 1074 1007 1150 ούνπφδς
1051 1082 1773 1159 μόθεοςήνἰξιυτνγχάνωνίντήθρᾴκηκαίέκεῖίκτήαατο
1781 1107 1834 1159 χω·

223 1151 296 1207 αύτδν
311 1154 336 1207 οί
353 1152 487 1222 Ἀθηναῖοι.
501 1157 553 1210 BP.
568 1155 599 1209 01
610 1156 653 1228 μέν
665 1156 800 1227 Περδίκκαν
815 1154 881 1212 εἰναί
896 1177 954 1231 φασι
962 1159 1005 1213 τδν
1051 1166 1100 1237 ρέα,
1114 1166 1174 1237 άπερ
1188 1169 1231 1218 νῦν
1244 1163 1330 1236 εῖληφε
1340 1165 1473 1230 Φίλιππος,
1486 1165 1581 1218 Πύδναν
1594 1166 1636 1217 καί
1648 1166 1780 1219 Ποτίδαιαν
1791 1168 1833 1220 καί

223 1229 355 1304 ίνεγκόντα
371 1235 427 1296 τυίις
439 1237 526 1306 φόρους
547 1233 697 1302 Ἀθηναίοις,
713 1237 737 1291 οἰ
760 1237 787 1291 δέ
804 1237 930 1294 Φίλιππόν
950 1258 1006 1293 τινα
1049 1243 1187 1307 τάςάλλας.
1204 1244 1279 1316 Ἄγειν
1287 1244 1335 1316 γὰρ
1349 1243 1615 1315 εύτυχήςόΤιμόθεος,
1630 1247 1694 1298 ὥστε
1710 1247 1833 1317 προσιέναι

222 1316 271 1364 τῶν
286 1311 412 1367 Φιλίππου
424 1317 563 1385 προγόνων.
574 1316 679 1371 TcFv.
1049 1323 1092 1386 τάς
1102 1323 1184 1387 πόλεις
1196 1324 1262 1397 αύτῷ
1274 1325 1316 1377 καί
1329 1326 1385 1387 τούς
1395 1325 1538 1395 ζωγράφους
1557 1326 1713 1395 κοιμώμενον
1732 1327 1832 1396 γράφειν

255 1390 352 1459 Ταίῖδί
365 1389 409 1457 Τόν
420 1394 523 1465 χώραν]
536 1392 581 1460 ‘BP
592 1394 757 1448 Μακῑδῡίίαί·
768 1396 800 1449 Β.
1049 1403 1123 1457 αύτδν
1137 1405 1178 1457 καί
1186 1404 1267 1475 Τύχας
1275 1404 1341 1476 αύτῷ
1354 1404 1396 1468 τάς
1405 1404 1488 1466 πόλεις
1496 1404 1684 1474 προσφερούσας.
1698 1408 1731 1458 Α.

259 1470 309 1534 35,
331 1474 357 1526 8.
382 1471 516 1544 Βασιλεύς]
539 1473 674 1545 Περδίκκας
692 1475 706 1528 ό
724 1473 802 1546 πατήρ
824 1474 939 1547 Ἀμύνων
962 1482 1005 1529 τοῦ
1086 1473 1154 1527 ίίατίι
1167 1474 1210 1528 τδν
1224 1475 1380 1546 συμμαχικόν
1395 1474 1505 1545 πόλεμον
1523 1473 1660 1541 ἀπέστησαν
1681 1474 1760 1529 αύτῶν
1774 1476 1831 1528 ἰίῖοι

222 1549 311 1620 πατρδς
320 1550 455 1605 Φιλίππου.
474 1554 552 1607 TCP.
1049 1553 1092 1606 καί
1103 1552 1196 1607 Ῥόδιοι
1208 1555 1250 1608 καί
1264 1555 1391 1616 Βυζάντιοι
1405 1555 1447 1608 καί
1462 1554 1541 1624 έτεροί
1554 1572 1625 1616 τινες.
1664 1553 1834 1625 ίίυλεμοῦντες

257 1627 305 1692 35,
322 1646 363 1684 ιο.
379 1630 460 1683 Μόνοι
472 1629 498 1684 δέ
516 1630 667 1704 ἀνθρώπων]
682 1632 740 1686 Ὅτι
755 1633 779 1686 οί
794 1632 837 1704 μέν
854 1635 906 1696 τοῖς
919 1633 1006 1698 άλλοι,
1049 1628 1093 1685 ούν
1109 1633 1263 1704 πρδςαύτοδς
1280 1634 1336 1696 τούς
1349 1633 1393 1705 μίν
1406 1632 1588 1698 ἀνεκτήσαντο,
1605 1633 1662 1695 τοδς
1675 1633 1701 1687 δέ
1712 1633 1757 1687 ούκ
1773 1633 1831 1700 ἠδυ-

219 1708 363 1777 φθονούντες
373 1710 528 1781 καθαιροῦσιν
538 1710 617 1766 αύτῶν
629 1711 673 1779 τήν
682 1712 753 1775 δόξαν
765 1710 805 1764 διά
817 1716 860 1766 τού
869 1712 1003 1784 λοιδορεῖν,
1050 1716 1169 1784 νήθησαν,
1181 1716 1237 1770 εἶτα
1246 1716 1344 1787 εἰρήνην
1354 1716 1500 1782 ἐποιήσαντο
1506 1719 1570 1768 ῶατε
1581 1717 1672 1778 πάντας
1683 1717 1833 1789 αὐτονόμους

219 1784 264 1853 τήν
278 1786 304 1841 δέ
319 1787 416 1842 ἰκείνων
431 1788 628 1854 εύκλειανούδείς
639 1790 753 1865 ἀφανίσαι
766 1792 903 1859 δεδύνηται.
916 1794 999 1849 w.
1051 1795 1121 1849 ἐᾶσαι
1134 1797 1190 1859 τούς
1210 1798 1365 1869 συμμάχους.
1401 1796 1481 1849 Τοῦτο
1503 1790 1546 1848 ούν
1559 1815 1647 1866 φησιν,
1671 1797 1710 1849 ότι
1730 1796 1833 1860 καλούς

258 1867 308 1932 35,
330 1884 372 1922 11.
395 1868 520 1943 Ιίρείττω]
538 1870 580 1923 διά
599 1872 628 1925 τδ
648 1871 802 1944 ύπερύάλλον
819 1877 865 1926 τῶν
879 1871 1001 1944 πράξεων·
1050 1876 1260 1948 προσηγαγόμεθα
1276 1881 1312 1947 τῷ
1324 1875 1442 1946 πολέμῳ,
1457 1874 1498 1927 καί
1513 1875 1612 1936 τούτους
1622 1874 1663 1927 διδ
1674 1874 1719 1941 τήν
1734 1876 1831 1948 εἰρήνην

219 1945 243 1999 οἰ
262 1946 311 2017 γὰρ
326 1949 471 2019 φθονοῦντες
488 1950 504 2016 ἢ
524 1952 576 2013 τοῖς
597 1951 657 2013 ίσοις
672 1953 803 2021 φθονοῦσιν
822 1952 839 2019 ἢ
859 1954 911 2015 τοῖς
927 1959 1006 2026 μικρῷ
1049 1953 1252 2026 ἀπολωλέκαμεν.
1289 1955 1340 2007 Τού
1360 1954 1386 2007 δέ
1402 1954 1516 2022 τοιαύτην
1539 1956 1652 2025 γενέσθαι
1669 1953 1714 2019 τήν
1733 1956 1830 2026 εἰρήνην

220 2025 341 2096 μείζοσιν,
357 2026 385 2081 ού
398 2026 446 2099 μήν
458 2033 511 2092 τοῖς
522 2031 585 2084 πάνυ
599 2030 802 2102 ύπιρόάλλουσιν.
814 2032 867 2085 BP.
1048 2031 1125 2096 αἰτιος
1136 2033 1261 2096 Εύόουλος
1272 2033 1337 2086 ούτω
1347 2033 1445 2085 διοικῶν
1457 2032 1488 2086 τίι
1501 2033 1642 2103 πράγματα.
1657 2034 1760 2089 TCFV.

256 2106 301 2171 35,
319 2111 361 2171 τά.
380 2105 522 2179 Ὁποῖοιήδ
540 2107 607 2175 ἰστι,
621 2116 673 2173 πῶς
691 2112 806 2166 διέκειντο
824 2117 910 2173 κοινῶς
925 2113 1005 2166 πάντα
1082 2112 1245 2184 Συρμάχους]
1261 2112 1395 2174 Πυδναίους
1405 2111 1483 2183 λέγει.
1493 2114 1546 2165 CP.

220 2186 365 2255 πράττοντες
383 2187 415 2252 εἰς
433 2188 465 2241 τίι
484 2189 592 2260 δημόσια
603 2188 693 2245 αύτῶν.
730 2190 849 2245 Εἰτακσί
864 2189 1002 2262 έχρήσατο,
1084 2192 1127 2256 36,
1148 2209 1190 2246 τυ,
1209 2192 1376 2262 Τηλικοῦτον]
1390 2190 1506 2258 Φοόήσας
1526 2190 1612 2255 αύτούς
1627 2191 1667 2244 διίι
1687 2195 1732 2245 τού
1754 2191 1830 2247 εἰπεῖν

219 2269 269 2325 πῶς
287 2265 388 2328 ίκαστος
403 2265 452 2338 ἰδία
467 2266 542 2320 έόίου.
557 2270 609 2323 BP.
1047 2268 1192 2337 τηλικοῦτον
1206 2269 1280 2325 πάλιν
1295 2269 1380 2341 ἐπάγει
1394 2267 1439 2335 τήν
1450 2270 1577 2339 θεραπείαν
1592 2270 1632 2324 διδ
1644 2274 1687 2324 τοῦ
1700 2270 1776 2325 εἰπεῖν
1791 2274 1830 2326 ότι

256 2342 300 2408 35,
324 2361 365 2412 17.
380 2343 565 2419 Ἀναθημάτων]
579 2349 663 2402 Ταύτα
673 2349 752 2403 πάντα
766 2347 883 2416 έποίησαν
895 2349 936 2402 καί
948 2348 1002 2403 άνά-
1047 2348 1119 2420 ήμεῖς
1134 2348 1208 2402 αύτδν
1227 2348 1380 2420 ἠσκήσαμεν.
1418 2348 1449 2401 Εἰ
1473 2349 1498 2402 δέ
1518 2347 1588 2402 αύτοί
1610 2349 1683 2404 αότδν
1699 2349 1828 2420 ήσκησαν,

220 2422 292 2475 θεσαν
306 2420 355 2476 ἀπδ
369 2429 418 2477 τῶν
430 2424 544 2497 λαφύρων
553 2433 601 2480 τῶν
612 2427 747 2499 Περσικῶν,
760 2430 802 2482 τδν
816 2430 899 2503 δίφρον
911 2429 953 2483 τδν
964 2428 1004 2501 ἀρ-
1047 2428 1135 2481 ούκοῦν
1150 2429 1192 2482 καὶ
1203 2429 1317 2482 καθελεῖν
1329 2431 1484 2497 δυνήσονται.
1499 2430 1551 2484 ΒΡ.

220 2502 344 2570 γυρόποδα
361 2507 404 2555 τοῦ
419 2504 524 2575 Ξέρξου,
539 2505 581 2558 καί
592 2505 635 2559 τδν
652 2505 768 2573 ἀκινάκην
784 2506 827 2559 τδν
843 2506 984 2578 Μαρδονίου
992 2548 1001 2573 ,
1084 2505 1120 2559 Ἢ
1131 2508 1246 2579 φρασάτω
1258 2510 1309 2575 τις]
1320 2507 1355 2559 Τδ
1368 2510 1455 2577 σχῆμα
1468 2506 1608 2577 πρόκλησις.
1620 2507 1651 2559 C.

221 2579 263 2631 καὶ
277 2579 308 2633 τὰ
321 2581 458 2652 προπύλαια
472 2587 515 2650 τῆς
526 2584 681 2656 ἀκροπόλεως
696 2587 885 2653 κατεσκεύασαν,
900 2589 942 2641 καλ
957 2587 1002 2655 τήν
1084 2585 1127 2638 36.
1145 2589 1187 2649 ιή.
1207 2583 1272 2637 Ἀλλ’
1285 2582 1379 2657 ὧτᾶν]
1399 2582 1575 2654 Ἀνθυποφυράν
1585 2584 1637 2637 λύει
1650 2584 1691 2637 διδ
1702 2585 1731 2638 τδ
1741 2587 1771 2639 τά
1785 2607 1829 2641 πυ-

220 2657 319 2729 χαλκῆν
337 2659 438 2728 Ἀθηνᾶν
455 2664 498 2716 καί
507 2662 551 2730 τὴν
565 2663 591 2720 ἔκ
609 2668 702 2738 χρυσοῖν
711 2664 899 2736 καίέλέφαντος.
913 2670 965 2722 BP.
1046 2663 1181 2734 λιτεύμστα
1192 2664 1318 2717 Εύόούλυυ
1329 2663 1447 2726 δῑῑίῑὲίᾱῑ·
1460 2664 1563 2719 TCFV·

253 2736 331 2793 Ὥστε
346 2742 434 2812 μηδενὶ
445 2747 494 2796 τῶν
509 2742 718 2816 έπιγιγνομένων]
729 2744 765 2798 05
780 2745 836 2817 περί
847 2751 895 2800 τῶν
910 2745 1004 2801 οἰκοδο
1081 2743 1179 2814 Ταῦτα]
1192 2743 1223 2796 τὰ
1236 2743 1304 2805 έκῐίκ
1317 2746 1361 2810 τῆς
1373 2742 1477 2805 &Mc-
1493 2744 1544 2795 ΒΡ·

219 2822 339 2894 μιγμάτων
355 2818 436 2891 λέγει,
450 2819 517 2874 ἀλλά
530 2828 579 2876 τῶν
594 2821 771 2894 ἀναθημάτων·
787 2825 829 2877 καί
846 2828 894 2897 γὰρ
909 2826 1002 2881 τούτων
1084 2819 1128 2884 36,
1142 2825 1183 2874 16.
1196 2819 1424 2891 Ἐπάλξεις]Ταύτα
1435 2818 1465 2888 ήν
1477 2820 1507 2874 τά
1517 2820 1643 2873 Εύόούλου
1652 2821 1827 2893 πολιτεύματα,

219 2898 280 2953 εἰσίν
296 2897 353 2961 ἴσως
371 2898 516 2971 ύπερόολαί·
537 2901 595 2954 ἀλλ’
612 2901 677 2965 αύξει
695 2902 725 2956 τά
742 2902 889 2975 ἀναθήματα
901 2904 941 2957 διά
960 2905 1004 2969 τάς
1046 2897 1075 2951 τὸ
1089 2900 1670 2971 mtfiw²315lssffi⁵24150101ps⁶10⁰ssTCV-

218 2978 315 3049 πράξεις
328 2975 396 3041 θξιύν
410 2978 568 3047 ἀνετέθησαν.
588 2980 618 3035 ‘0
627 2981 676 3054 γάφ
685 2982 773 3054 Ξέρξου
786 2984 867 3055 δίφρος
880 2984 1005 3041 καίόάκι-
1084 2978 1127 3044 3θι
1147 2982 1189 3034 ¹⁸·
1207 2979 1315 3053 Ᾰθρῡῦί]
1330 2979 1361 3033 θλ
1377 2982 1420 3051 νόν
1444 2999 1502 3051 φασί
1519 2979 1576 3041 zob.
1595 2980 1711 3050 Ἅρθυίῠές
1729 2979 1825 3051 ἰίΥῑῑθν

218 3058 293 3125 νάκης
306 3058 461 3130 Μαρδονίου,
481 3060 495 3112 ό
507 3059 550 3132 μέν
564 3059 591 3115 έκ
601 3061 758 3133 Σαλαμῖνος,
773 3061 822 3117 όδέ
836 3062 863 3117 ἐκ
872 3063 1003 3117 Πλαταιῶν
1046 3056 1111 3128 παρά
1123 3057 1213 3111 τδλίαν
1225 3058 1289 3130 ῥεῖν·
1302 3059 1327 3113 οί
1337 3059 1363 3112 δέ
1377 3060 1407 3112 τά
1420 3059 1498 3130 λήρου
1510 3058 1563 3121 άξια
1573 3059 1721 3131 πράγματα·
1736 3060 1827 3114 έκεῖθεν

218 3136 376 3205 ἀνετέθησαν.
413 3137 513 3192 Τούτων
527 3139 553 3194 δέ
567 3146 616 3194 τῶν
631 3141 827 3214 κατορθωμάτων
842 3141 923 3205 ούδείς
941 3142 1004 3206 ἰξεῖι·
1046 3136 1095 3208 γὰρ
1108 3137 1177 3192 καὶὸ
1194 3137 1362 3210 Ἀριστοφάνης
1378 3139 1443 3211 παρὰ
1460 3139 1488 3192 τὸ
1501 3139 1587 3210 lupis*
1602 3138 1701 3206 ἕπθίδῦῑ
1714 3137 1759 3206 τί*
1772 3140 1828 3192 ῦῦί·

218 3237 259 3288 ρτν
271 3216 420 3287 ύπεφόολήν.
432 3219 514 3274 TCV.
1047 3216 1128 3279 θεσιν,
1142 3217 1220 3271 θέλων
1241 3218 1296 3273 τινά
1319 3218 1414 3290 ύόρίσαι
1422 3258 1430 3284 ,
1445 3216 1470 3270 έν
1493 3224 1529 3290 τῷ
1548 3219 1843 3290 κρουνοχυτρολήραιον..

253 3296 298 3361 35,
307 3312 350 3349 ατ.
362 3295 448 3350 Οἰκίαν
458 3295 541 3370 εἴτις]
557 3297 653 3361 'maza
665 3297 694 3352 τδ
705 3296 797 3361 εύτελές
806 3303 855 3353 τῶν
868 3298 951 3352 οἰκιῶν
962 3300 1004 3352 καί
1045 3296 1127 3352 TCV.
1143 3295 1178 3350 'fl
1192 3297 1282 3368 λήρους
1292 3299 1360 3370 λέγει
1369 3299 1425 3360 τούς
1440 3298 1555 3370 κρουνούς
1567 3296 1616 3352 ἀπδ
1630 3303 1674 3351 τοῦ
1687 3299 1743 3351 λίαν
1759 3298 1826 3370 ῥεῖν,

218 3375 247 3428 τδ
263 3373 367 3446 ἀφανές,
387 3375 464 3438 ούτως
484 3374 569 3440 είτυύιν,
592 3374 617 3429 εἰ
633 3395 669 3440 τις
689 3374 768 3443 οἶδεν,
787 3377 821 3440 ῶς
843 3375 877 3450 μή
899 3377 1004 3441 πολλοῖς
1045 3379 1127 3448 ῶσπερ
1140 3378 1181 3430 καί
1199 3376 1372 3449 Ἀριστοφάνης
1386 3376 1454 3448 (Bq.
1477 3376 1527 3449 89)
1543 3376 1826 3449 κρουνοχυτρολήραιον,

218 3455 406 3527 γνωριζομένων
421 3455 462 3508 διά
471 3456 500 3510 τδ
509 3459 633 3513 ταπεινόν.
644 3459 710 3511 TBF
711 3460 741 3513 P.
1047 3457 1063 3523 ή
1077 3455 1167 3528 λήρους
1179 3458 1315 3522 καθολικῶς
1332 3456 1418 3523 εύτελῆ
1432 3457 1487 3510 τινά
1499 3455 1526 3509 ἐκ
1544 3460 1587 3510 τοῦ
1601 3456 1679 3528 λήρου
1692 3461 1737 3509 τοῦ
1750 3457 1827 3529 φλυά·

253 3535 298 3599 35,
313 3540 358 3589 26.
374 3533 461 3603 Ἴσως]
474 3534 566 3604 ἰπίσης.
582 3539 612 3594 P.
1046 3554 1090 3606 ρου
1104 3537 1147 3589 καί
1158 3541 1280 3608 περιττοῦ.
1299 3538 1349 3593 Rs.
1365 3537 1448 3590 Ταῦτα
1461 3536 1487 3589 δέ
1507 3533 1636 3607 ἐπειδήπερ
1650 3535 1773 3600 Πύόουλος
1785 3557 1827 3591 πε-

253 3613 298 3677 35,
309 3630 354 3684 29·
363 3613 482 3687 Πῶςύμῖν
491 3614 538 3669 ίιπδ
546 3621 594 3669 τῶν
602 3618 729 3689 χρηστῶν]
738 3616 893 3689 Εἰοωυείατδ
904 3623 1001 3690 σχῆμα,
1047 3614 1147 3682 ποίηκτ,
1160 3615 1248 3669 τούτου
1258 3617 1331 3687 χάριν
1345 3614 1460 3684 διασύρει.
1475 3624 1508 3668 Α.

217 3694 267 3760 Τῆς
275 3692 302 3746 δέ
313 3692 460 3763 εἰρωνείαςί]
472 3694 516 3767 μέν
529 3693 597 3758 εύθίις
605 3694 758 3768 ἐπαγόμενον
770 3696 824 3768 έχει
839 3697 882 3751 τδν
895 3696 1003 3771 έλεγχον
1083 3693 1127 3759 36,
1145 3712 1187 3764 19.
1202 3694 1252 3747 τίλν
1273 3694 1298 3748 οί
1319 3694 1361 3766 μέν
1379 3693 1407 3747 έιι
1418 3694 1543 3764 πτωχῶν]
1557 3691 1695 3747 Αἰνίττεται
1708 3692 1764 3756 τούς
1775 3693 1829 3763 περὶ

218 3772 261 3826 διά
274 3777 318 3828 τοῖι
335 3772 429 3845 λόγου,
448 3776 512 3829 ὥστε
526 3775 663 3829 δείκνυσθαι
681 3777 720 3829 ότι
734 3776 844 3848 εἰρωνεία
855 3776 931 3843 ίστίν,
944 3781 1003 3852 ὅπερ
1047 3772 1090 3827 τδν
1103 3773 1238 3844 Δημάδην,
1250 3773 1392 3839 Εόόουλον,
1407 3773 1545 3844 Φρύνωνα,
1563 3772 1739 3843 Φιλοκράτην,
1753 3772 1832 3825 καὶεί

175 3848 180 3857 ’
218 3851 271 3905 ίστι
285 3855 327 3903 νῦν
345 3851 411 3922 παρὰ
426 3852 707 3924 τῷύημοσθένει·ήδέ
725 3854 766 3907 διά
780 3859 829 3908 τῶν
840 3858 1002 3928 πραγμάτων,
1047 3871 1109 3914 τινες
1120 3852 1208 3924 ἕτεροι.
1218 3854 1322 3907 TCFV.

217 3930 276 4000 ὅπερ
286 3928 338 3985 έστι
347 3929 412 4000 παρὰ
423 3935 460 3995 τῷ
469 3930 595 3987 Πλάτωνι.
607 3929 818 4004 Ε’ῳωνευσάμενος
826 3932 875 4005 γάρ
885 3936 924 3988 δτι
934 3934 1003 3989 οὐδέν
1083 3933 1127 3997 36,
1140 3948 1185 3987 κο.
1196 3931 1227 3986 Οί
1237 3932 1260 3985 δ’
1274 3932 1299 3995 ἐξ
1310 3930 1418 4001 ἀδόξων]
1429 3931 1463 3985 Οί
1474 3931 1528 4003 περί
1536 3931 1662 4003 ύημάδην·
1679 3930 1729 3993 υίδς
1741 3929 1789 4002 γάρ
1798 3926 1828 3998 ήν

217 4007 276 4064 οἰδα
286 4008 327 4062 καί
338 4009 403 4080 παρά
416 4012 460 4063 σοῖν
470 4011 556 4081 δέομαι
567 4011 665 4081 μαθεῖν,
684 4009 769 4082 ἐπάγει
779 4012 831 4083 μετ’
844 4011 873 4065 ού
884 4013 948 4068 πολύ
958 4016 1002 4069 τδν
1046 4011 1144 4064 ναύτου.
1154 4013 1231 4066 TCP.

217 4085 258 4140 διά
269 4092 317 4141 τῶν
330 4089 480 4161 πραγμάτων
491 4087 612 4160 ἔλεγχον·
629 4089 661 4144 δι’
675 4083 705 4146 ού
719 4091 839 4145 δείκνυσιν
847 4093 885 4146 ότι
892 4092 916 4155 έξ
925 4092 1003 4165 ἀρχῆς
1081 4091 1126 4155 36,
1146 4107 1190 4145 21.
1209 4091 1263 4144 Τῶν
1278 4091 1403 4163 δημοσίων
1425 4088 1696 4162 οἰκοδομημάτων]ού
1716 4094 1765 4142 τῶν
1782 4090 1829 4144 ύπδ

218 4164 328 4237 εἰρωνεία
340 4162 381 4234 ήν.
397 4168 465 4223 TCF
468 4169 500 4221 V.
1046 4169 1189 4240 Περικλέους
1207 4189 1233 4223 τε
1247 4168 1366 4223 κάκείνων
1382 4176 1431 4223 τῶν
1445 4169 1539 4240 ἀνδρῶν
1552 4170 1709 4240 γεγονότων,
1721 4168 1779 4221 ἀλλ’
1792 4166 1829 4223 ὧν

256 4242 320 4300 Ὕπδ
334 4251 383 4299 τῶν
399 4249 535 4319 χρηστῶν]
551 4244 731 4321 Ἐμπερίόολον
746 4246 776 4301 εδ
794 4248 886 4319 χωρίον
903 4249 944 4301 διδ
958 4250 1002 4304 τδν
1046 4244 1114 4302 ούτοι
1127 4253 1158 4321 τῇ
1173 4249 1246 4303 πόλει
1259 4249 1438 4302 κατεσκεύασαν
1452 4254 1548 4319 κρηνῶν
1563 4248 1605 4300 καί
1623 4247 1720 4318 λήρων.
1757 4248 1830 4311 Ἴσως

220 4323 388 4396 πλαγιασμόν.
408 4327 439 4379 Β.
1045 4328 1072 4383 δέ
1084 4334 1133 4383 τῶν
1146 4328 1311 4401 ἀναθημάτων
1324 4328 1402 4399 λέγει.
1444 4327 1487 4380 Ἐν
1499 4328 1526 4381 δέ
1538 4333 1574 4399 τῷ
1587 4328 1668 4399 λέγειν
1680 4332 1754 4381 τοῦτο
1768 4348 1829 4398 παρ-

254 4404 298 4469 36,
316 4420 344 4459 α.
359 4403 426 4459 Ἀλλ’
439 4405 499 4472 δσης
507 4405 610 4471 ἀπαντες
624 4405 714 4478 όράτε]
728 4403 892 4468 Ἀντεξετάζει
902 4403 946 4471 τήν
960 4426 1003 4460 πο·
1045 4408 1123 4471 οξύνει
1142 4407 1229 4471 αύτούς
1241 4408 1303 4461 κατὰ
1318 4414 1367 4462 τῶν
1381 4407 1506 4478 ρητόρων·
1527 4408 1596 4479 φύσει
1607 4406 1656 4478 γὰρ
1669 4407 1786 4479 φθονερδν
1800 4408 1829 4461 εδ

217 4483 311 4536 λιτείαν
322 4481 430 4555 τήνπερ]
441 4484 485 4538 τδν
498 4483 624 4538 Εύόουλον
634 4484 725 4557 ὁμοίως
737 4483 786 4539 ἀπδ
795 4489 844 4538 τῶν
858 4490 941 4555 τριῶν,
952 4490 1002 4539 τῶν
1045 4492 1094 4539 τῶν
1112 4485 1247 4556 ἀνθρώπων
1262 4488 1341 4558 γένος.
1354 4487 1457 4540 TCFV.

218 4580 244 4616 τε
264 4559 418 4629 Ἑλληνικῶν
428 4563 528 4616 καὶτῶν
541 4562 607 4619 ἰδίων
623 4564 665 4617 καί
679 4569 728 4619 τῶν
739 4563 881 4619 πολιτικῶν.
896 4565 1000 4618 TCFV.
1082 4567 1126 4631 36,
1139 4567 1183 4621 α3.
1195 4565 1225 4618 Τί
1237 4563 1269 4631 δή
1288 4566 1318 4619 τδ
1335 4566 1434 4620 πάντων
1453 4562 1550 4635 αἴτιον]
1562 4562 1643 4625 θίτίας
1653 4563 1782 4634 παράθεσις
1797 4564 1828 4615 δι’

254 4645 304 4707 36,
330 4643 355 4696 3.
380 4644 580 4714 Λακεδαιμονίων
603 4643 646 4716 μέν
675 4643 862 4716 ἀπολωλότων]
884 4645 1003 4708 Φοιόίδας
1046 4641 1074 4698 ού
1087 4647 1245 4716 προτρέπεται
1257 4647 1336 4699 ποιεῖν
1351 4643 1439 4705 αύτούς
1457 4642 1488 4697 τίι
1501 4644 1602 4696 δέοντα·
1617 4641 1658 4695 διέι
1668 4642 1717 4714 γάρ
1732 4647 1776 4696 τού
1787 4643 1827 4697 λέ·

218 4722 355 4794 στρατηγδς
367 4723 566 4794 Λακεδαιμονίων
577 4726 681 4794 κατέσχε
692 4721 737 4789 τήν
748 4724 885 4795 Καδμείαν·
899 4724 1001 4787 έξέωσαν
1045 4745 1097 4796 γειν
1111 4726 1149 4777 ότι
1160 4723 1200 4775 διὰ
1212 4729 1255 4777 τοῖν
1268 4723 1353 4786 ἐξιέναι
1370 4722 1492 4794 ηύτύχυυν
1504 4720 1538 4784 εἰς
1545 4721 1623 4788 ζῆλον
1635 4720 1722 4782 αύτούς
1734 4721 1829 4775 τούτων

218 4800 244 4854 δέ
257 4801 331 4855 αἰντδν
346 4801 370 4854 οἱ
386 4801 504 4868 θηόαῖοι·
522 4802 536 4855 ό
553 4802 580 4859 δέ
592 4803 716 4874 παρώξυνε
733 4804 789 4865 τούς
800 4806 1003 4876 Λακεδαιμονίους
1045 4804 1196 4870 καθίστησιν.
1209 4805 1291 4858 TCV.

219 4879 391 4950 στρατεύεσθαι
406 4879 445 4934 έπί
458 4880 591 4947 Θηόαίους·
604 4881 764 4953 ἐστράτευσαν
774 4882 815 4937 καί
825 4882 913 4954 ήγεῖτυ
922 4883 1002 4937 αύτῶν
1081 4883 1125 4952 37,
1138 4899 1164 4939 α.
1184 4879 1270 4954 Ὑμεῖς
1282 4884 1320 4954 δ’]
1337 4879 1501 4953 Ἐμφαντικδυ
1515 4879 1544 4933 τδ
1555 4879 1639 4951 ύμεῖς,
1651 4880 1721 4941 ῶςάν
1735 4878 1757 4934 εἰ
1772 4879 1823 4934 έλε·

220 4959 405 5031 ἰίλεόμόροτος,
421 4954 455 5021 είς
467 4964 516 5014 τῶν
531 4960 662 5032 βασιλέων,
673 4961 789 5029 Θηόαίων
802 4962 829 5018 δέ
846 4961 1002 5034 Ἐπαμινών-
1045 4979 1102 5033 χεν·
1115 4961 1139 5015 οἱ
1150 4961 1296 5033 αύτόχθονες
1304 4961 1423 5033 ύμεῖςκαδ
1431 4960 1508 5013 πάλαι
1518 4963 1561 5027 τῆς
1574 4957 1697 5020 Ἑλλάδος
1708 4959 1822 5031 ήγεμόνε·

218 5039 272 5100 δας.
310 5039 363 5091 Καὶ
376 5037 472 5101 ἐγένετο
485 5041 555 5111 μάχη
572 5040 598 5095 έν
614 5041 741 5111 Λεύκτροις
757 5039 796 5094 έπί
811 5040 926 5112 Κηφισῷ’
948 5036 1001 5113 ένῇ
1046 5045 1088 5095 νύν
1099 5041 1185 5113 δοῦλοι
1197 5049 1246 5095 τῶν
1258 5041 1368 5112 ρητόρων
1383 5041 1527 5112 γεγένησθε.
1565 5039 1600 5091 Tb
1613 5038 1819 5109 δέέκνενευρισμέ

219 5117 307 5174 ἔπεσον
327 5118 407 5188 ’χίλιοι
425 5119 581 5190 Σπαρτιατῶν
600 5119 642 5174 καί
660 5120 829 5192 ίίλεόμόροτος
846 5119 888 5173 καὶ
907 5126 956 5173 τῶν
974 5119 1002 5174 έκ
1045 5139 1083 5171 νοι
1097 5125 1145 5173 τῶν
1167 5121 1257 5189 νεύρων
1279 5120 1442 5193 ἀφῃρημένοι·
1465 5122 1537 5188 νεῦρα
1558 5118 1586 5171 δὲ
1604 5119 1645 5172 κεί
1664 5119 1767 5189 δύναμιν
1786 5122 1828 5185 τῆς

219 5198 363 5269 περιοικίδος
380 5197 456 5259 πολδς
466 5197 575 5270 ἀριθμός.
616 5197 762 5265 Ἀπίστησαν
781 5198 896 5252 σύτῶνοί
910 5201 1003 5273 τύμμα·
1045 5201 1140 5265 πόλεως
1150 5202 1225 5255 καλεῖ
1235 5203 1291 5266 τούς
1302 5204 1456 5274 συμμάχους.
1497 5199 1596 5265 Ἐπειδὴ
1608 5199 1823 5272 τραχεῖαὴμετα

220 5296 263 5351 χοι
276 5276 317 5330 καί
332 5274 527 5346 ἐταπεινώθησαν
539 5278 615 5332 καλοί
630 5279 825 5350 Λακεδαιμόνιοι.
845 5280 902 5334 AB.
1045 5279 1124 5352 φορδ,
1146 5278 1255 5352 ἐπήγαγε
1278 5281 1306 5333 τδ
1327 5281 1506 5354 περιῃρημένοι.
1549 5276 1605 5333 Ἀπδ
1633 5282 1768 5351 μεταφορᾶς
1787 5290 1827 5332 καί
