3967 5967
729 426 809 487 xxl.
834 426 935 487 ΚΑΤΑ
957 426 1127 487 Mamor.
1670 436 1729 489 669

130 555 156 610 αί
167 553 285 621 αύξήσεις.
323 553 449 624 Τεκτάμου
463 554 489 608 δέ
507 555 585 608 ὄντων
600 561 647 609 τῶν
660 557 741 610 τόπων
753 561 797 611 τοῦ
808 559 866 628 πρός
874 577 906 624 τι,
953 557 1030 628 χθέν,
1043 558 1085 611 καί
1096 557 1180 627 ἐπάγει
1190 556 1233 609 τδν
1246 555 1294 610 άπδ
1308 562 1351 610 τοῦ
1363 556 1505 623 ἐλάττονος,
1520 556 1547 612 ἐκ
1562 577 1587 611 τε
1598 563 1646 612 τῶν
1660 557 1734 621 ξένων

130 635 179 690 όπδ
195 639 238 689 τοῦ
253 634 363 704 μείζονος
376 634 418 686 καλ
431 638 474 687 τοῦ
489 634 619 698 ἐλάττονος
632 637 729 689 καὶτοῦ
745 637 855 691 ἐναντίου
868 638 910 690 καί
956 635 998 688 καί
1017 642 1066 688 τῶν
1088 634 1182 706 ἀτίμων
1203 634 1276 688 αθτδν
1304 634 1474 707 ἐργαζόμενος.
1511 635 1591 690 Ὅπου
1613 636 1660 707 γάρ
1678 635 1734 688 οὔτε

130 717 175 766 τοῦ
193 711 263 775 ίσου,
279 713 331 774 τοῖς
350 714 409 765 πᾶσι
427 713 559 782 κέχρηται,
573 714 615 766 καί
626 719 721 785 πρῶτόν
736 734 765 785 γε
781 714 853 781 ίθηκε
867 715 909 769 τδν
954 713 1020 776 ξένον
1033 714 1088 767 ούτε
1108 715 1196 785 άτιμον
1217 713 1308 776 ἔξεστιν
1328 714 1432 785 θύρῖζειν
1453 715 1478 767 ἐν
1490 718 1521 786 τῇ
1540 715 1623 787 ἑορτῇ,
1634 721 1684 776 πῶς
1706 713 1734 765 οθ

131 791 181 846 ἀπδ
194 798 238 845 τοῦ
251 791 370 861 μείζονος.
955 792 1043 865 πολλῷ
1054 793 1128 847 πλίον
1137 793 1260 863 φείδεσθαι
1270 792 1386 863 προσήκει
1395 799 1443 846 τῶν
1456 793 1571 864 ἐπιτίμων
1582 793 1623 846 καί
1637 792 1733 857 άστῶνς

166 870 196 923 Et
210 870 253 941 μέν
277 870 377 940 τοίνυν]
404 868 533 923 Ἐντεῦθεν
557 868 679 925 είσίόαλεν
700 871 733 934 είς
751 872 781 925 τδ
799 874 858 943 πρός
869 891 909 939 τι,
954 871 1050 925 Τίθεικε
1059 870 1199 925 δέτδκατά
1207 870 1263 932 τούς
1274 870 1352 933 ξένους
1359 872 1523 942 παράδειγμα,
1534 873 1593 942 ὅπερ
1604 870 1669 925 ἐστίν
1680 870 1736 924 ἀντί

132 949 282 1020 βουλόμενος
291 948 394 1015 αθξῆσαι
407 948 436 1002 τδ
454 947 586 1019 ἔγκλημα,
602 949 643 1003 καί
663 952 765 1021 γίγονεν
779 950 911 1014 ἀκόλουθος
955 950 1067 1017 νομικοῦ.
1104 948 1152 1000 Δύο
1167 948 1216 1019 γάρ
1243 946 1289 999 είσι
1302 948 1390 1018 νόμοι,
1407 948 1463 1019 περί
1480 949 1672 1019 οθςστρίφετσιι,
1700 947 1734 1019 μή

130 1026 284 1098 ήείσαγωγή
307 1030 352 1081 τοῦ
365 1027 506 1098 κεφαλαίου.
544 1027 638 1095 Ηόξησε
655 1029 682 1082 δέ
695 1029 724 1082 τδ
736 1030 866 1100 κεφάλαιον
883 1028 910 1084 ἐκ
955 1024 1044 1088 ἐξεῖναι
1058 1026 1124 1088 ξίνον
1137 1025 1313 1098 ἀγωνίζεσθαι,
1326 1027 1368 1078 καί
1382 1027 1462 1097 ἔτερος
1473 1029 1562 1098 νόμος,
1583 1029 1613 1080 ἀν
1626 1028 1735 1098 χορηγδς

130 1113 180 1161 τῶν
191 1108 315 1178 τεσσάρων
327 1107 408 1161 τόπων
418 1110 460 1161 τοῦ
469 1107 528 1177 πρός
539 1125 576 1171 τι,
591 1111 634 1159 τοῦ
646 1108 772 1178 μείζονος,
785 1113 828 1162 τοῦ
841 1107 911 1162 ἐλάτ-
954 1101 1138 1175 ἀγωνιζόμενον
1152 1105 1194 1157 τδν
1213 1105 1278 1166 ξένον
1292 1104 1383 1175 καλέσῃ
1397 1105 1455 1174 πρδς
1470 1106 1581 1175 ἀρχοντα
1593 1105 1632 1158 ἐπὶ
1643 1111 1678 1176 τῷ
1692 1107 1734 1157 δο-

130 1202 214 1249 τονος,
242 1189 286 1237 τοῦ
299 1183 424 1249 ἐναντίου,
448 1185 489 1237 καί
506 1189 550 1238 τοῦ
567 1184 632 1240 ίσου.
647 1186 701 1240 ΒΥ.
720 1185 750 1239 Δ’
769 1189 843 1251 τόπος
866 1192 910 1245 τοῦ
954 1185 1092 1254 κιμάσαντα
1104 1183 1125 1236 εί
1135 1183 1199 1245 ξίνος
1210 1182 1275 1237 ἐστίν
1289 1182 1418 1247 ἐκόαλεῖν,
1436 1185 1530 1237 διδόναι
1545 1184 1733 1255 [πεντήκοντα]

129 1268 189 1335 πρός
199 1283 222 1318 τι
235 1263 284 1318 ἀπδ
294 1269 338 1319 τοῦ
348 1265 468 1336 μείζονος.
479 1265 648 1319 RSYTCDG.
954 1262 1080 1334 δραχμάς,
1092 1261 1134 1315 ἐάν
1148 1262 1175 1315 δέ
1188 1262 1291 1335 κελεύσῃ
1307 1262 1379 1315 αύτδν
1393 1261 1531 1317 ἀπελθόντα
1547 1262 1579 1325 είς
1599 1265 1628 1316 τό
1642 1262 1735 1330 πλῆθος

168 1344 230 1406 530,
250 1360 295 1396 01.
310 1339 361 1395 Νῦν
375 1343 401 1396 δέ
415 1361 457 1413 μοι
466 1342 554 1411 δοκεῖ]
567 1343 646 1397 Τοῦτό
659 1361 720 1405 τινες
731 1342 764 1415 μή
781 1344 910 1411 νοήσαντες
954 1340 1096 1401 καθέζεσθαι
1108 1340 1141 1402 όνς
1154 1341 1235 1405 ξίνον,
1248 1342 1331 1412 χιλίας
1339 1342 1442 1394 διδόναι.

130 1422 170 1474 δτι
184 1422 304 1488 αθξήσεως
334 1420 450 1489 είληπται
470 1423 568 1491 ἐνεκεν,
582 1421 635 1493 περί
655 1421 765 1484 ἀσεόείας
779 1420 844 1474 εἶναι
864 1417 909 1486 τήν
990 1419 1052 1483 530,
1066 1437 1108 1488 17.
1123 1419 1174 1473 Ούκ
1186 1419 1291 1474 ἐδώκατε
1306 1419 1403 1491 άπλῶς]
1420 1418 1516 1481 Ἔξεστι
1535 1419 1579 1490 μὲν
1599 1419 1656 1491 γάρ,
1676 1419 1734 1472 ἀλλ’

131 1500 209 1570 κρίσιν
229 1499 393 1571 ἀπεφήναντο.
431 1497 495 1553 Είτα
515 1501 648 1570 προσέθηκε
669 1499 713 1567 τήν
731 1499 851 1562 ἀπόδειξιν
866 1503 909 1553 τοῦ
955 1495 1114 1569 οθχόπλῖῦς,
1129 1497 1185 1551 ούδέ
1198 1500 1230 1560 ὡς
1244 1498 1348 1570 ἔτυχεν,
1363 1497 1419 1551 ούδέ
1432 1498 1632 1568 πανταχῆ,ούδὲ
1650 1496 1675 1551 ἐν
1697 1503 1735 1568 τῷ

130 1578 285 1640 άξιοναύτδν
301 1577 422 1633 εἶναικαὶ
442 1577 551 1641 ἀσεθείας
570 1580 701 1650 κρίνεσθαι.
738 1580 853 1651 Φανερῶς
866 1579 909 1650 μὲν
955 1573 1063 1646 θεάτρῳ,
1077 1575 1189 1639 ἀλλ’ίξω
1203 1578 1359 1642 καθίζεσθαι,
1373 1575 1426 1630 σίου
1441 1577 1469 1629 ού
1485 1577 1566 1647 βιαίως
1586 1577 1735 1630 άποσπάσειν

131 1657 179 1728 γὰρ
192 1656 266 1711 αθτοῦ
285 1657 395 1720 ἀσεόείας
413 1659 559 1729 κατηγορεῖν
571 1657 643 1711 όκνεῖ
660 1658 701 1710 διὰ
714 1656 758 1725 τὴν
772 1660 910 1729 σαθρότητει
954 1650 999 1724 μέν
1015 1651 1063 1707 άπδ
1076 1658 1121 1707 τοῦ
1135 1658 1229 1726 χοροῦ,
1246 1657 1347 1728 θεωρεῖν
1362 1654 1388 1708 δέ
1399 1656 1441 1708 καί
1453 1655 1514 1728 μετά
1528 1662 1576 1709 τῶν
1591 1656 1676 1710 άλλων
1690 1676 1734 1710 κα·

130 1742 179 1791 τῶν
198 1738 363 1809 πραγμάτων,
389 1739 500 1808 πειρᾶται
520 1736 546 1790 δέ
568 1736 609 1790 διά
630 1740 674 1804 τῆς
694 1736 781 1800 ἔξωθεν
804 1739 856 1810 βίας
868 1738 910 1791 καί
954 1733 1064 1795 θίζεοθαι
1075 1733 1217 1804 ἀναγκάσει.

130 1821 204 1870 τοῦτο
217 1818 416 1879 κατασκευάζειν.
451 1816 493 1878 Τίς
501 1810 545 1867 ούν
558 1813 718 1882 ήκατασκευή
729 1819 772 1882 τῆς
784 1815 907 1881 ἀσεόείαςς
990 1814 1052 1879 530,
1070 1830 1112 1884 19.
1131 1811 1197 1866 Ἀλλ’
1216 1810 1258 1866 ἐόν
1272 1810 1315 1884 μὲν
1329 1811 1437 1883 καλέση]
1451 1812 1604 1883 Πρόσκλησις
1617 1813 1646 1867 τδ
1659 1832 1734 1886 προσ·

131 1896 193 1949 κατὰ
211 1896 324 1966 μαντείας
340 1895 396 1957 τούς
406 1894 496 1966 χορούς
514 1898 694 1966 συγκροτοῦμεν
711 1894 752 1947 καὶ
764 1913 911 1966 στεφανηρο-
953 1890 1082 1946 καλεῖσθαι
1094 1891 1127 1954 είς
1140 1891 1169 1945 τδ
1183 1891 1346 1964 δικαστήριον.
1359 1891 1439 1945 ΤΤΡ.

131 1978 236 2045 ροῦμεν,
259 1974 302 2027 καί
318 1979 438 2044 κνισῶμεν
464 1970 507 2034 τάς
527 1971 622 2043 ἀγυιάς.
659 1971 753 2025 (λ’νκοῦν
775 1973 790 2025 ό
813 1973 908 2027 τύπτων
990 1970 1052 2037 530,
1074 1986 1119 2024 01.
1136 1968 1221 2031 Ὅπως
1235 1968 1267 2041 μή
1286 1968 1329 2022 τδν
1355 1969 1568 2041 ἐστεφανωμένον]
1584 1967 1635 2035 Τήν
1648 1971 1733 2042 χρείαν

130 2052 186 2114 τούς
199 2051 408 2123 ἐστεφανωμένους
421 2049 484 2104 κατά
503 2049 546 2113 τάς
559 2051 673 2122 μαντείας
690 2049 724 2114 είς
739 2050 781 2114 τάς
798 2052 911 2123 μαντείας
953 2050 997 2099 τοῦ
1009 2049 1205 2120 παραδείγματος
1216 2047 1319 2109 ἔδειξεν
1334 2047 1499 2120 καθόλουγὰρ
1512 2048 1585 2102 είττδνν
1598 2049 1627 2102 τό
1641 2072 1651 2099 ι
1667 2047 1734 2103 ἐστε·

131 2128 225 2186 ἀσείεῖ.
263 2129 339 2183 Ὅθεν
355 2129 397 2183 καὶ
406 2129 483 2196 δῆλον
494 2128 528 2192 ὣς
541 2127 585 2183 οθκ
601 2127 665 2183 ἐστιν
678 2127 786 2191 ἀσεόείας
797 2128 813 2196 ή
823 2131 906 2201 κρίσις·
956 2146 968 2177 ι
988 2129 1131 2199 φανωμένον
1148 2148 1159 2176 ν
1174 2127 1215 2181 καί
1228 2126 1258 2181 τ“ο
1272 2127 1326 2180 καθ’
1341 2126 1426 2180 ἑαυτὸν
1441 2127 1598 2199 συνήνεγκεν.

103 2228 106 2233 ’
131 2205 160 2259 ού
172 2208 219 2279 γάρ
231 2208 273 2262 τδν
284 2208 401 2261 Διόνυσον
415 2205 547 2278 είναίφησι
562 2207 604 2260 τδν
615 2205 779 2275 άσεόηθίντα,
791 2205 857 2260 ἀλλά
868 2206 910 2271 τάς
989 2207 1051 2272 530,
1064 2212 1109 2271 04.
1125 2206 1188 2260 Εἶτα
1200 2206 1243 2261 τόν
1258 2205 1303 2278 μίν
1315 2204 1454 2277 χορευτὴν]
1471 2206 1537 2259 Ιίατά
1547 2207 1590 2259 τδν
1603 2208 1679 2277 νόμον
1691 2206 1734 2260 τδν

131 2289 253 2357 μαντείας.
291 2287 380 2339 ίίνισᾶν
402 2287 485 2359 μάντοι
500 2283 543 2348 τάς
556 2284 642 2356 ἀγυιάς
656 2285 685 2339 τδ
708 2286 772 2340 θύειν
788 2288 840 2349 τοῖς
857 2283 911 2357 ‘Ep-
954 2283 1069 2357 είργοντα
1083 2285 1149 2349 ξίνον
1161 2285 1333 2357 ἀγωνίζεσθαι.
1345 2286 1424 2341 ΒΊὙ.

131 2368 198 2436 μαῖς.
238 2363 331 2437 Ἀγυιάς
347 2365 464 2436 γάρτοδς
483 2364 574 2437 Ἑρμᾶς
588 2363 723 2435 [ἐκάλουν]
741 2366 804 2419 κατά
824 2367 909 2438 στέρη·
989 2363 1046 2418 Ούδ’
1059 2365 1074 2417 ό
1088 2365 1253 2435 προσκαλέσας
1265 2363 1327 2417 κατά
1341 2363 1384 2417 τδν
1399 2364 1495 2436 νόμον]
1518 2364 1564 2416 Καί
1581 2364 1643 2437 μήό
1661 2367 1736 2437 νόμος
1759 2362 1770 2369 “

130 2463 183 2511 σιν,
203 2446 243 2498 διά
257 2447 285 2500 τδ
304 2444 337 2517 μὴ
358 2449 443 2516 χεῖρας
468 2445 534 2516 ἔχειν
557 2445 618 2518 μηδὲ
635 2447 719 2509 πόδας.
756 2447 816 2499 Γυῖα
832 2447 859 2502 δέ
879 2446 909 2500 τά
953 2445 1101 2515 προσκαλεῖν
1119 2442 1176 2507 ίσως
1195 2443 1316 2498 ἐκώλυσα
1333 2444 1402 2516 λέγει
1415 2436 1458 2497 ούν
1481 2445 1524 2498 τόν
1539 2445 1621 2515 ἕτερον
1642 2446 1733 2517 νόμον,

130 2525 210 2594 μέλη,
225 2525 248 2588 ἐξ
268 2520 298 2578 ού
313 2525 475 2596 καίὍμηρσς
494 2526 542 2594 (ΙΙ.
556 2526 582 2584 5.
601 2530 671 2597 100)
686 2549 696 2577 ε
713 2530 772 2597 γυῖα
785 2528 806 2579 δ’
823 2527 908 2596 ἔθηκεν
953 2520 997 2576 τόν
1022 2522 1154 2578 κελεύοντα
1183 2523 1250 2586 ξίνον
1274 2521 1307 2594 μή
1333 2521 1502 2587 ἀγωνίζεσθαι.
1543 2523 1688 2595 Κακούργως
1709 2524 1735 2578 δέ

133 2625 145 2653 ε
163 2601 273 2674 ἐλαφρά,
285 2604 359 2664 πόδας
374 2603 415 2656 καί
428 2606 512 2673 χεῖρας
525 2602 634 2673 ύπερθεν.
649 2626 661 2653 ε
953 2597 1032 2656 εἶπεν.
1070 2600 1105 2654 Ού
1115 2601 1163 2673 γὰρ
1177 2600 1293 2672 ἀπείρητο
1306 2605 1435 2671 πανταχῆ,
1450 2601 1507 2653 ἀλλ’
1521 2600 1662 2656 εἰσελθόντα
1673 2603 1736 2666 άπαξ

167 2681 218 2734 Νῦν
232 2683 258 2734 δί
273 2701 315 2752 μοι
328 2682 416 2748 δοκεῖ]
434 2679 463 2732 ‘0
477 2681 573 2734 τύπτων
591 2681 647 2743 τούς
659 2681 721 2735 κατὰ
737 2680 780 2745 τός
797 2685 910 2755 μαντείας
954 2677 987 2742 είς
1005 2680 1034 2732 τδ
1052 2682 1151 2752 θέατρον
1172 2680 1216 2733 ούκ
1243 2679 1280 2734 ἐτι
1296 2679 1372 2751 ἐχρῆν
1393 2680 1619 2750 προσκαλέσασθαι,
1644 2679 1690 2742 ἐξω
1708 2681 1735 2734 δέ

130 2758 337 2829 ἐστεφανωμένους
346 2757 378 2820 είς
386 2756 428 2819 τάς
437 2759 549 2829 μαντείας
556 2757 648 2814 όσεόιῖ.
659 2761 713 2813 ΒΥ.
953 2755 1018 2823 ἐξῆν.
1056 2758 1126 2830 Παρὰ
1139 2759 1182 2813 τὀν
1205 2759 1279 2814 τόπον
1302 2754 1346 2812 ούν
1361 2758 1403 2812 καί
1419 2759 1463 2813 τδν
1483 2758 1567 2829 καιρδν
1583 2758 1598 2811 ό
1617 2761 1735 2831 σοφισμδς

167 2837 229 2902 530,
251 2837 295 2890 03.
315 2836 364 2889 ίίαὶ
381 2836 469 2906 ύμνονς
482 2836 523 2898 οθς
541 2843 576 2909 τῷ
591 2838 759 2910 θεῷιποιεῖτε]
781 2837 910 2910 Ἀνιεροῦτε
954 2833 1079 2907 ἐπάγεται.
1727 2884 1732 2891 .

131 2914 217 2976 αύτούς
227 2920 262 2987 τῷ
276 2914 339 2987 θεῷ,
352 2915 368 2981 ἢ
386 2913 419 2976 είς
434 2912 463 2967 τδ
474 2913 561 2985 ύμνεῖν
575 2913 661 2976 αύτούς
671 2917 872 2986 παρασκευάζετε.
989 2914 1051 2979 530,
1066 2916 1110 2970 05.
1124 2916 1173 2969 Τδν
1184 2916 1211 2969 δέ
1222 2916 1348 2988 χορηγόν]
1371 2915 1532 2970 Ἆνταπίδωκε
1551 2920 1587 2985 τῷ
1603 2916 1734 2987 παραδείγ·

167 2994 229 3059 530,
244 3000 289 3049 06.
305 2992 484 3067 Ἆνηρημίνον]
500 2991 640 3063 Ἀναδοθέν,
655 2998 861 3067 μεμαντευμένον.
877 2997 906 3050 Ρ.
954 3011 1012 3064 ματι
1027 2993 1162 3049 ἀκόλουθον
1178 2994 1274 3062 αὔξησιν
1289 2998 1343 3058 ταῖς
1356 2995 1516 3067 προσθήκαις,
1536 2995 1574 3047 ότι
1590 2993 1614 3047 οί
1632 2993 1676 3065 μέν
1691 2996 1732 3047 νό-

167 3071 228 3138 530,
241 3076 285 3127 08.
302 3072 391 3125 ίίνισᾶν
409 3070 507 3143 ἀγυιᾶς]
520 3071 608 3139 Κνίσης
623 3072 665 3125 καί
673 3075 832 3145 θυμιαμάτων
845 3074 909 3143 πλη·
954 3091 996 3142 μοι
1007 3073 1049 3124 καὶ
1065 3074 1238 3141 δοκιμάζεσθαι
1253 3074 1329 3145 μόνον
1342 3076 1385 3128 τὀν
1403 3074 1469 3136 ξίνον
1493 3072 1569 3135 ούτως
1589 3073 1732 3139 ἐκώλυσαν,

130 3154 188 3223 ροῖιν
201 3151 244 3214 τάς
256 3153 343 3218 όδοδς,
358 3152 383 3205 οί
395 3151 421 3205 δέ
431 3148 516 3222 ἀγυιάς
526 3170 584 3223 φασι
596 3153 651 3216 τούς
667 3150 767 3225 Ἑρμᾶς.
952 3146 1023 3215 οὗτος
1036 3153 1062 3206 δέ
1074 3153 1102 3207 ού
1119 3154 1161 3207 τδν
1175 3154 1240 3215 ξένον
1252 3152 1381 3224 χορευτὴν,
1396 3152 1439 3206 τὀν
1457 3152 1483 3205 δὲ
1498 3153 1609 3224 χορηγδν
1621 3154 1733 3224 συνίκομ

167 3232 228 3298 530,
247 3250 291 3303 09.
309 3231 440 3304 Ἀνάγνωθι
453 3233 480 3287 δέ
496 3233 555 3304 μοι]
571 3230 628 3286 Ἀπδ
645 3237 689 3286 τοῦ
707 3234 826 3305 μείζονος.
851 3235 907 3288 ΒΥ.
952 3240 1071 3305 φανεριῖνς,
1082 3234 1210 3305 παρόντων
1225 3234 1267 3284 καί
1281 3230 1353 3293 ξένων
1367 3231 1409 3285 καί
1420 3230 1537 3284 πολιτῶν.

167 3310 229 3374 531,
244 3315 285 3363 16.
304 3309 493 3381 Παρηνέγκατε]
507 3309 658 3381 Παρήλθετε.
673 3313 703 3365 Ρ.
988 3312 1051 3377 533,
1074 3329 1098 3365 1.
1122 3312 1176 3364 Τῶν
1200 3310 1239 3362 ἀεὶ
1261 3311 1367 3381 κυρίων]
1387 3310 1440 3361 Τῶν
1464 3309 1595 3379 λαχόντων
1615 3308 1731 3369 δικάζειν.

166 3387 230 3458 530,
250 3405 274 3443 1.
290 3388 320 3441 Τί
333 3382 375 3440 ούν
391 3387 418 3441 ἐκ
432 3387 525 3441 τούτων
547 3389 617 3461 ύμεῖς
635 3388 794 3461 ἐνθυμεῖσθε]
809 3388 908 3456 Ἐπειδὴ
951 3389 1025 3444 Λύτοέ
1037 3391 1084 3462 γάρ
1099 3389 1144 3443 είσι
1162 3394 1205 3443 τοῦ
1220 3388 1404 3460 τιμωρήσασθαι
1416 3389 1503 3458 κύριοι.

131 3464 226 3537 άνίγνω
240 3467 366 3538 μαντείας,
378 3464 404 3519 ἐν
423 3464 461 3528 αἶς
478 3462 669 3538 ἐγίγραπτούτι
685 3467 734 3522 ἔδει
748 3469 811 3521 θύειν
830 3467 908 3540 Ἡρα·
989 3472 1050 3536 533,
1064 3487 1090 3524 0.
1110 3470 1174 3540 Φέρε
1189 3466 1218 3535 δή
1235 3466 1292 3540 πρδς
1307 3468 1389 3538 θεῶν]
1403 3466 1506 3538 Ἕτερον
1517 3465 1671 3535 παράδειγμα
1685 3463 1734 3543 άπδ

130 3543 191 3597 κλεῖ
201 3544 335 3617 ἀλεξικάκῳ
354 3545 395 3598 καὶ
406 3548 490 3600 κνισᾶν
507 3546 550 3609 τὰς
568 3544 670 3619 ἀγυιάς,
693 3547 770 3601 ἐδόκει
787 3547 814 3601 δέ
832 3552 908 3602 ταῦτα
951 3553 995 3603 τοῦ
1012 3549 1156 3614 ἐλάττονος,
1173 3548 1201 3602 τὸ
1215 3547 1277 3600 κατά
1292 3547 1346 3609 τούς
1363 3546 1476 3618 ἀτίμους,
1489 3544 1576 3616 πολλῷ
1590 3542 1693 3597 ἔλαττον
1703 3544 1732 3597 θν

130 3621 282 3694 ἀπηρτῆσθαι
291 3625 348 3695 πρδς
357 3622 401 3691 τήν
415 3629 539 3696 παροῦσαν
549 3626 693 3697 κρίσιν,διά
703 3632 775 3682 τοῦτο
789 3626 857 3681 είπεν
871 3628 908 3680 ότι
951 3634 996 3683 τοῦ
1006 3628 1068 3682 κατά
1085 3628 1140 3690 τοθς
1153 3627 1242 3690 ξένους.
1256 3626 1399 3680 BSYTCV.
1452 3616 1454 3625 ’
1490 3620 1494 3629 ’

131 3699 164 3771 μή
176 3705 235 3755 πᾶσι
246 3705 297 3763 τοῖς
312 3706 491 3775 γεγραμμίνοις
508 3703 533 3758 ἐν
548 3709 601 3768 ταῖς
624 3708 747 3778 μαντείαις
758 3709 906 3779 προσίχετε,
987 3708 1049 3770 533,
1066 3707 1090 3764 3.
1107 3706 1292 3778 Παραιτήσομαι
1303 3704 1325 3756 δ’
1337 3704 1413 3776 ύμᾶς]
1433 3701 1536 3768 Ἐπειδὴ
1555 3698 1640 3773 μέλλει
1657 3720 1732 3755 κατα·

128 3777 187 3831 ἀλλ’
201 3778 342 3853 ἐνθυμεῖσθε
352 3781 380 3835 τδ
394 3786 627 3856 προσγεγραμμίνον
645 3784 671 3838 ἐν
690 3785 790 3851 πάσαις,
801 3766 908 3840 τουτέστι
951 3787 1033 3859 λέγειν
1045 3784 1144 3858 ἀτίμους
1157 3786 1291 3857 γεγονότας
1305 3783 1406 3845 πολίτας
1421 3781 1567 3847 ammom<
1578 3784 1621 3848 τῆς
1635 3783 1731 3851 χρείας,

128 3856 158 3910 τί)
174 3858 263 3929 χοροὺς
280 3859 377 3912 ἱστάναι
396 3860 437 3913 καί
458 3865 665 3935 στεφανηφορεῖν·
685 3867 761 3917 ταῦτα
774 3866 822 3936 γάρ
842 3863 907 3918 ἐστιν
951 3865 1123 3938 προθεραπεύει
1135 3864 1164 3919 τδ
1181 3864 1289 3931 άτσπου,
1302 3862 1345 3917 ίνα
1360 3861 1393 3936 μή
1405 3864 1468 3935 δοκῇ
1481 3861 1643 3933 ἐπεμῦαίνειν.

128 3934 209 3991 οίκεῖα
222 3938 281 4010 πρδς
289 3937 333 4006 τήν
345 3943 467 4010 παροῦσαν
479 3939 593 4003 ἐξέτασιν,
986 3944 1192 4017 Παραιτήσσμαι]
1211 3942 1272 3997 Ἀντί
1283 3947 1327 3998 τοῦ
1342 3942 1467 3997 ίκετεύσω.
1483 3942 1513 3998 B.

165 4016 226 4081 530,
235 4014 261 4070 3.
273 4017 332 4080 Τοῖς
341 4017 376 4089 ἐφ’
387 4017 488 4086 ἑκάστης
501 4021 614 4092 μαντείας
622 4021 836 4094 προφαινομένοις]
850 4022 908 4084 Τοῖς
988 4025 1048 4089 533,
1063 4023 1087 4078 5.
1101 4023 1136 4076 ob
1147 4022 1195 4095 γάρ
1212 4022 1328 4077 ὀνειδίσαι
1341 4021 1376 4095 μά
1385 4022 1441 4084 τούς
1456 4020 1545 4091 θεούς]
1559 4016 1660 4081 Ἐπειδὴ
1673 4017 1733 4069 ἀνα·

127 4091 176 4164 γάρ
189 4094 243 4166 ἀρτι
251 4097 380 4166 φοιτήσασι
394 4097 435 4150 καί
447 4096 581 4170 ἐπιφανεῖσι
594 4101 657 4161 θεοῖς
673 4098 695 4152 εί
706 4100 749 4152 δεῖ
759 4099 822 4153 θύειν
833 4101 906 4172 ἐμαν-
950 4107 1039 4177 parav
1054 4099 1085 4171 ἦν
1099 4105 1266 4175 μνημονεῦσαι
1284 4106 1332 4155 τῶν
1343 4101 1517 4171 πταισμάτων,
1533 4096 1573 4148 διὰ
1585 4098 1657 4148 τοῦτο
1667 4097 1734 4166 ὅρκῳ

128 4172 228 4227 τεύοντο
238 4213 246 4240 ,
257 4174 299 4228 καί
311 4175 372 4245 μετὰ
387 4177 416 4229 τδ
429 4177 522 4246 δηλοῦν
535 4177 558 4231 ἐἰ
568 4178 611 4233 δεῖ
619 4179 682 4232 θύειν
696 4178 712 4245 ἢ
729 4177 778 4249 μή,
795 4181 907 4251 προσετί·
951 4183 1071 4255 προέλοιόε
1089 4183 1144 4244 τούς
1164 4180 1296 4242 ἀκούοντας
1305 4220 1312 4245 ,
1322 4180 1365 4233 ίνα
1389 4176 1423 4251 μή
1437 4178 1562 4238 ὀνειδίζειν
1583 4174 1656 4228 αύτδν
1672 4173 1732 4228 ύπο·

127 4251 202 4303 θεσαν
216 4253 312 4317 πάντως
324 4255 353 4307 τδ
367 4255 462 4308 ίστάναι
473 4258 570 4329 χορούς.
951 4263 1110 4318 πτεύσωσιν..

164 4329 385 4404 Πρυφαινομίνοις]
400 4333 458 4387 ’Aah
469 4340 513 4388 τοῦ
524 4337 638 4408 μαντείου
645 4339 770 4406 δηλονότι.
787 4340 817 4392 Ρ.
987 4344 1051 4407 533,
1065 4362 1090 4411 9.
1114 4340 1223 4392 Σαννίων
1239 4338 1289 4391 ἐστί
1307 4338 1387 4409 δήμου
1400 4356 1435 4397 τις
1447 4334 1462 4388 ό
1476 4334 1531 4397 τυθς
1541 4333 1669 4405 τραγῑκυθε
1685 4350 1732 4402 χο·

166 4408 227 4474 530,
252 4429 279 4481 9.
305 4407 379 4482 Ὑπίρ
407 4411 503 4484 αύτῶν]
530 4415 584 4468 Τῶν
609 4416 669 4471 θεῶν
693 4419 809 4486 δηλονότι
829 4414 907 4471 ἀπάν-
951 4421 1006 4493 ρούς
1016 4421 1157 4490 διδάσκων]
1171 4417 1252 4482 Δῆλον
1267 4420 1305 4470 ότι
1318 4415 1380 4489 μετά
1391 4418 1435 4469 τοῦ
1453 4415 1544 4485 ῥυθμοῦ
1558 4412 1600 4466 καί
1613 4415 1657 4465 τοῦ
1673 4430 1733 4481 προ·

128 4507 188 4542 των.
202 4491 232 4544 Ρ.
951 4497 1167 4569 σήκοντοςμέλους
1185 4494 1251 4565 ᾄδειν
1272 4486 1402 4547 διδάσκων.
1440 4491 1576 4563 Τραγικούς
1592 4490 1633 4555 δέ,
1647 4488 1731 4555 ἐπειδὴ

165 4567 227 4633 530,
243 4583 285 4623 11.
295 4564 347 4632 Τήν
359 4566 386 4620 δέ
397 4570 445 4621 τῶν
458 4567 595 4642 ἐπινικίων]
609 4571 760 4628 Ἀντιπῖπτον
770 4574 856 4628 ἔλυσεν
869 4575 907 4628 δτι
952 4576 1010 4641 ίςως
1021 4578 1063 4632 καί
1076 4574 1181 4648 κωμικοί
1192 4575 1263 4629 εἰσιν.
1677 4578 1679 4582 ’

127 4643 158 4696 03
173 4643 213 4697 ὅῑὰ
226 4644 268 4707 fig
282 4646 409 4716 μᾱθῗῑῖας,
429 4645 495 4699 &m
508 4647 549 4701 διὰ
559 4648 603 4715 τὴν
615 4651 683 4719 νίκην
697 4651 741 4718 τήν
754 4651 816 4705 ίδίαν
829 4654 905 4724 περιέ·
987 4658 1049 4723 533,
1077 4673 1119 4711 10.
1141 4651 1217 4717 θύτος
1237 4650 1378 4725 ἀστρατείας
1394 4651 1476 4724 ἑάλω]
1495 4650 1593 4721 Ἀτιμος
1611 4651 1730 4721 γίγονεν,

127 4724 247 4777 κειτοτδν
260 4724 386 4794 στέφανον.
427 4721 458 4776 ’0
472 4724 627 4796 δέφησινδτι
645 4727 660 4780 ό
676 4728 719 4800 μὲν
733 4731 832 4797 νικήσας
849 4726 907 4801 ύπέρ
951 4733 1077 4806 ἐλεγχθεὶς
1090 4734 1122 4795 ίνς
1135 4735 1189 4787 δέον
1204 4733 1374 4804 στρατεύεσθαι
1394 4729 1427 4802 μή
1442 4730 1641 4800 στρατευόμενος.

128 4801 213 4854 ἐαυτοῦ
231 4807 407 4875 στεφανοῦται,
418 4800 432 4856 ό
445 4803 471 4857 δέ
487 4805 533 4875 πρδ
546 4810 589 4859 τοῦ
602 4806 697 4880 ἀγῶνος
713 4807 907 4883 ἐστεφανωμένος
985 4814 1033 4867 ίίαί
1043 4814 1159 4885 κέχρηται
1170 4814 1282 4884 συμφορᾷ
1289 4815 1300 4880 ]
1311 4810 1438 4873 Ἐπιεικῶς
1450 4808 1537 4875 ίπίτήν
1543 4802 1621 4878 τύχην
1636 4807 1692 4878 άγει
1702 4807 1731 4860 τδ

127 4881 189 4935 κατὰ
198 4881 240 4944 τάς
255 4885 368 4954 μαντείας
381 4883 553 4954 ἐστεφάνωται.
949 4896 1124 4965 κατηγόρημα,
1139 4891 1181 4945 τδν
1191 4892 1280 4963 τρόπον
1290 4889 1431 4958 ἐλευθερῶν.
1598 4884 1601 4889 ⁴

163 4961 225 5029 530,
243 4966 284 5015 16.
311 4959 419 5034 Ιίαὶμήν
445 4961 496 5015 ίστε
510 4984 538 5035 γε
560 4965 779 5036 τοῦτο]ίθ’τόπος
799 4967 906 5023 ἀπδτοῦ
986 4970 1048 5038 533,
1066 4987 1108 5024 10.
1123 4968 1278 5022 Φιλονιικῶν
1290 4966 1413 5039 χορηγός]
1433 4958 1494 5019 θίον
1511 4963 1649 5034 φιλόνεικος
1660 4958 1732 5023 είςτδ

127 5033 264 5102 ἐλάττονος,
287 5042 315 5095 S.
335 5042 452 5113 Δεύτερον
468 5041 516 5097 άπδ
532 5047 575 5096 τοῦ
588 5044 717 5109 ἐλάττονος
733 5048 907 5111 κατασκευάζει
950 5053 1019 5103 νικᾶν
1037 5049 1079 5103 καί
1098 5047 1216 5116 ἡττᾶσθαι
1234 5045 1268 5118 μή
1283 5045 1441 5117 ἀνεχόμενος.
1479 5043 1555 5116 Νίμῑῑ
1573 5041 1622 5113 Υέί)
1637 5038 1681 5095 όθ]
1696 5045 1733 5113 Τῷ

126 5115 170 5169 τδν
184 5116 246 5171 κατὰ
271 5118 381 5176 Μειδίου.
403 5124 433 5177 B.
452 5120 595 5195 Ἐπλήρωσε
617 5125 661 5178 τδν
675 5125 723 5179 άπδ
737 5131 780 5179 τοῦ
796 5127 907 5198 μείζονος
951 5129 1131 5204 μισόωσαμίνῳ
1143 5127 1303 5197 συγγνώμην.

125 5196 301 5269 mmm&
312 5198 421 5264 30⁸⁶th
438 5200 563 5269 όπυδείξας
579 5204 663 5260 τδύπδ
678 5210 722 5260 τοῦ
732 5206 832 5262 ίίίειδίου
846 5229 904 5281 πρα·
986 5206 1047 5271 533,
1064 5207 1104 5261 13.
1125 5204 1295 5277 Ἠγανάκτουν
1312 5202 1335 5257 οί
1350 5200 1527 5274 ἀντιχορηγοὶ]
1540 5200 1654 5271 λίγοντες
1675 5220 1688 5250 ε
1705 5201 1731 5254 οἱ
1813 5212 1817 5219 ·
