<?xml version="1.0" encoding="UTF-8"?>
<!DOCTYPE html PUBLIC "-//W3C//DTD XHTML 1.0 Transitional//EN"
    "http://www.w3.org/TR/xhtml1/DTD/xhtml1-transitional.dtd">
<html xmlns="http://www.w3.org/1999/xhtml" xml:lang="en" lang="en">
 <head>
  <title>
</title>
<meta http-equiv="Content-Type" content="text/html;charset=utf-8" />
  <meta name='ocr-system' content='tesseract 3.04.00' />
  <meta name='ocr-capabilities' content='ocr_page ocr_carea ocr_par ocr_line ocrx_word'/>
</head>
<body>
  <div class='ocr_page' id='page_1' title='image "./oratoresattici01hunzgoog/oratoresattici01hunzgoog_0660.png"; bbox 0 0 3967 5967; ppageno 0'>
   <div class='ocr_carea' id='block_1_1' title="bbox 242 461 1301 523">
    <p class='ocr_par' dir='ltr' id='par_1_1' title="bbox 242 461 1301 523">
     <span class='ocr_line' id='line_1_1' title="bbox 242 461 1301 523; baseline 0.004 -7"><span class='ocrx_word' id='word_1_1' title='bbox 242 467 301 517; x_wconf 74' lang='grc' dir='ltr'>8οο</span> <span class='ocrx_word' id='word_1_2' title='bbox 779 462 919 522; x_wconf 81' lang='grc' dir='ltr'><strong>ΣΧΟΛΙΑ</strong></span> <span class='ocrx_word' id='word_1_3' title='bbox 942 461 1007 521; x_wconf 82' lang='grc' dir='ltr'>ΕΙΣ</span> <span class='ocrx_word' id='word_1_4' title='bbox 1027 462 1301 523; x_wconf 76' lang='grc' dir='ltr'>ΔΗΜΟΣΘΙΞΝΗΝ.</span> 
     </span>
    </p>
   </div>
   <div class='ocr_carea' id='block_1_2' title="bbox 229 583 1844 5321">
    <p class='ocr_par' dir='ltr' id='par_1_2' title="bbox 229 583 1844 5321">
     <span class='ocr_line' id='line_1_2' title="bbox 275 583 1844 664; baseline 0 -19"><span class='ocrx_word' id='word_1_5' title='bbox 275 590 337 655; x_wconf 88' lang='grc'><strong><em>477,</em></strong></span> <span class='ocrx_word' id='word_1_6' title='bbox 350 603 393 645; x_wconf 69' lang='lat'>²2.</span> <span class='ocrx_word' id='word_1_7' title='bbox 409 583 548 659; x_wconf 81' lang='grc' dir='ltr'>Ἁρμοστάς]</span> <span class='ocrx_word' id='word_1_8' title='bbox 565 586 1014 663; x_wconf 72' lang='grc' dir='ltr'>Ἆρμοσταίοίίκπαμπόμενοιάρχον·</span> <span class='ocrx_word' id='word_1_9' title='bbox 1095 595 1158 660; x_wconf 89' lang='grc'><strong><em>479,</em></strong></span> <span class='ocrx_word' id='word_1_10' title='bbox 1172 608 1199 659; x_wconf 93' lang='lat'>7.</span> <span class='ocrx_word' id='word_1_11' title='bbox 1213 591 1306 657; x_wconf 75' lang='grc' dir='ltr'>Μηδεὶς</span> <span class='ocrx_word' id='word_1_12' title='bbox 1321 592 1404 662; x_wconf 78' lang='grc' dir='ltr'>φθόνῳ</span> <span class='ocrx_word' id='word_1_13' title='bbox 1417 591 1446 644; x_wconf 87' lang='grc' dir='ltr'>τδ</span> <span class='ocrx_word' id='word_1_14' title='bbox 1454 591 1546 663; x_wconf 80' lang='grc' dir='ltr'>μάλλον</span> <span class='ocrx_word' id='word_1_15' title='bbox 1560 591 1669 664; x_wconf 86' lang='grc' dir='ltr'>ἀκούσῃ]</span> <span class='ocrx_word' id='word_1_16' title='bbox 1685 589 1784 657; x_wconf 74' lang='grc' dir='ltr'>Ἐπειδὴ</span> <span class='ocrx_word' id='word_1_17' title='bbox 1796 592 1844 645; x_wconf 81' lang='grc' dir='ltr'>τοῦ</span> 
     </span>
     <span class='ocr_line' id='line_1_3' title="bbox 238 662 1843 742; baseline 0.005 -26"><span class='ocrx_word' id='word_1_18' title='bbox 238 682 276 724; x_wconf 87' lang='grc' dir='ltr'>τις</span> <span class='ocrx_word' id='word_1_19' title='bbox 287 662 320 726; x_wconf 89' lang='grc' dir='ltr'>είς</span> <span class='ocrx_word' id='word_1_20' title='bbox 331 663 373 726; x_wconf 83' lang='grc' dir='ltr'>τδς</span> <span class='ocrx_word' id='word_1_21' title='bbox 383 665 502 732; x_wconf 86' lang='grc' dir='ltr'>ίιπηκόους</span> <span class='ocrx_word' id='word_1_22' title='bbox 513 666 594 729; x_wconf 90' lang='grc' dir='ltr'>πόλεις</span> <span class='ocrx_word' id='word_1_23' title='bbox 607 667 653 720; x_wconf 84' lang='grc' dir='ltr'>ύπδ</span> <span class='ocrx_word' id='word_1_24' title='bbox 671 671 877 741; x_wconf 84' lang='grc' dir='ltr'>Δακεδαιμονίων.</span> <span class='ocrx_word' id='word_1_25' title='bbox 892 673 942 724; x_wconf 88' lang='grc' dir='ltr'>ΒΡ.</span> <span class='ocrx_word' id='word_1_26' title='bbox 1061 671 1252 742; x_wconf 79' lang='grc' dir='ltr'>θεμιστοκλίους</span> <span class='ocrx_word' id='word_1_27' title='bbox 1261 671 1332 725; x_wconf 84' lang='grc' dir='ltr'>αύτδν</span> <span class='ocrx_word' id='word_1_28' title='bbox 1347 670 1473 740; x_wconf 70' lang='grc' dir='ltr'>ἀποφαίνει</span> <span class='ocrx_word' id='word_1_29' title='bbox 1486 672 1625 742; x_wconf 90' lang='grc' dir='ltr'>κρείττονα,</span> <span class='ocrx_word' id='word_1_30' title='bbox 1642 670 1741 734; x_wconf 77' lang='grc' dir='ltr'>εἰκότως</span> <span class='ocrx_word' id='word_1_31' title='bbox 1751 672 1843 741; x_wconf 84' lang='grc' dir='ltr'>προθι·</span> 
     </span>
     <span class='ocr_line' id='line_1_4' title="bbox 273 742 1382 821; baseline 0.007 -26"><span class='ocrx_word' id='word_1_32' title='bbox 273 747 335 812; x_wconf 90' lang='grc'><strong><em>477,</em></strong></span> <span class='ocrx_word' id='word_1_33' title='bbox 349 745 393 798; x_wconf 74' lang='lat'>23.</span> <span class='ocrx_word' id='word_1_34' title='bbox 410 742 532 812; x_wconf 76' lang='grc' dir='ltr'>Ἀνέστησε</span> <span class='ocrx_word' id='word_1_35' title='bbox 547 746 577 798; x_wconf 87' lang='grc' dir='ltr'>τά</span> <span class='ocrx_word' id='word_1_36' title='bbox 596 747 683 818; x_wconf 90' lang='grc' dir='ltr'>τείχη]</span> <span class='ocrx_word' id='word_1_37' title='bbox 706 750 721 800; x_wconf 83' lang='grc' dir='ltr'>ά</span> <span class='ocrx_word' id='word_1_38' title='bbox 742 750 927 819; x_wconf 80' lang='grc' dir='ltr'>Λακεδαιμόνιοι</span> <span class='ocrx_word' id='word_1_39' title='bbox 946 750 1016 802; x_wconf 80' lang='grc' dir='ltr'>καεό·</span> <span class='ocrx_word' id='word_1_40' title='bbox 1060 753 1155 821; x_wconf 86' lang='grc' dir='ltr'>ραπεύει</span> <span class='ocrx_word' id='word_1_41' title='bbox 1169 758 1204 805; x_wconf 83' lang='grc' dir='ltr'>τῶ</span> <span class='ocrx_word' id='word_1_42' title='bbox 1214 752 1293 821; x_wconf 84' lang='grc' dir='ltr'>λόγῳ.</span> <span class='ocrx_word' id='word_1_43' title='bbox 1306 751 1382 804; x_wconf 78' lang='lat' dir='ltr'>ch.</span> 
     </span>
     <span class='ocr_line' id='line_1_5' title="bbox 238 808 1841 901; baseline 0.004 -26"><span class='ocrx_word' id='word_1_44' title='bbox 238 823 357 894; x_wconf 81' lang='grc' dir='ltr'>στρεψαν,</span> <span class='ocrx_word' id='word_1_45' title='bbox 371 826 425 886; x_wconf 89' lang='grc' dir='ltr'>ταῖς</span> <span class='ocrx_word' id='word_1_46' title='bbox 450 824 580 892; x_wconf 83' lang='grc' dir='ltr'>Ἀθηναίων</span> <span class='ocrx_word' id='word_1_47' title='bbox 608 828 692 897; x_wconf 80' lang='grc' dir='ltr'>χερσίν</span> <span class='ocrx_word' id='word_1_48' title='bbox 712 828 907 900; x_wconf 76' lang='grc' dir='ltr'>ἀναγκάσαντες,</span> <span class='ocrx_word' id='word_1_49' title='bbox 940 828 1017 881; x_wconf 88' lang='grc' dir='ltr'>πάλαι</span> <span class='ocrx_word' id='word_1_50' title='bbox 1096 836 1158 901; x_wconf 88' lang='grc'><strong><em>479,</em></strong></span> <span class='ocrx_word' id='word_1_51' title='bbox 1184 808 1225 895; x_wconf 80' lang='grc' dir='ltr'>ί4.</span> <span class='ocrx_word' id='word_1_52' title='bbox 1240 830 1297 884; x_wconf 75' lang='grc' dir='ltr'>Ούδ</span> <span class='ocrx_word' id='word_1_53' title='bbox 1313 830 1416 884; x_wconf 81' lang='grc' dir='ltr'>ἔλαττον</span> <span class='ocrx_word' id='word_1_54' title='bbox 1433 833 1504 900; x_wconf 86' lang='grc' dir='ltr'>σχεῖν</span> <span class='ocrx_word' id='word_1_55' title='bbox 1518 834 1567 882; x_wconf 83' lang='grc' dir='ltr'>τῦιν</span> <span class='ocrx_word' id='word_1_56' title='bbox 1583 827 1710 900; x_wconf 77' lang='grc' dir='ltr'>ῥητόρων]</span> <span class='ocrx_word' id='word_1_57' title='bbox 1725 827 1841 894; x_wconf 84' lang='grc' dir='ltr'>θόκουν,</span> 
     </span>
     <span class='ocr_line' id='line_1_6' title="bbox 237 902 1842 981; baseline 0.004 -28"><span class='ocrx_word' id='word_1_58' title='bbox 237 902 428 971; x_wconf 84' lang='grc' dir='ltr'>θεμιστοιιλίους</span> <span class='ocrx_word' id='word_1_59' title='bbox 445 903 668 976; x_wconf 82' lang='grc' dir='ltr'>οἰκοδομήσαντος,</span> <span class='ocrx_word' id='word_1_60' title='bbox 694 905 719 968; x_wconf 69' lang='grc' dir='ltr'>ἐξ</span> <span class='ocrx_word' id='word_1_61' title='bbox 741 907 818 979; x_wconf 83' lang='grc' dir='ltr'>ἀρχῆς</span> <span class='ocrx_word' id='word_1_62' title='bbox 842 906 958 973; x_wconf 78' lang='grc' dir='ltr'>ἀνέστησε</span> <span class='ocrx_word' id='word_1_63' title='bbox 977 904 1017 957; x_wconf 76' lang='grc' dir='ltr'>διά</span> <span class='ocrx_word' id='word_1_64' title='bbox 1061 912 1136 981; x_wconf 75' lang='grc' dir='ltr'>φησί,</span> <span class='ocrx_word' id='word_1_65' title='bbox 1151 913 1244 964; x_wconf 88' lang='grc' dir='ltr'>δίκαιον</span> <span class='ocrx_word' id='word_1_66' title='bbox 1259 910 1395 977; x_wconf 73' lang='grc' dir='ltr'>ἡττηθῆναι</span> <span class='ocrx_word' id='word_1_67' title='bbox 1410 910 1453 972; x_wconf 81' lang='grc' dir='ltr'>τάς</span> <span class='ocrx_word' id='word_1_68' title='bbox 1463 908 1557 981; x_wconf 79' lang='grc' dir='ltr'>πράξεις</span> <span class='ocrx_word' id='word_1_69' title='bbox 1571 908 1645 961; x_wconf 81' lang='grc' dir='ltr'>αύτοῖι</span> <span class='ocrx_word' id='word_1_70' title='bbox 1660 908 1777 980; x_wconf 83' lang='grc' dir='ltr'>τῷλόγῳ</span> <span class='ocrx_word' id='word_1_71' title='bbox 1790 914 1842 961; x_wconf 78' lang='grc' dir='ltr'>τῶν</span> 
     </span>
     <span class='ocr_line' id='line_1_7' title="bbox 236 986 1318 1061; baseline 0.005 -24"><span class='ocrx_word' id='word_1_72' title='bbox 236 989 280 1037; x_wconf 84' lang='grc' dir='ltr'>τοῦ</span> <span class='ocrx_word' id='word_1_73' title='bbox 293 986 411 1057; x_wconf 75' lang='grc' dir='ltr'><strong>Περσικοῦ</strong></span> <span class='ocrx_word' id='word_1_74' title='bbox 421 989 542 1057; x_wconf 81' lang='grc' dir='ltr'>κρατήσας</span> <span class='ocrx_word' id='word_1_75' title='bbox 553 990 740 1060; x_wconf 87' lang='grc' dir='ltr'>στρατεύματος.</span> <span class='ocrx_word' id='word_1_76' title='bbox 782 989 913 1061; x_wconf 82' lang='grc' dir='ltr'>Ἆρμοστάς</span> <span class='ocrx_word' id='word_1_77' title='bbox 924 990 950 1042; x_wconf 84' lang='grc' dir='ltr'>δὲ</span> <span class='ocrx_word' id='word_1_78' title='bbox 961 989 1018 1050; x_wconf 80' lang='grc' dir='ltr'>τούς</span> <span class='ocrx_word' id='word_1_79' title='bbox 1062 995 1226 1059; x_wconf 77' lang='grc' dir='ltr'>συκοφαντιῖιν.</span> <span class='ocrx_word' id='word_1_80' title='bbox 1236 990 1318 1042; x_wconf 87' lang='lat' dir='ltr'><strong>TCV.</strong></span> 
     </span>
     <span class='ocr_line' id='line_1_8' title="bbox 237 1062 1844 1141; baseline 0.001 -25"><span class='ocrx_word' id='word_1_81' title='bbox 237 1062 263 1116; x_wconf 83' lang='grc' dir='ltr'>ἀν</span> <span class='ocrx_word' id='word_1_82' title='bbox 288 1067 341 1126; x_wconf 90' lang='grc' dir='ltr'>ταῖς</span> <span class='ocrx_word' id='word_1_83' title='bbox 371 1066 471 1119; x_wconf 76' lang='grc' dir='ltr'>κόλασιν</span> <span class='ocrx_word' id='word_1_84' title='bbox 497 1067 617 1137; x_wconf 71' lang='grc' dir='ltr'>ἄρχοντας</span> <span class='ocrx_word' id='word_1_85' title='bbox 638 1076 686 1122; x_wconf 84' lang='grc' dir='ltr'>τῶν</span> <span class='ocrx_word' id='word_1_86' title='bbox 715 1070 913 1141; x_wconf 79' lang='grc' dir='ltr'>Λακεδαιμονίων</span> <span class='ocrx_word' id='word_1_87' title='bbox 938 1068 1015 1138; x_wconf 88' lang='grc' dir='ltr'>λίγει.</span> <span class='ocrx_word' id='word_1_88' title='bbox 1097 1072 1159 1137; x_wconf 91' lang='grc'><strong><em>479,</em></strong></span> <span class='ocrx_word' id='word_1_89' title='bbox 1182 1073 1223 1122; x_wconf 81' lang='grc' dir='ltr'>ιδ.</span> <span class='ocrx_word' id='word_1_90' title='bbox 1239 1066 1317 1132; x_wconf 77' lang='grc' dir='ltr'>Εἶεν,</span> <span class='ocrx_word' id='word_1_91' title='bbox 1335 1065 1401 1118; x_wconf 81' lang='grc' dir='ltr'>ἀλλά</span> <span class='ocrx_word' id='word_1_92' title='bbox 1425 1066 1468 1119; x_wconf 85' lang='grc' dir='ltr'>τδν</span> <span class='ocrx_word' id='word_1_93' title='bbox 1486 1066 1565 1118; x_wconf 86' lang='grc' dir='ltr'>παῖδα</span> <span class='ocrx_word' id='word_1_94' title='bbox 1578 1068 1622 1118; x_wconf 85' lang='grc' dir='ltr'>τοῦ</span> <span class='ocrx_word' id='word_1_95' title='bbox 1645 1064 1766 1136; x_wconf 79' lang='grc' dir='ltr'>Χαόρίου]</span> <span class='ocrx_word' id='word_1_96' title='bbox 1787 1063 1844 1118; x_wconf 76' lang='grc' dir='ltr'>ἀντὶ</span> 
     </span>
     <span class='ocr_line' id='line_1_9' title="bbox 240 1140 1843 1218; baseline 0.001 -23"><span class='ocrx_word' id='word_1_97' title='bbox 240 1140 368 1214; x_wconf 79' lang='grc' dir='ltr'>Ἅρμοσταί</span> <span class='ocrx_word' id='word_1_98' title='bbox 382 1144 408 1198; x_wconf 84' lang='grc' dir='ltr'>δὲ</span> <span class='ocrx_word' id='word_1_99' title='bbox 421 1144 536 1215; x_wconf 73' lang='grc' dir='ltr'>λέγονται</span> <span class='ocrx_word' id='word_1_100' title='bbox 549 1148 588 1200; x_wconf 85' lang='grc' dir='ltr'>ότι</span> <span class='ocrx_word' id='word_1_101' title='bbox 602 1147 735 1218; x_wconf 79' lang='grc' dir='ltr'>ἀρμόζουσι</span> <span class='ocrx_word' id='word_1_102' title='bbox 748 1148 778 1201; x_wconf 82' lang='grc' dir='ltr'>τδ</span> <span class='ocrx_word' id='word_1_103' title='bbox 789 1147 836 1215; x_wconf 81' lang='grc' dir='ltr'>ἤθη</span> <span class='ocrx_word' id='word_1_104' title='bbox 846 1154 895 1201; x_wconf 85' lang='grc' dir='ltr'>τῶν</span> <span class='ocrx_word' id='word_1_105' title='bbox 909 1147 1016 1201; x_wconf 82' lang='grc' dir='ltr'>πολιτῶν</span> <span class='ocrx_word' id='word_1_106' title='bbox 1061 1152 1120 1212; x_wconf 85' lang='grc' dir='ltr'>τοῦ,</span> <span class='ocrx_word' id='word_1_107' title='bbox 1136 1149 1180 1218; x_wconf 80' lang='grc' dir='ltr'>άγε</span> <span class='ocrx_word' id='word_1_108' title='bbox 1192 1145 1238 1213; x_wconf 84' lang='grc' dir='ltr'>δὴ,</span> <span class='ocrx_word' id='word_1_109' title='bbox 1253 1148 1277 1200; x_wconf 93' lang='grc' dir='ltr'>τί</span> <span class='ocrx_word' id='word_1_110' title='bbox 1293 1148 1401 1200; x_wconf 84' lang='grc' dir='ltr'>λείπεται</span> <span class='ocrx_word' id='word_1_111' title='bbox 1420 1145 1551 1216; x_wconf 80' lang='grc' dir='ltr'>τῷλόγῳ,</span> <span class='ocrx_word' id='word_1_112' title='bbox 1567 1145 1611 1197; x_wconf 86' lang='grc' dir='ltr'>ἵνα</span> <span class='ocrx_word' id='word_1_113' title='bbox 1622 1142 1646 1206; x_wconf 76' lang='grc' dir='ltr'>ἐξ</span> <span class='ocrx_word' id='word_1_114' title='bbox 1663 1143 1770 1215; x_wconf 85' lang='grc' dir='ltr'>ἀνάγκης</span> <span class='ocrx_word' id='word_1_115' title='bbox 1783 1145 1843 1218; x_wconf 78' lang='grc' dir='ltr'>δόξῃ</span> 
     </span>
     <span class='ocr_line' id='line_1_10' title="bbox 235 1222 1842 1297; baseline 0.002 -23"><span class='ocrx_word' id='word_1_116' title='bbox 235 1225 287 1285; x_wconf 84' lang='grc' dir='ltr'>τοῖς</span> <span class='ocrx_word' id='word_1_117' title='bbox 300 1229 349 1275; x_wconf 83' lang='grc' dir='ltr'>τῶν</span> <span class='ocrx_word' id='word_1_118' title='bbox 364 1225 570 1294; x_wconf 72' lang='grc' dir='ltr'>Δακεδαιμονίων.</span> <span class='ocrx_word' id='word_1_119' title='bbox 609 1226 698 1292; x_wconf 83' lang='grc' dir='ltr'>Νήσων</span> <span class='ocrx_word' id='word_1_120' title='bbox 717 1227 758 1291; x_wconf 81' lang='grc' dir='ltr'>δί,</span> <span class='ocrx_word' id='word_1_121' title='bbox 772 1228 800 1281; x_wconf 85' lang='grc' dir='ltr'>ού</span> <span class='ocrx_word' id='word_1_122' title='bbox 820 1233 867 1280; x_wconf 75' lang='grc' dir='ltr'>τῶν</span> <span class='ocrx_word' id='word_1_123' title='bbox 885 1227 1017 1279; x_wconf 78' lang='grc' dir='ltr'>Κυκλάδων</span> <span class='ocrx_word' id='word_1_124' title='bbox 1061 1224 1100 1279; x_wconf 63' lang='lat' dir='ltr'>lud</span> <span class='ocrx_word' id='word_1_125' title='bbox 1114 1227 1271 1296; x_wconf 80' lang='grc' dir='ltr'>τδνίίαόρίαν</span> <span class='ocrx_word' id='word_1_126' title='bbox 1288 1226 1401 1297; x_wconf 79' lang='grc' dir='ltr'>ἔρχεσθαι</span> <span class='ocrx_word' id='word_1_127' title='bbox 1414 1224 1509 1277; x_wconf 82' lang='grc' dir='ltr'>καίούκ</span> <span class='ocrx_word' id='word_1_128' title='bbox 1526 1222 1552 1277; x_wconf 79' lang='grc' dir='ltr'>ἔα</span> <span class='ocrx_word' id='word_1_129' title='bbox 1570 1222 1768 1295; x_wconf 83' lang='grc' dir='ltr'>προνοίας,άλλ’</span> <span class='ocrx_word' id='word_1_130' title='bbox 1783 1223 1842 1278; x_wconf 69' lang='lat'><strong>22:6-</strong></span> 
     </span>
     <span class='ocr_line' id='line_1_11' title="bbox 237 1301 1843 1379; baseline 0.001 -24"><span class='ocrx_word' id='word_1_131' title='bbox 237 1303 310 1372; x_wconf 88' lang='grc' dir='ltr'>μόνον</span> <span class='ocrx_word' id='word_1_132' title='bbox 322 1301 389 1354; x_wconf 86' lang='grc' dir='ltr'>ἀλλά</span> <span class='ocrx_word' id='word_1_133' title='bbox 400 1304 438 1355; x_wconf 83' lang='grc' dir='ltr'>καί</span> <span class='ocrx_word' id='word_1_134' title='bbox 452 1302 549 1358; x_wconf 79' lang='grc' dir='ltr'>ἀλλων.</span> <span class='ocrx_word' id='word_1_135' title='bbox 563 1307 644 1359; x_wconf 90' lang='lat' dir='ltr'><strong>TCV.</strong></span> <span class='ocrx_word' id='word_1_136' title='bbox 1062 1325 1133 1375; x_wconf 82' lang='grc' dir='ltr'>μενος</span> <span class='ocrx_word' id='word_1_137' title='bbox 1145 1313 1180 1379; x_wconf 78' lang='grc' dir='ltr'>τῷ</span> <span class='ocrx_word' id='word_1_138' title='bbox 1199 1307 1287 1378; x_wconf 67' lang='grc' dir='ltr'>λόγῳ,</span> <span class='ocrx_word' id='word_1_139' title='bbox 1307 1304 1419 1375; x_wconf 86' lang='grc' dir='ltr'>ἀφείλετο</span> <span class='ocrx_word' id='word_1_140' title='bbox 1442 1303 1490 1374; x_wconf 78' lang='grc' dir='ltr'>γάρ</span> <span class='ocrx_word' id='word_1_141' title='bbox 1506 1301 1550 1369; x_wconf 74' lang='grc' dir='ltr'>τὴν</span> <span class='ocrx_word' id='word_1_142' title='bbox 1564 1303 1680 1356; x_wconf 85' lang='grc' dir='ltr'>ύπόνοιαν</span> <span class='ocrx_word' id='word_1_143' title='bbox 1699 1308 1744 1356; x_wconf 93' lang='grc' dir='ltr'>τοῦ</span> <span class='ocrx_word' id='word_1_144' title='bbox 1757 1305 1843 1358; x_wconf 84' lang='grc' dir='ltr'>δοκεῖν</span> 
     </span>
     <span class='ocr_line' id='line_1_12' title="bbox 271 1379 1843 1457; baseline -0.001 -23"><span class='ocrx_word' id='word_1_145' title='bbox 271 1386 331 1452; x_wconf 88' lang='grc'><strong><em>477,</em></strong></span> <span class='ocrx_word' id='word_1_146' title='bbox 349 1387 393 1446; x_wconf 69' lang='lat' dir='ltr'>al..</span> <span class='ocrx_word' id='word_1_147' title='bbox 416 1383 476 1454; x_wconf 80' lang='grc' dir='ltr'>Περί</span> <span class='ocrx_word' id='word_1_148' title='bbox 500 1388 542 1450; x_wconf 78' lang='grc' dir='ltr'>τῆς</span> <span class='ocrx_word' id='word_1_149' title='bbox 560 1382 693 1454; x_wconf 70' lang='grc' dir='ltr'>ἡγεμονίας</span> <span class='ocrx_word' id='word_1_150' title='bbox 710 1384 828 1456; x_wconf 73' lang='grc' dir='ltr'>ἐποίησε]</span> <span class='ocrx_word' id='word_1_151' title='bbox 850 1383 929 1437; x_wconf 86' lang='grc' dir='ltr'>Πάλιν</span> <span class='ocrx_word' id='word_1_152' title='bbox 945 1380 1017 1457; x_wconf 73' lang='grc' dir='ltr'>οὗτος</span> <span class='ocrx_word' id='word_1_153' title='bbox 1060 1384 1118 1453; x_wconf 81' lang='grc' dir='ltr'>πρός</span> <span class='ocrx_word' id='word_1_154' title='bbox 1127 1387 1199 1455; x_wconf 83' lang='grc' dir='ltr'>χάριν</span> <span class='ocrx_word' id='word_1_155' title='bbox 1212 1384 1268 1453; x_wconf 77' lang='grc' dir='ltr'>ίιπὲρ</span> <span class='ocrx_word' id='word_1_156' title='bbox 1284 1388 1327 1435; x_wconf 87' lang='grc' dir='ltr'>τοῦ</span> <span class='ocrx_word' id='word_1_157' title='bbox 1341 1382 1446 1452; x_wconf 80' lang='grc' dir='ltr'>Χαόρίου</span> <span class='ocrx_word' id='word_1_158' title='bbox 1457 1381 1542 1444; x_wconf 84' lang='grc' dir='ltr'>παιδδς</span> <span class='ocrx_word' id='word_1_159' title='bbox 1556 1379 1654 1449; x_wconf 72' lang='grc' dir='ltr'>λέγειν·</span> <span class='ocrx_word' id='word_1_160' title='bbox 1674 1385 1803 1451; x_wconf 80' lang='grc' dir='ltr'>πανταχοῦ</span> <span class='ocrx_word' id='word_1_161' title='bbox 1815 1380 1843 1434; x_wconf 75' lang='grc' dir='ltr'>δδ</span> 
     </span>
     <span class='ocr_line' id='line_1_13' title="bbox 236 1458 1842 1533; baseline 0.004 -19"><span class='ocrx_word' id='word_1_162' title='bbox 236 1465 329 1532; x_wconf 80' lang='grc' dir='ltr'>πρῶτος</span> <span class='ocrx_word' id='word_1_163' title='bbox 346 1460 443 1528; x_wconf 77' lang='grc' dir='ltr'>ἐποίησε</span> <span class='ocrx_word' id='word_1_164' title='bbox 457 1463 500 1515; x_wconf 87' lang='grc' dir='ltr'>τδν</span> <span class='ocrx_word' id='word_1_165' title='bbox 515 1462 609 1533; x_wconf 90' lang='grc' dir='ltr'>λόγον,</span> <span class='ocrx_word' id='word_1_166' title='bbox 627 1463 692 1516; x_wconf 86' lang='grc' dir='ltr'>τοῦτ’</span> <span class='ocrx_word' id='word_1_167' title='bbox 708 1463 761 1516; x_wconf 78' lang='grc' dir='ltr'>ἔστι</span> <span class='ocrx_word' id='word_1_168' title='bbox 774 1462 819 1528; x_wconf 80' lang='grc' dir='ltr'>τήν</span> <span class='ocrx_word' id='word_1_169' title='bbox 837 1463 1015 1533; x_wconf 77' lang='grc' dir='ltr'>άμφισῦήτησιν</span> <span class='ocrx_word' id='word_1_170' title='bbox 1060 1466 1102 1519; x_wconf 87' lang='grc' dir='ltr'>τδυ</span> <span class='ocrx_word' id='word_1_171' title='bbox 1114 1466 1190 1518; x_wconf 85' lang='grc' dir='ltr'>παῖδα</span> <span class='ocrx_word' id='word_1_172' title='bbox 1202 1463 1332 1533; x_wconf 63' lang='lat' dir='ltr'>mmm</span> <span class='ocrx_word' id='word_1_173' title='bbox 1345 1468 1381 1532; x_wconf 82' lang='grc' dir='ltr'>τῷ</span> <span class='ocrx_word' id='word_1_174' title='bbox 1392 1465 1435 1514; x_wconf 82' lang='grc' dir='ltr'>τοῖν</span> <span class='ocrx_word' id='word_1_175' title='bbox 1450 1461 1538 1530; x_wconf 63' lang='grc' dir='ltr'>πατρός</span> <span class='ocrx_word' id='word_1_176' title='bbox 1546 1460 1663 1530; x_wconf 49' lang='lat' dir='ltr'>Mum,</span> <span class='ocrx_word' id='word_1_177' title='bbox 1676 1460 1718 1511; x_wconf 60' lang='grc' dir='ltr'>δα]</span> <span class='ocrx_word' id='word_1_178' title='bbox 1727 1462 1779 1521; x_wconf 64' lang='grc' dir='ltr'>τοῖς</span> <span class='ocrx_word' id='word_1_179' title='bbox 1792 1458 1842 1512; x_wconf 67' lang='grc' dir='ltr'>4πὸ</span> 
     </span>
     <span class='ocr_line' id='line_1_14' title="bbox 235 1538 1842 1613; baseline 0 -21"><span class='ocrx_word' id='word_1_180' title='bbox 235 1539 277 1592; x_wconf 82' lang='grc' dir='ltr'>καλ</span> <span class='ocrx_word' id='word_1_181' title='bbox 295 1540 444 1611; x_wconf 83' lang='grc' dir='ltr'>φιλονεικίαν</span> <span class='ocrx_word' id='word_1_182' title='bbox 470 1539 608 1612; x_wconf 79' lang='grc' dir='ltr'>εἶναιπερὶ</span> <span class='ocrx_word' id='word_1_183' title='bbox 630 1546 672 1609; x_wconf 81' lang='grc' dir='ltr'>τῆς</span> <span class='ocrx_word' id='word_1_184' title='bbox 697 1541 831 1613; x_wconf 70' lang='grc' dir='ltr'>ἡγεμονίας</span> <span class='ocrx_word' id='word_1_185' title='bbox 854 1545 956 1607; x_wconf 79' lang='grc' dir='ltr'>καὶτῆς</span> <span class='ocrx_word' id='word_1_186' title='bbox 976 1540 1017 1611; x_wconf 81' lang='grc' dir='ltr'>ἀρ-</span> <span class='ocrx_word' id='word_1_187' title='bbox 1060 1551 1103 1599; x_wconf 90' lang='grc' dir='ltr'>τοῦ</span> <span class='ocrx_word' id='word_1_188' title='bbox 1118 1545 1207 1613; x_wconf 84' lang='grc' dir='ltr'>πατρός</span> <span class='ocrx_word' id='word_1_189' title='bbox 1221 1541 1254 1603; x_wconf 87' lang='grc' dir='ltr'>είς</span> <span class='ocrx_word' id='word_1_190' title='bbox 1273 1541 1392 1602; x_wconf 80' lang='grc' dir='ltr'>ἀπόδειξιν</span> <span class='ocrx_word' id='word_1_191' title='bbox 1407 1538 1676 1611; x_wconf 69' lang='grc' dir='ltr'>κέχρηται-δηλονότι</span> <span class='ocrx_word' id='word_1_192' title='bbox 1692 1538 1732 1591; x_wconf 80' lang='grc' dir='ltr'>διδ</span> <span class='ocrx_word' id='word_1_193' title='bbox 1754 1539 1783 1592; x_wconf 86' lang='grc' dir='ltr'>τδ</span> <span class='ocrx_word' id='word_1_194' title='bbox 1797 1544 1842 1592; x_wconf 90' lang='grc' dir='ltr'>τοῦ</span> 
     </span>
     <span class='ocr_line' id='line_1_15' title="bbox 237 1617 1843 1694; baseline -0.007 -12"><span class='ocrx_word' id='word_1_195' title='bbox 237 1622 292 1688; x_wconf 70' lang='grc' dir='ltr'>λῆῦ</span> <span class='ocrx_word' id='word_1_196' title='bbox 308 1620 329 1672; x_wconf 82' lang='grc' dir='ltr'><strong><em>Ρ</em></strong></span> <span class='ocrx_word' id='word_1_197' title='bbox 332 1660 339 1674; x_wconf 89' lang='lat'><strong>·</strong></span> <span class='ocrx_word' id='word_1_198' title='bbox 1060 1624 1148 1694; x_wconf 87' lang='grc' dir='ltr'>πατρδς</span> <span class='ocrx_word' id='word_1_199' title='bbox 1159 1622 1253 1693; x_wconf 76' lang='grc' dir='ltr'>ἀξίωμα</span> <span class='ocrx_word' id='word_1_200' title='bbox 1265 1618 1310 1686; x_wconf 75' lang='grc' dir='ltr'>τὴν</span> <span class='ocrx_word' id='word_1_201' title='bbox 1324 1620 1417 1691; x_wconf 81' lang='grc' dir='ltr'>δωρεάν</span> <span class='ocrx_word' id='word_1_202' title='bbox 1428 1620 1443 1671; x_wconf 92' lang='grc' dir='ltr'>ό</span> <span class='ocrx_word' id='word_1_203' title='bbox 1457 1622 1514 1680; x_wconf 81' lang='grc' dir='ltr'>παῖς</span> <span class='ocrx_word' id='word_1_204' title='bbox 1530 1617 1598 1688; x_wconf 71' lang='grc' dir='ltr'>ἔχειν</span> <span class='ocrx_word' id='word_1_205' title='bbox 1610 1618 1731 1683; x_wconf 89' lang='grc' dir='ltr'>δοκεῖ-,</span> <span class='ocrx_word' id='word_1_206' title='bbox 1747 1619 1843 1681; x_wconf 78' lang='grc' dir='ltr'>δεικνύς</span> 
     </span>
     <span class='ocr_line' id='line_1_16' title="bbox 270 1695 1843 1770; baseline -0.006 -10"><span class='ocrx_word' id='word_1_207' title='bbox 270 1700 334 1765; x_wconf 95' lang='grc'><strong><em>477,</em></strong></span> <span class='ocrx_word' id='word_1_208' title='bbox 348 1697 393 1750; x_wconf 74' lang='lat'>25·</span> <span class='ocrx_word' id='word_1_209' title='bbox 409 1697 456 1749; x_wconf 72' lang='grc' dir='ltr'>Καὶ</span> <span class='ocrx_word' id='word_1_210' title='bbox 467 1699 516 1768; x_wconf 82' lang='grc' dir='ltr'>γάρ</span> <span class='ocrx_word' id='word_1_211' title='bbox 529 1716 568 1751; x_wconf 90' lang='grc' dir='ltr'>τοι</span> <span class='ocrx_word' id='word_1_212' title='bbox 583 1699 652 1769; x_wconf 85' lang='grc' dir='ltr'>μόνιμ</span> <span class='ocrx_word' id='word_1_213' title='bbox 671 1703 720 1751; x_wconf 82' lang='grc' dir='ltr'>τιῖεν</span> <span class='ocrx_word' id='word_1_214' title='bbox 734 1699 847 1769; x_wconf 85' lang='grc' dir='ltr'>πάντων]</span> <span class='ocrx_word' id='word_1_215' title='bbox 868 1699 937 1770; x_wconf 82' lang='grc' dir='ltr'>μόνιρ</span> <span class='ocrx_word' id='word_1_216' title='bbox 955 1697 1016 1767; x_wconf 70' lang='grc' dir='ltr'>μετὰ</span> <span class='ocrx_word' id='word_1_217' title='bbox 1061 1702 1087 1756; x_wconf 71' lang='grc' dir='ltr'>ἐκ</span> <span class='ocrx_word' id='word_1_218' title='bbox 1102 1703 1194 1757; x_wconf 87' lang='grc' dir='ltr'>τούτων</span> <span class='ocrx_word' id='word_1_219' title='bbox 1206 1705 1249 1767; x_wconf 76' lang='grc' dir='ltr'>τῆς</span> <span class='ocrx_word' id='word_1_220' title='bbox 1263 1699 1417 1761; x_wconf 84' lang='grc' dir='ltr'>ἀτοπίαςτδν</span> <span class='ocrx_word' id='word_1_221' title='bbox 1429 1698 1555 1769; x_wconf 77' lang='grc' dir='ltr'>ἔλεγχον,</span> <span class='ocrx_word' id='word_1_222' title='bbox 1567 1696 1589 1750; x_wconf 86' lang='grc' dir='ltr'>εί</span> <span class='ocrx_word' id='word_1_223' title='bbox 1606 1695 1646 1750; x_wconf 80' lang='grc' dir='ltr'>ἐπί</span> <span class='ocrx_word' id='word_1_224' title='bbox 1662 1697 1785 1759; x_wconf 78' lang='grc' dir='ltr'>τοσούτοις</span> <span class='ocrx_word' id='word_1_225' title='bbox 1799 1698 1843 1751; x_wconf 76' lang='grc' dir='ltr'>καὶ</span> 
     </span>
     <span class='ocr_line' id='line_1_17' title="bbox 235 1773 1840 1849; baseline 0.004 -23"><span class='ocrx_word' id='word_1_226' title='bbox 235 1774 277 1827; x_wconf 73' lang='grc' dir='ltr'>τὀν</span> <span class='ocrx_word' id='word_1_227' title='bbox 296 1773 420 1846; x_wconf 78' lang='grc' dir='ltr'>Ἁρμόδιον</span> <span class='ocrx_word' id='word_1_228' title='bbox 435 1778 476 1829; x_wconf 80' lang='grc' dir='ltr'>καί</span> <span class='ocrx_word' id='word_1_229' title='bbox 490 1775 690 1847; x_wconf 77' lang='grc' dir='ltr'>Ἀριστογείτονα.</span> <span class='ocrx_word' id='word_1_230' title='bbox 703 1778 783 1831; x_wconf 87' lang='lat' dir='ltr'>TCV.</span> <span class='ocrx_word' id='word_1_231' title='bbox 1059 1781 1211 1846; x_wconf 86' lang='grc' dir='ltr'>τηλικούτοις</span> <span class='ocrx_word' id='word_1_232' title='bbox 1226 1781 1279 1843; x_wconf 85' lang='grc' dir='ltr'>τοῖς</span> <span class='ocrx_word' id='word_1_233' title='bbox 1296 1779 1496 1849; x_wconf 79' lang='grc' dir='ltr'>εύηργετημόνοις</span> <span class='ocrx_word' id='word_1_234' title='bbox 1508 1776 1637 1849; x_wconf 82' lang='grc' dir='ltr'>άφίλοιντο</span> <span class='ocrx_word' id='word_1_235' title='bbox 1650 1774 1694 1841; x_wconf 79' lang='grc' dir='ltr'>τὴν</span> <span class='ocrx_word' id='word_1_236' title='bbox 1717 1774 1840 1832; x_wconf 68' lang='grc' dir='ltr'>ἀτέλειαν.</span> 
     </span>
     <span class='ocr_line' id='line_1_18' title="bbox 270 1850 1139 1925; baseline 0 -21"><span class='ocrx_word' id='word_1_237' title='bbox 270 1856 331 1922; x_wconf 89' lang='grc'><strong><em>477,</em></strong></span> <span class='ocrx_word' id='word_1_238' title='bbox 345 1855 388 1907; x_wconf 77' lang='lat'>28.</span> <span class='ocrx_word' id='word_1_239' title='bbox 408 1850 512 1924; x_wconf 83' lang='grc' dir='ltr'>Ἐκείνιμ</span> <span class='ocrx_word' id='word_1_240' title='bbox 526 1853 569 1924; x_wconf 80' lang='grc' dir='ltr'>μὲν</span> <span class='ocrx_word' id='word_1_241' title='bbox 582 1854 738 1925; x_wconf 77' lang='grc' dir='ltr'>φιλοτιμίαι]</span> <span class='ocrx_word' id='word_1_242' title='bbox 754 1854 893 1925; x_wconf 83' lang='grc' dir='ltr'>Φιλοτιμεῖ</span> <span class='ocrx_word' id='word_1_243' title='bbox 904 1851 948 1919; x_wconf 81' lang='grc' dir='ltr'>τὴν</span> <span class='ocrx_word' id='word_1_244' title='bbox 963 1874 1015 1905; x_wconf 87' lang='grc' dir='ltr'>κοι-</span> <span class='ocrx_word' id='word_1_245' title='bbox 1058 1860 1139 1912; x_wconf 77' lang='lat' dir='ltr'><strong>TCV.</strong></span> 
     </span>
     <span class='ocr_line' id='line_1_19' title="bbox 234 1930 1842 2006; baseline -0.004 -11"><span class='ocrx_word' id='word_1_246' title='bbox 234 1932 339 1995; x_wconf 59' lang='grc' dir='ltr'>ί481444,</span> <span class='ocrx_word' id='word_1_247' title='bbox 350 1931 394 1983; x_wconf 63' lang='grc' dir='ltr'>ἵνα</span> <span class='ocrx_word' id='word_1_248' title='bbox 407 1930 593 2002; x_wconf 59' lang='grc' dir='ltr'>θῦῦῦῖῑρῦῦντῑε</span> <span class='ocrx_word' id='word_1_249' title='bbox 604 1932 754 1995; x_wconf 49' lang='lat' dir='ltr'>wilm&amp;</span> <span class='ocrx_word' id='word_1_250' title='bbox 764 1933 914 2003; x_wconf 68' lang='grc' dir='ltr'>βδάπῐωῦῑν·</span> <span class='ocrx_word' id='word_1_251' title='bbox 932 1934 1013 1987; x_wconf 85' lang='lat' dir='ltr'><strong>TCV·</strong></span> <span class='ocrx_word' id='word_1_252' title='bbox 1097 1937 1171 1991; x_wconf 80' lang='grc' dir='ltr'>Ἀλλίι</span> <span class='ocrx_word' id='word_1_253' title='bbox 1185 1935 1215 2003; x_wconf 79' lang='grc' dir='ltr'>νή</span> <span class='ocrx_word' id='word_1_254' title='bbox 1229 1938 1274 1991; x_wconf 85' lang='grc' dir='ltr'>Δία</span> <span class='ocrx_word' id='word_1_255' title='bbox 1288 1938 1330 1990; x_wconf 83' lang='grc' dir='ltr'>τόν</span> <span class='ocrx_word' id='word_1_256' title='bbox 1353 1937 1430 1991; x_wconf 84' lang='grc' dir='ltr'>παῖδα</span> <span class='ocrx_word' id='word_1_257' title='bbox 1443 1936 1486 1990; x_wconf 86' lang='grc' dir='ltr'>τόν</span> <span class='ocrx_word' id='word_1_258' title='bbox 1501 1935 1624 2006; x_wconf 80' lang='grc' dir='ltr'>Χαύρίου]</span> <span class='ocrx_word' id='word_1_259' title='bbox 1641 1934 1676 1987; x_wconf 79' lang='lat' dir='ltr'>Tb</span> <span class='ocrx_word' id='word_1_260' title='bbox 1690 1932 1733 2004; x_wconf 66' lang='grc' dir='ltr'>μὲν</span> <span class='ocrx_word' id='word_1_261' title='bbox 1753 1939 1842 2006; x_wconf 73' lang='grc' dir='ltr'>σχῆμα</span> 
     </span>
     <span class='ocr_line' id='line_1_20' title="bbox 269 2008 1843 2088; baseline 0.001 -22"><span class='ocrx_word' id='word_1_262' title='bbox 269 2015 331 2081; x_wconf 86' lang='grc'><strong><em>478,</em></strong></span> <span class='ocrx_word' id='word_1_263' title='bbox 348 2028 372 2063; x_wconf 92' lang='lat'>1.</span> <span class='ocrx_word' id='word_1_264' title='bbox 393 2008 493 2081; x_wconf 67' lang='grc' dir='ltr'>Ἀγαθοῦ</span> <span class='ocrx_word' id='word_1_265' title='bbox 509 2013 560 2072; x_wconf 88' lang='grc' dir='ltr'>τοῖς</span> <span class='ocrx_word' id='word_1_266' title='bbox 572 2011 658 2073; x_wconf 87' lang='grc' dir='ltr'>ἀλλοις</span> <span class='ocrx_word' id='word_1_267' title='bbox 676 2010 753 2073; x_wconf 85' lang='grc' dir='ltr'>αίτιος</span> <span class='ocrx_word' id='word_1_268' title='bbox 766 2013 880 2083; x_wconf 75' lang='grc' dir='ltr'>γένηται]</span> <span class='ocrx_word' id='word_1_269' title='bbox 894 2011 965 2066; x_wconf 83' lang='grc' dir='ltr'>Θόλει</span> <span class='ocrx_word' id='word_1_270' title='bbox 980 2010 1014 2065; x_wconf 81' lang='grc' dir='ltr'>εἰ·</span> <span class='ocrx_word' id='word_1_271' title='bbox 1058 2020 1101 2082; x_wconf 79' lang='grc' dir='ltr'>τῆς</span> <span class='ocrx_word' id='word_1_272' title='bbox 1119 2016 1274 2088; x_wconf 82' lang='grc' dir='ltr'>μεταόάσεως</span> <span class='ocrx_word' id='word_1_273' title='bbox 1294 2017 1355 2070; x_wconf 86' lang='grc' dir='ltr'>πάνυ</span> <span class='ocrx_word' id='word_1_274' title='bbox 1376 2015 1526 2086; x_wconf 85' lang='grc' dir='ltr'>θαυμαστόν.</span> <span class='ocrx_word' id='word_1_275' title='bbox 1562 2013 1597 2066; x_wconf 84' lang='grc' dir='ltr'>Το</span> <span class='ocrx_word' id='word_1_276' title='bbox 1611 2011 1660 2085; x_wconf 84' lang='grc' dir='ltr'>γάρ</span> <span class='ocrx_word' id='word_1_277' title='bbox 1678 2009 1754 2083; x_wconf 72' lang='grc' dir='ltr'>μήίκ</span> <span class='ocrx_word' id='word_1_278' title='bbox 1775 2033 1843 2085; x_wconf 85' lang='grc' dir='ltr'>περι-</span> 
     </span>
     <span class='ocr_line' id='line_1_21' title="bbox 234 2085 1843 2167; baseline 0.001 -24"><span class='ocrx_word' id='word_1_279' title='bbox 234 2091 307 2154; x_wconf 84' lang='grc' dir='ltr'>πεῖν,</span> <span class='ocrx_word' id='word_1_280' title='bbox 325 2089 427 2156; x_wconf 83' lang='grc' dir='ltr'>πολίτης</span> <span class='ocrx_word' id='word_1_281' title='bbox 448 2089 489 2142; x_wconf 79' lang='grc' dir='ltr'>ἐάν</span> <span class='ocrx_word' id='word_1_282' title='bbox 504 2109 538 2152; x_wconf 88' lang='grc' dir='ltr'>τις</span> <span class='ocrx_word' id='word_1_283' title='bbox 558 2090 648 2152; x_wconf 81' lang='grc' dir='ltr'>ἀλλους</span> <span class='ocrx_word' id='word_1_284' title='bbox 669 2085 695 2143; x_wconf 82' lang='grc' dir='ltr'>εύ</span> <span class='ocrx_word' id='word_1_285' title='bbox 717 2090 822 2163; x_wconf 88' lang='grc' dir='ltr'>ποιήσῃ,</span> <span class='ocrx_word' id='word_1_286' title='bbox 844 2091 885 2147; x_wconf 82' lang='grc' dir='ltr'>καί</span> <span class='ocrx_word' id='word_1_287' title='bbox 905 2089 922 2156; x_wconf 82' lang='grc' dir='ltr'>ή</span> <span class='ocrx_word' id='word_1_288' title='bbox 945 2090 1016 2153; x_wconf 80' lang='grc' dir='ltr'>πόλις</span> <span class='ocrx_word' id='word_1_289' title='bbox 1060 2095 1135 2160; x_wconf 78' lang='grc' dir='ltr'>δολῆς</span> <span class='ocrx_word' id='word_1_290' title='bbox 1151 2094 1212 2167; x_wconf 77' lang='grc' dir='ltr'>μηδὲ</span> <span class='ocrx_word' id='word_1_291' title='bbox 1223 2094 1432 2165; x_wconf 75' lang='grc' dir='ltr'>πεφροντισμένως</span> <span class='ocrx_word' id='word_1_292' title='bbox 1454 2092 1601 2158; x_wconf 85' lang='grc' dir='ltr'>ποιήσασθαι</span> <span class='ocrx_word' id='word_1_293' title='bbox 1613 2089 1658 2157; x_wconf 82' lang='grc' dir='ltr'>τὴν</span> <span class='ocrx_word' id='word_1_294' title='bbox 1679 2088 1758 2161; x_wconf 76' lang='grc' dir='ltr'>ἀρχὴν</span> <span class='ocrx_word' id='word_1_295' title='bbox 1776 2090 1843 2161; x_wconf 86' lang='grc' dir='ltr'>ἀφεί·</span> 
     </span>
     <span class='ocr_line' id='line_1_22' title="bbox 234 2169 1841 2243; baseline -0.004 -15"><span class='ocrx_word' id='word_1_296' title='bbox 234 2171 405 2221; x_wconf 66' lang='grc' dir='ltr'>κοίνωνεῖτῶν</span> <span class='ocrx_word' id='word_1_297' title='bbox 418 2170 625 2240; x_wconf 63' lang='grc' dir='ltr'>κατορθωμάτων.</span> <span class='ocrx_word' id='word_1_298' title='bbox 1058 2174 1116 2228; x_wconf 81' lang='grc' dir='ltr'>λετο</span> <span class='ocrx_word' id='word_1_299' title='bbox 1125 2173 1170 2240; x_wconf 81' lang='grc' dir='ltr'>τήν</span> <span class='ocrx_word' id='word_1_300' title='bbox 1182 2174 1298 2229; x_wconf 88' lang='grc' dir='ltr'>ύπόνοιαν</span> <span class='ocrx_word' id='word_1_301' title='bbox 1312 2178 1356 2226; x_wconf 86' lang='grc' dir='ltr'>τοῦ</span> <span class='ocrx_word' id='word_1_302' title='bbox 1367 2174 1449 2225; x_wconf 78' lang='grc' dir='ltr'>δοκεῖν</span> <span class='ocrx_word' id='word_1_303' title='bbox 1462 2172 1520 2243; x_wconf 76' lang='grc' dir='ltr'>πρὸς</span> <span class='ocrx_word' id='word_1_304' title='bbox 1533 2172 1604 2242; x_wconf 88' lang='grc' dir='ltr'>χάριν</span> <span class='ocrx_word' id='word_1_305' title='bbox 1614 2169 1671 2240; x_wconf 75' lang='grc' dir='ltr'>ύπὶρ</span> <span class='ocrx_word' id='word_1_306' title='bbox 1680 2174 1723 2222; x_wconf 89' lang='grc' dir='ltr'>τοῦ</span> <span class='ocrx_word' id='word_1_307' title='bbox 1734 2170 1841 2241; x_wconf 81' lang='grc' dir='ltr'>Χαύρίου</span> 
     </span>
     <span class='ocr_line' id='line_1_23' title="bbox 269 2246 1841 2324; baseline 0.002 -23"><span class='ocrx_word' id='word_1_308' title='bbox 269 2250 332 2316; x_wconf 89' lang='grc'><strong><em>478,</em></strong></span> <span class='ocrx_word' id='word_1_309' title='bbox 351 2249 376 2299; x_wconf 82' lang='grc'>5.</span> <span class='ocrx_word' id='word_1_310' title='bbox 392 2246 511 2319; x_wconf 79' lang='grc' dir='ltr'>Πρῶτον]</span> <span class='ocrx_word' id='word_1_311' title='bbox 526 2247 600 2301; x_wconf 89' lang='grc' dir='ltr'>πάλιν</span> <span class='ocrx_word' id='word_1_312' title='bbox 614 2248 666 2318; x_wconf 85' lang='grc' dir='ltr'>μετ’</span> <span class='ocrx_word' id='word_1_313' title='bbox 682 2247 795 2310; x_wconf 73' lang='grc' dir='ltr'>ἐκείνους.</span> <span class='ocrx_word' id='word_1_314' title='bbox 808 2251 889 2304; x_wconf 90' lang='lat' dir='ltr'><strong>TCV.</strong></span> <span class='ocrx_word' id='word_1_315' title='bbox 1058 2255 1141 2316; x_wconf 77' lang='grc' dir='ltr'>παιδός</span> <span class='ocrx_word' id='word_1_316' title='bbox 1162 2253 1254 2324; x_wconf 76' lang='grc' dir='ltr'>λέγειν.</span> <span class='ocrx_word' id='word_1_317' title='bbox 1293 2252 1368 2306; x_wconf 85' lang='grc' dir='ltr'>Ἔστι</span> <span class='ocrx_word' id='word_1_318' title='bbox 1389 2251 1416 2305; x_wconf 70' lang='grc' dir='ltr'>δὲ</span> <span class='ocrx_word' id='word_1_319' title='bbox 1438 2248 1511 2317; x_wconf 77' lang='grc' dir='ltr'>ἠθικὴ</span> <span class='ocrx_word' id='word_1_320' title='bbox 1531 2248 1547 2316; x_wconf 75' lang='grc'><strong><em>4</em></strong></span> <span class='ocrx_word' id='word_1_321' title='bbox 1570 2252 1678 2315; x_wconf 87' lang='grc' dir='ltr'>διάνοια,</span> <span class='ocrx_word' id='word_1_322' title='bbox 1695 2250 1728 2311; x_wconf 83' lang='grc' dir='ltr'>ὡς</span> <span class='ocrx_word' id='word_1_323' title='bbox 1741 2252 1771 2303; x_wconf 85' lang='grc' dir='ltr'>ἀν</span> <span class='ocrx_word' id='word_1_324' title='bbox 1795 2257 1841 2304; x_wconf 87' lang='grc' dir='ltr'>τοῦ</span> 
     </span>
     <span class='ocr_line' id='line_1_24' title="bbox 271 2324 1843 2403; baseline 0.002 -23"><span class='ocrx_word' id='word_1_325' title='bbox 271 2329 333 2393; x_wconf 84' lang='grc'><strong><em>478,</em></strong></span> <span class='ocrx_word' id='word_1_326' title='bbox 352 2342 393 2378; x_wconf 79' lang='lat'>12.</span> <span class='ocrx_word' id='word_1_327' title='bbox 412 2324 584 2398; x_wconf 85' lang='grc' dir='ltr'>Ἐπιτιμήθη]</span> <span class='ocrx_word' id='word_1_328' title='bbox 600 2326 655 2380; x_wconf 82' lang='grc' dir='ltr'>ἀντί</span> <span class='ocrx_word' id='word_1_329' title='bbox 668 2331 712 2380; x_wconf 84' lang='grc' dir='ltr'>τοῦ</span> <span class='ocrx_word' id='word_1_330' title='bbox 729 2327 855 2395; x_wconf 81' lang='grc' dir='ltr'>ίδοξάσίη.</span> <span class='ocrx_word' id='word_1_331' title='bbox 866 2331 959 2385; x_wconf 78' lang='lat' dir='ltr'><strong>BRSP.</strong></span> <span class='ocrx_word' id='word_1_332' title='bbox 1060 2335 1203 2403; x_wconf 82' lang='grc' dir='ltr'>πράγματος</span> <span class='ocrx_word' id='word_1_333' title='bbox 1212 2332 1314 2403; x_wconf 72' lang='grc' dir='ltr'>ἔχοντος</span> <span class='ocrx_word' id='word_1_334' title='bbox 1324 2335 1367 2398; x_wconf 81' lang='grc' dir='ltr'>τῆς</span> <span class='ocrx_word' id='word_1_335' title='bbox 1378 2330 1479 2394; x_wconf 86' lang='grc' dir='ltr'>ἀτοπίας</span> <span class='ocrx_word' id='word_1_336' title='bbox 1486 2330 1530 2387; x_wconf 80' lang='grc' dir='ltr'>τόν</span> <span class='ocrx_word' id='word_1_337' title='bbox 1540 2330 1662 2400; x_wconf 81' lang='grc' dir='ltr'>ίλεγχον,</span> <span class='ocrx_word' id='word_1_338' title='bbox 1678 2328 1700 2382; x_wconf 90' lang='grc' dir='ltr'>εί</span> <span class='ocrx_word' id='word_1_339' title='bbox 1708 2327 1748 2382; x_wconf 77' lang='grc' dir='ltr'>ἐπί</span> <span class='ocrx_word' id='word_1_340' title='bbox 1756 2332 1843 2383; x_wconf 79' lang='grc' dir='ltr'>τοσού·</span> 
     </span>
     <span class='ocr_line' id='line_1_25' title="bbox 273 2403 1843 2481; baseline 0.005 -24"><span class='ocrx_word' id='word_1_341' title='bbox 273 2403 347 2457; x_wconf 67' lang='lat' dir='ltr'>&#39;Am</span> <span class='ocrx_word' id='word_1_342' title='bbox 362 2405 404 2456; x_wconf 76' lang='grc' dir='ltr'>καί</span> <span class='ocrx_word' id='word_1_343' title='bbox 422 2404 461 2458; x_wconf 81' lang='grc' dir='ltr'>ύπ“</span> <span class='ocrx_word' id='word_1_344' title='bbox 477 2405 562 2458; x_wconf 86' lang='grc' dir='ltr'>ἀλλων</span> <span class='ocrx_word' id='word_1_345' title='bbox 576 2405 696 2475; x_wconf 79' lang='grc' dir='ltr'>πολλῶν]</span> <span class='ocrx_word' id='word_1_346' title='bbox 713 2406 740 2459; x_wconf 88' lang='grc' dir='ltr'>ού</span> <span class='ocrx_word' id='word_1_347' title='bbox 754 2410 817 2461; x_wconf 85' lang='grc' dir='ltr'>πάνυ</span> <span class='ocrx_word' id='word_1_348' title='bbox 837 2408 886 2479; x_wconf 78' lang='grc' dir='ltr'>γάρ</span> <span class='ocrx_word' id='word_1_349' title='bbox 899 2410 1014 2479; x_wconf 74' lang='grc' dir='ltr'>μέγιστον</span> <span class='ocrx_word' id='word_1_350' title='bbox 1058 2431 1107 2474; x_wconf 89' lang='grc' dir='ltr'>τοις</span> <span class='ocrx_word' id='word_1_351' title='bbox 1126 2414 1167 2465; x_wconf 79' lang='grc' dir='ltr'>καί</span> <span class='ocrx_word' id='word_1_352' title='bbox 1181 2413 1332 2479; x_wconf 87' lang='grc' dir='ltr'>τηλικούτοις</span> <span class='ocrx_word' id='word_1_353' title='bbox 1354 2411 1554 2481; x_wconf 78' lang='grc' dir='ltr'>εύηργετημένοις</span> <span class='ocrx_word' id='word_1_354' title='bbox 1570 2409 1699 2480; x_wconf 71' lang='grc' dir='ltr'>ἀφέλοιντο</span> <span class='ocrx_word' id='word_1_355' title='bbox 1722 2406 1766 2474; x_wconf 65' lang='grc' dir='ltr'>τὴν</span> <span class='ocrx_word' id='word_1_356' title='bbox 1789 2408 1843 2465; x_wconf 77' lang='grc' dir='ltr'>ἀτό·</span> 
     </span>
     <span class='ocr_line' id='line_1_26' title="bbox 233 2482 1841 2562; baseline 0.004 -27"><span class='ocrx_word' id='word_1_357' title='bbox 233 2482 275 2536; x_wconf 86' lang='grc' dir='ltr'>τδν</span> <span class='ocrx_word' id='word_1_358' title='bbox 288 2483 390 2548; x_wconf 91' lang='grc' dir='ltr'>πολίτην</span> <span class='ocrx_word' id='word_1_359' title='bbox 401 2482 444 2549; x_wconf 76' lang='grc' dir='ltr'>τὴν</span> <span class='ocrx_word' id='word_1_360' title='bbox 460 2484 532 2538; x_wconf 87' lang='grc' dir='ltr'>πόλιν</span> <span class='ocrx_word' id='word_1_361' title='bbox 544 2488 629 2555; x_wconf 85' lang='grc' dir='ltr'>τεμεῖν·</span> <span class='ocrx_word' id='word_1_362' title='bbox 644 2486 683 2538; x_wconf 82' lang='grc' dir='ltr'>διὰ</span> <span class='ocrx_word' id='word_1_363' title='bbox 700 2491 772 2539; x_wconf 87' lang='grc' dir='ltr'>τοῦτο</span> <span class='ocrx_word' id='word_1_364' title='bbox 785 2488 918 2558; x_wconf 78' lang='grc' dir='ltr'>προσέθηκε</span> <span class='ocrx_word' id='word_1_365' title='bbox 931 2488 960 2540; x_wconf 77' lang='grc' dir='ltr'>τ“ο</span> <span class='ocrx_word' id='word_1_366' title='bbox 973 2487 1014 2541; x_wconf 77' lang='grc' dir='ltr'>ύιτ’</span> <span class='ocrx_word' id='word_1_367' title='bbox 1057 2491 1139 2545; x_wconf 92' lang='grc' dir='ltr'>λειαν·</span> <span class='ocrx_word' id='word_1_368' title='bbox 1156 2491 1184 2545; x_wconf 89' lang='grc' dir='ltr'>ού</span> <span class='ocrx_word' id='word_1_369' title='bbox 1201 2492 1250 2562; x_wconf 80' lang='grc' dir='ltr'>μὴν</span> <span class='ocrx_word' id='word_1_370' title='bbox 1260 2491 1326 2544; x_wconf 86' lang='grc' dir='ltr'>ἀλλά</span> <span class='ocrx_word' id='word_1_371' title='bbox 1338 2489 1439 2543; x_wconf 88' lang='grc' dir='ltr'>κάκεῖνο</span> <span class='ocrx_word' id='word_1_372' title='bbox 1450 2489 1515 2552; x_wconf 76' lang='grc' dir='ltr'>ἀξιον</span> <span class='ocrx_word' id='word_1_373' title='bbox 1527 2490 1650 2554; x_wconf 80' lang='grc' dir='ltr'>κατιδεῖν,</span> <span class='ocrx_word' id='word_1_374' title='bbox 1665 2490 1703 2541; x_wconf 86' lang='grc' dir='ltr'>δτι</span> <span class='ocrx_word' id='word_1_375' title='bbox 1711 2494 1841 2560; x_wconf 83' lang='grc' dir='ltr'>πανταχοῦ</span> 
     </span>
     <span class='ocr_line' id='line_1_27' title="bbox 233 2562 1843 2639; baseline -0.002 -17"><span class='ocrx_word' id='word_1_376' title='bbox 233 2562 327 2615; x_wconf 64' lang='grc' dir='ltr'>ἄλλων·</span> <span class='ocrx_word' id='word_1_377' title='bbox 341 2564 422 2619; x_wconf 80' lang='lat' dir='ltr'><strong>TCV·</strong></span> <span class='ocrx_word' id='word_1_378' title='bbox 1058 2569 1099 2622; x_wconf 84' lang='grc' dir='ltr'>τόν</span> <span class='ocrx_word' id='word_1_379' title='bbox 1120 2570 1198 2622; x_wconf 85' lang='grc' dir='ltr'>παῖδα</span> <span class='ocrx_word' id='word_1_380' title='bbox 1219 2568 1351 2639; x_wconf 79' lang='grc' dir='ltr'>συμπλέκει</span> <span class='ocrx_word' id='word_1_381' title='bbox 1367 2573 1403 2638; x_wconf 82' lang='grc' dir='ltr'>τῷ</span> <span class='ocrx_word' id='word_1_382' title='bbox 1421 2571 1465 2620; x_wconf 88' lang='grc' dir='ltr'>τοῦ</span> <span class='ocrx_word' id='word_1_383' title='bbox 1484 2566 1574 2637; x_wconf 88' lang='grc' dir='ltr'>πατρδς</span> <span class='ocrx_word' id='word_1_384' title='bbox 1592 2565 1712 2637; x_wconf 84' lang='grc' dir='ltr'>όνόματι,</span> <span class='ocrx_word' id='word_1_385' title='bbox 1726 2567 1768 2619; x_wconf 82' lang='grc' dir='ltr'>καί</span> <span class='ocrx_word' id='word_1_386' title='bbox 1787 2571 1843 2631; x_wconf 83' lang='grc' dir='ltr'>τοῖς</span> 
     </span>
     <span class='ocr_line' id='line_1_28' title="bbox 270 2640 1704 2717; baseline -0.001 -22"><span class='ocrx_word' id='word_1_387' title='bbox 270 2645 332 2711; x_wconf 90' lang='grc'><strong><em>478,</em></strong></span> <span class='ocrx_word' id='word_1_388' title='bbox 346 2643 388 2697; x_wconf 84' lang='lat'>13.</span> <span class='ocrx_word' id='word_1_389' title='bbox 405 2642 437 2694; x_wconf 84' lang='grc' dir='ltr'>θί</span> <span class='ocrx_word' id='word_1_390' title='bbox 450 2643 563 2715; x_wconf 89' lang='grc' dir='ltr'>δικαίως]</span> <span class='ocrx_word' id='word_1_391' title='bbox 576 2644 606 2696; x_wconf 91' lang='grc' dir='ltr'>Τί</span> <span class='ocrx_word' id='word_1_392' title='bbox 627 2640 687 2708; x_wconf 80' lang='grc' dir='ltr'>ούν,</span> <span class='ocrx_word' id='word_1_393' title='bbox 703 2644 729 2696; x_wconf 84' lang='grc' dir='ltr'>οἲ</span> <span class='ocrx_word' id='word_1_394' title='bbox 744 2645 813 2716; x_wconf 80' lang='grc' dir='ltr'>φόύιμ</span> <span class='ocrx_word' id='word_1_395' title='bbox 834 2644 908 2698; x_wconf 87' lang='grc' dir='ltr'>αύτδν</span> <span class='ocrx_word' id='word_1_396' title='bbox 927 2644 1012 2716; x_wconf 76' lang='grc' dir='ltr'>ἔτίμη·</span> <span class='ocrx_word' id='word_1_397' title='bbox 1057 2648 1105 2702; x_wconf 78' lang='grc' dir='ltr'>ἀπὸ</span> <span class='ocrx_word' id='word_1_398' title='bbox 1119 2653 1162 2702; x_wconf 91' lang='grc' dir='ltr'>τοῦ</span> <span class='ocrx_word' id='word_1_399' title='bbox 1174 2649 1263 2717; x_wconf 78' lang='grc' dir='ltr'>πατρός</span> <span class='ocrx_word' id='word_1_400' title='bbox 1274 2645 1306 2707; x_wconf 88' lang='grc' dir='ltr'>είς</span> <span class='ocrx_word' id='word_1_401' title='bbox 1320 2644 1440 2708; x_wconf 78' lang='grc' dir='ltr'>ἀπόδειξιν</span> <span class='ocrx_word' id='word_1_402' title='bbox 1454 2647 1579 2716; x_wconf 73' lang='grc' dir='ltr'>κίχρηται.</span> <span class='ocrx_word' id='word_1_403' title='bbox 1591 2646 1704 2698; x_wconf 83' lang='lat' dir='ltr'>BFRSP.</span> 
     </span>
     <span class='ocr_line' id='line_1_29' title="bbox 232 2720 1841 2799; baseline 0.002 -26"><span class='ocrx_word' id='word_1_404' title='bbox 232 2721 328 2787; x_wconf 79' lang='grc' dir='ltr'>σαν,ή</span> <span class='ocrx_word' id='word_1_405' title='bbox 352 2721 463 2793; x_wconf 82' lang='grc' dir='ltr'>ἀνάγκῃ;</span> <span class='ocrx_word' id='word_1_406' title='bbox 481 2721 522 2774; x_wconf 80' lang='grc' dir='ltr'>διὰ</span> <span class='ocrx_word' id='word_1_407' title='bbox 549 2726 621 2775; x_wconf 88' lang='grc' dir='ltr'>τοῦτο</span> <span class='ocrx_word' id='word_1_408' title='bbox 635 2724 775 2793; x_wconf 79' lang='grc' dir='ltr'>πρόσκειται</span> <span class='ocrx_word' id='word_1_409' title='bbox 794 2722 823 2775; x_wconf 80' lang='grc' dir='ltr'>τύ</span> <span class='ocrx_word' id='word_1_410' title='bbox 839 2724 952 2790; x_wconf 85' lang='grc' dir='ltr'>δικαίως,</span> <span class='ocrx_word' id='word_1_411' title='bbox 971 2725 1013 2779; x_wconf 83' lang='grc' dir='ltr'>ἵνα</span> <span class='ocrx_word' id='word_1_412' title='bbox 1093 2734 1156 2799; x_wconf 87' lang='grc'><strong><em>479,</em></strong></span> <span class='ocrx_word' id='word_1_413' title='bbox 1173 2744 1218 2783; x_wconf 80' lang='grc' dir='ltr'>αι.</span> <span class='ocrx_word' id='word_1_414' title='bbox 1233 2727 1298 2778; x_wconf 87' lang='grc' dir='ltr'>’Ίστε</span> <span class='ocrx_word' id='word_1_415' title='bbox 1313 2725 1356 2796; x_wconf 82' lang='grc' dir='ltr'>μὲν</span> <span class='ocrx_word' id='word_1_416' title='bbox 1375 2720 1419 2777; x_wconf 83' lang='grc' dir='ltr'>ούν</span> <span class='ocrx_word' id='word_1_417' title='bbox 1434 2724 1491 2787; x_wconf 83' lang='grc' dir='ltr'>ίσως</span> <span class='ocrx_word' id='word_1_418' title='bbox 1510 2724 1551 2776; x_wconf 78' lang='grc' dir='ltr'>καί</span> <span class='ocrx_word' id='word_1_419' title='bbox 1567 2725 1624 2778; x_wconf 84' lang='grc' dir='ltr'>ἀνευ</span> <span class='ocrx_word' id='word_1_420' title='bbox 1643 2728 1685 2777; x_wconf 88' lang='grc' dir='ltr'>τοῦ</span> <span class='ocrx_word' id='word_1_421' title='bbox 1706 2723 1761 2794; x_wconf 88' lang='grc' dir='ltr'>παρ’</span> <span class='ocrx_word' id='word_1_422' title='bbox 1778 2722 1841 2793; x_wconf 76' lang='grc' dir='ltr'>ἐμοῦ</span> 
     </span>
     <span class='ocr_line' id='line_1_30' title="bbox 233 2799 1840 2879; baseline -0.011 -7"><span class='ocrx_word' id='word_1_423' title='bbox 233 2799 327 2871; x_wconf 57' lang='grc' dir='ltr'>καθαρὰ</span> <span class='ocrx_word' id='word_1_424' title='bbox 339 2799 354 2867; x_wconf 75' lang='grc'><strong><em>4</em></strong></span> <span class='ocrx_word' id='word_1_425' title='bbox 368 2800 504 2871; x_wconf 59' lang='grc' dir='ltr'>Τίλοῐῑίῑία·</span> <span class='ocrx_word' id='word_1_426' title='bbox 519 2802 601 2855; x_wconf 75' lang='lat' dir='ltr'><strong>TCV·</strong></span> <span class='ocrx_word' id='word_1_427' title='bbox 1059 2809 1151 2879; x_wconf 89' lang='grc' dir='ltr'>λόγου]</span> <span class='ocrx_word' id='word_1_428' title='bbox 1168 2805 1339 2879; x_wconf 80' lang='grc' dir='ltr'>Προκατελαόε</span> <span class='ocrx_word' id='word_1_429' title='bbox 1357 2806 1400 2859; x_wconf 81' lang='grc' dir='ltr'>τόν</span> <span class='ocrx_word' id='word_1_430' title='bbox 1413 2805 1551 2870; x_wconf 83' lang='grc' dir='ltr'>ἀκούοντα,</span> <span class='ocrx_word' id='word_1_431' title='bbox 1568 2806 1676 2875; x_wconf 86' lang='grc' dir='ltr'>μάρτυρα</span> <span class='ocrx_word' id='word_1_432' title='bbox 1689 2808 1737 2854; x_wconf 80' lang='grc' dir='ltr'>τῶν</span> <span class='ocrx_word' id='word_1_433' title='bbox 1753 2800 1840 2855; x_wconf 77' lang='grc' dir='ltr'>ἑαυτοῦ</span> 
     </span>
     <span class='ocr_line' id='line_1_31' title="bbox 269 2879 1840 2959; baseline -0.004 -17"><span class='ocrx_word' id='word_1_434' title='bbox 269 2883 331 2946; x_wconf 75' lang='grc'><strong><em>473,</em></strong></span> <span class='ocrx_word' id='word_1_435' title='bbox 353 2885 394 2933; x_wconf 74' lang='lat'>15·</span> <span class='ocrx_word' id='word_1_436' title='bbox 410 2879 458 2947; x_wconf 71' lang='grc' dir='ltr'>Τῆς</span> <span class='ocrx_word' id='word_1_437' title='bbox 472 2880 498 2932; x_wconf 62' lang='grc' dir='ltr'>δὲ</span> <span class='ocrx_word' id='word_1_438' title='bbox 517 2881 572 2950; x_wconf 61' lang='grc' dir='ltr'>παρ’</span> <span class='ocrx_word' id='word_1_439' title='bbox 588 2880 659 2951; x_wconf 60' lang='grc' dir='ltr'>θεῶν</span> <span class='ocrx_word' id='word_1_440' title='bbox 684 2881 757 2951; x_wconf 60' lang='grc'><strong><em>444804</em></strong></span> <span class='ocrx_word' id='word_1_441' title='bbox 773 2881 839 2934; x_wconf 61' lang='lat'><strong>1051&#39;</strong></span> <span class='ocrx_word' id='word_1_442' title='bbox 857 2880 1013 2951; x_wconf 63' lang='grc' dir='ltr'>θφᾰφεθήῦῑ·</span> <span class='ocrx_word' id='word_1_443' title='bbox 1056 2891 1219 2959; x_wconf 73' lang='grc' dir='ltr'>ποιησάμενος</span> <span class='ocrx_word' id='word_1_444' title='bbox 1240 2886 1338 2958; x_wconf 91' lang='grc' dir='ltr'>λόγων,</span> <span class='ocrx_word' id='word_1_445' title='bbox 1358 2887 1401 2939; x_wconf 81' lang='grc' dir='ltr'>ἵνα</span> <span class='ocrx_word' id='word_1_446' title='bbox 1424 2884 1561 2939; x_wconf 81' lang='grc' dir='ltr'>εἰσθάλλων</span> <span class='ocrx_word' id='word_1_447' title='bbox 1576 2883 1609 2947; x_wconf 87' lang='grc' dir='ltr'>είς</span> <span class='ocrx_word' id='word_1_448' title='bbox 1623 2883 1654 2936; x_wconf 89' lang='grc' dir='ltr'>τά</span> <span class='ocrx_word' id='word_1_449' title='bbox 1671 2887 1714 2935; x_wconf 91' lang='grc' dir='ltr'>τοῦ</span> <span class='ocrx_word' id='word_1_450' title='bbox 1732 2882 1840 2953; x_wconf 80' lang='grc' dir='ltr'>Χαύρίου</span> 
     </span>
     <span class='ocr_line' id='line_1_32' title="bbox 231 2956 1842 3038; baseline -0.006 -16"><span class='ocrx_word' id='word_1_451' title='bbox 231 2959 290 3028; x_wconf 66' lang='lat' dir='ltr'>W]</span> <span class='ocrx_word' id='word_1_452' title='bbox 303 2956 929 3028; x_wconf 52' lang='lat' dir='ltr'>devmpeflviemtquww{mamam</span> <span class='ocrx_word' id='word_1_453' title='bbox 941 2957 1012 3029; x_wconf 65' lang='grc' dir='ltr'>ἀφαῑ·</span> <span class='ocrx_word' id='word_1_454' title='bbox 1056 2965 1166 3038; x_wconf 81' lang='grc' dir='ltr'>ἐγκώμια</span> <span class='ocrx_word' id='word_1_455' title='bbox 1186 2965 1219 3037; x_wconf 79' lang='grc' dir='ltr'>μὴ</span> <span class='ocrx_word' id='word_1_456' title='bbox 1240 2967 1323 3036; x_wconf 83' lang='grc' dir='ltr'>χάριτι</span> <span class='ocrx_word' id='word_1_457' title='bbox 1338 2966 1400 3036; x_wconf 78' lang='grc' dir='ltr'>δοκῇ</span> <span class='ocrx_word' id='word_1_458' title='bbox 1414 2965 1456 3019; x_wconf 85' lang='grc' dir='ltr'>τόν</span> <span class='ocrx_word' id='word_1_459' title='bbox 1474 2963 1550 3034; x_wconf 89' lang='grc' dir='ltr'>λόγον</span> <span class='ocrx_word' id='word_1_460' title='bbox 1564 2964 1695 3017; x_wconf 86' lang='grc' dir='ltr'>ποιεῖσθαι.</span> <span class='ocrx_word' id='word_1_461' title='bbox 1733 2961 1842 3032; x_wconf 81' lang='grc' dir='ltr'>Συναγα-</span> 
     </span>
     <span class='ocr_line' id='line_1_33' title="bbox 231 3035 1841 3117; baseline -0.004 -19"><span class='ocrx_word' id='word_1_462' title='bbox 231 3037 326 3106; x_wconf 64' lang='grc' dir='ltr'>ρίῖθθαῑ</span> <span class='ocrx_word' id='word_1_463' title='bbox 343 3036 385 3098; x_wconf 64' lang='grc' dir='ltr'>τὰς</span> <span class='ocrx_word' id='word_1_464' title='bbox 400 3037 530 3107; x_wconf 47' lang='lat' dir='ltr'>&amp;ww</span> <span class='ocrx_word' id='word_1_465' title='bbox 543 3037 615 3109; x_wconf 61' lang='grc' dir='ltr'>ῖῑμθε</span> <span class='ocrx_word' id='word_1_466' title='bbox 631 3042 666 3108; x_wconf 70' lang='grc' dir='ltr'>τῷ</span> <span class='ocrx_word' id='word_1_467' title='bbox 684 3037 795 3101; x_wconf 54' lang='lat' dir='ltr'>Mum.</span> <span class='ocrx_word' id='word_1_468' title='bbox 813 3035 879 3089; x_wconf 67' lang='grc' dir='ltr'>ἀλλὰ</span> <span class='ocrx_word' id='word_1_469' title='bbox 898 3035 942 3103; x_wconf 75' lang='grc' dir='ltr'>τὴν</span> <span class='ocrx_word' id='word_1_470' title='bbox 957 3036 1012 3091; x_wconf 86' lang='grc' dir='ltr'>ἀτί·</span> <span class='ocrx_word' id='word_1_471' title='bbox 1056 3047 1166 3117; x_wconf 88' lang='grc' dir='ltr'>ρεύσουσι</span> <span class='ocrx_word' id='word_1_472' title='bbox 1181 3046 1207 3100; x_wconf 83' lang='grc' dir='ltr'>δὲ</span> <span class='ocrx_word' id='word_1_473' title='bbox 1218 3045 1260 3098; x_wconf 81' lang='grc' dir='ltr'>καί</span> <span class='ocrx_word' id='word_1_474' title='bbox 1271 3043 1340 3097; x_wconf 86' lang='grc' dir='ltr'>αύτοί</span> <span class='ocrx_word' id='word_1_475' title='bbox 1357 3044 1394 3097; x_wconf 86' lang='grc' dir='ltr'>ότι</span> <span class='ocrx_word' id='word_1_476' title='bbox 1410 3043 1541 3104; x_wconf 87' lang='grc' dir='ltr'>σπουδαῖος</span> <span class='ocrx_word' id='word_1_477' title='bbox 1554 3037 1614 3109; x_wconf 80' lang='grc' dir='ltr'>ήνό</span> <span class='ocrx_word' id='word_1_478' title='bbox 1635 3038 1705 3110; x_wconf 72' lang='grc' dir='ltr'>ἀνήρ,</span> <span class='ocrx_word' id='word_1_479' title='bbox 1720 3040 1763 3092; x_wconf 88' lang='grc' dir='ltr'>ίνα</span> <span class='ocrx_word' id='word_1_480' title='bbox 1779 3040 1841 3111; x_wconf 71' lang='grc' dir='ltr'>καὶ,</span> 
     </span>
     <span class='ocr_line' id='line_1_34' title="bbox 231 3116 1840 3196; baseline 0.01 -29"><span class='ocrx_word' id='word_1_481' title='bbox 231 3116 299 3168; x_wconf 85' lang='grc' dir='ltr'>λειαν</span> <span class='ocrx_word' id='word_1_482' title='bbox 318 3117 405 3186; x_wconf 83' lang='grc' dir='ltr'>μόνην.</span> <span class='ocrx_word' id='word_1_483' title='bbox 421 3116 501 3169; x_wconf 88' lang='lat' dir='ltr'>TCV.</span> <span class='ocrx_word' id='word_1_484' title='bbox 1057 3124 1081 3178; x_wconf 87' lang='grc' dir='ltr'>εί</span> <span class='ocrx_word' id='word_1_485' title='bbox 1100 3145 1124 3179; x_wconf 86' lang='grc' dir='ltr'>τι</span> <span class='ocrx_word' id='word_1_486' title='bbox 1147 3125 1280 3196; x_wconf 79' lang='grc' dir='ltr'>ἁμάρτημα</span> <span class='ocrx_word' id='word_1_487' title='bbox 1292 3122 1348 3194; x_wconf 80' lang='grc' dir='ltr'>περὶ</span> <span class='ocrx_word' id='word_1_488' title='bbox 1363 3122 1405 3175; x_wconf 77' lang='grc' dir='ltr'>τὸν</span> <span class='ocrx_word' id='word_1_489' title='bbox 1432 3123 1511 3176; x_wconf 85' lang='grc' dir='ltr'>παῖδα</span> <span class='ocrx_word' id='word_1_490' title='bbox 1528 3121 1661 3192; x_wconf 63' lang='grc' dir='ltr'>τυγχάνω,</span> <span class='ocrx_word' id='word_1_491' title='bbox 1686 3117 1720 3190; x_wconf 69' lang='grc' dir='ltr'>νδ</span> <span class='ocrx_word' id='word_1_492' title='bbox 1735 3123 1777 3185; x_wconf 66' lang='grc' dir='ltr'>Τθε</span> <span class='ocrx_word' id='word_1_493' title='bbox 1794 3124 1840 3173; x_wconf 70' lang='grc' dir='ltr'>τοῦ</span> 
     </span>
     <span class='ocr_line' id='line_1_35' title="bbox 266 3195 1841 3275; baseline 0.001 -26"><span class='ocrx_word' id='word_1_494' title='bbox 266 3196 329 3264; x_wconf 86' lang='grc'><strong><em>478,</em></strong></span> <span class='ocrx_word' id='word_1_495' title='bbox 343 3211 390 3250; x_wconf 78' lang='grc' dir='ltr'>αι.</span> <span class='ocrx_word' id='word_1_496' title='bbox 411 3195 619 3266; x_wconf 82' lang='grc' dir='ltr'>Κατεναυμάχησι</span> <span class='ocrx_word' id='word_1_497' title='bbox 634 3196 838 3267; x_wconf 78' lang='grc' dir='ltr'>Λακεδαιμονίους</span> <span class='ocrx_word' id='word_1_498' title='bbox 849 3196 859 3266; x_wconf 91' lang='grc'>]</span> <span class='ocrx_word' id='word_1_499' title='bbox 872 3195 1012 3265; x_wconf 83' lang='grc' dir='ltr'>Σημείωσαι</span> <span class='ocrx_word' id='word_1_500' title='bbox 1055 3205 1144 3274; x_wconf 63' lang='grc' dir='ltr'>πατρὸς</span> <span class='ocrx_word' id='word_1_501' title='bbox 1155 3203 1256 3275; x_wconf 77' lang='grc' dir='ltr'>ἀγωγῆς</span> <span class='ocrx_word' id='word_1_502' title='bbox 1271 3203 1301 3257; x_wconf 80' lang='grc' dir='ltr'>τό</span> <span class='ocrx_word' id='word_1_503' title='bbox 1315 3203 1477 3271; x_wconf 76' lang='grc' dir='ltr'>κατηγόρημα</span> <span class='ocrx_word' id='word_1_504' title='bbox 1490 3201 1600 3267; x_wconf 83' lang='grc' dir='ltr'>γένηται.</span> <span class='ocrx_word' id='word_1_505' title='bbox 1637 3196 1689 3253; x_wconf 82' lang='grc' dir='ltr'>Ούκ</span> <span class='ocrx_word' id='word_1_506' title='bbox 1706 3197 1841 3269; x_wconf 86' lang='grc' dir='ltr'>ἀπολογεῖ-</span> 
     </span>
     <span class='ocr_line' id='line_1_36' title="bbox 232 3272 1840 3352; baseline 0.001 -25"><span class='ocrx_word' id='word_1_507' title='bbox 232 3272 262 3327; x_wconf 87' lang='grc' dir='ltr'>τδ</span> <span class='ocrx_word' id='word_1_508' title='bbox 277 3275 478 3345; x_wconf 82' lang='grc' dir='ltr'>καταναυμαχεῖν</span> <span class='ocrx_word' id='word_1_509' title='bbox 493 3273 525 3335; x_wconf 89' lang='grc' dir='ltr'>είς</span> <span class='ocrx_word' id='word_1_510' title='bbox 535 3272 670 3341; x_wconf 77' lang='grc' dir='ltr'>αἰτιατικὴν</span> <span class='ocrx_word' id='word_1_511' title='bbox 680 3273 867 3344; x_wconf 86' lang='grc' dir='ltr'>ἀποδιδόμενον.</span> <span class='ocrx_word' id='word_1_512' title='bbox 878 3292 931 3327; x_wconf 80' lang='grc' dir='ltr'>τοο.</span> <span class='ocrx_word' id='word_1_513' title='bbox 947 3275 974 3328; x_wconf 86' lang='lat' dir='ltr'>S.</span> <span class='ocrx_word' id='word_1_514' title='bbox 1055 3300 1095 3334; x_wconf 72' lang='grc' dir='ltr'>ται</span> <span class='ocrx_word' id='word_1_515' title='bbox 1106 3282 1127 3333; x_wconf 78' lang='grc' dir='ltr'>δ’</span> <span class='ocrx_word' id='word_1_516' title='bbox 1141 3281 1199 3352; x_wconf 65' lang='grc' dir='ltr'>όπὲρ</span> <span class='ocrx_word' id='word_1_517' title='bbox 1208 3285 1251 3346; x_wconf 72' lang='grc' dir='ltr'>τῆς</span> <span class='ocrx_word' id='word_1_518' title='bbox 1262 3283 1391 3350; x_wconf 65' lang='grc' dir='ltr'>ποιότητος</span> <span class='ocrx_word' id='word_1_519' title='bbox 1400 3284 1442 3332; x_wconf 74' lang='grc' dir='ltr'>τοῦ</span> <span class='ocrx_word' id='word_1_520' title='bbox 1453 3279 1553 3343; x_wconf 74' lang='grc' dir='ltr'>παιδός,</span> <span class='ocrx_word' id='word_1_521' title='bbox 1563 3276 1607 3329; x_wconf 87' lang='grc' dir='ltr'>ίνα</span> <span class='ocrx_word' id='word_1_522' title='bbox 1620 3274 1676 3347; x_wconf 77' lang='grc' dir='ltr'>[μὴ]</span> <span class='ocrx_word' id='word_1_523' title='bbox 1687 3277 1748 3347; x_wconf 75' lang='grc' dir='ltr'>δοκῇ</span> <span class='ocrx_word' id='word_1_524' title='bbox 1756 3278 1840 3347; x_wconf 75' lang='grc' dir='ltr'>ὥσπερ</span> 
     </span>
     <span class='ocr_line' id='line_1_37' title="bbox 267 3353 1840 3433; baseline -0.006 -16"><span class='ocrx_word' id='word_1_525' title='bbox 267 3357 329 3421; x_wconf 78' lang='grc'><strong><em>473,</em></strong></span> <span class='ocrx_word' id='word_1_526' title='bbox 345 3358 390 3417; x_wconf 68' lang='grc'>24·</span> <span class='ocrx_word' id='word_1_527' title='bbox 413 3354 485 3421; x_wconf 65' lang='grc' dir='ltr'>Γίῡίη</span> <span class='ocrx_word' id='word_1_528' title='bbox 499 3355 522 3405; x_wconf 72' lang='grc' dir='ltr'>δ’</span> <span class='ocrx_word' id='word_1_529' title='bbox 534 3355 564 3407; x_wconf 62' lang='grc' dir='ltr'>ἄν</span> <span class='ocrx_word' id='word_1_530' title='bbox 589 3373 624 3417; x_wconf 65' lang='grc' dir='ltr'>ῐῑί</span> <span class='ocrx_word' id='word_1_531' title='bbox 636 3353 658 3408; x_wconf 71' lang='grc' dir='ltr'>ῑί</span> <span class='ocrx_word' id='word_1_532' title='bbox 671 3354 789 3424; x_wconf 56' lang='grc'><strong><em>84749444</em></strong></span> <span class='ocrx_word' id='word_1_533' title='bbox 799 3357 808 3420; x_wconf 83' lang='grc' dir='ltr'>ί</span> <span class='ocrx_word' id='word_1_534' title='bbox 819 3353 874 3423; x_wconf 64' lang='grc'>04].</span> <span class='ocrx_word' id='word_1_535' title='bbox 891 3353 951 3407; x_wconf 59' lang='grc' dir='ltr'>44οί</span> <span class='ocrx_word' id='word_1_536' title='bbox 968 3354 1011 3407; x_wconf 68' lang='lat' dir='ltr'>tbv</span> <span class='ocrx_word' id='word_1_537' title='bbox 1054 3362 1144 3422; x_wconf 76' lang='grc' dir='ltr'>κνίζειν</span> <span class='ocrx_word' id='word_1_538' title='bbox 1159 3359 1227 3423; x_wconf 83' lang='grc' dir='ltr'>εύθίις</span> <span class='ocrx_word' id='word_1_539' title='bbox 1244 3360 1269 3414; x_wconf 74' lang='grc' dir='ltr'>ἐν</span> <span class='ocrx_word' id='word_1_540' title='bbox 1284 3358 1351 3433; x_wconf 79' lang='grc' dir='ltr'>ἀρχῇ</span> <span class='ocrx_word' id='word_1_541' title='bbox 1365 3358 1421 3421; x_wconf 79' lang='grc' dir='ltr'>τούς</span> <span class='ocrx_word' id='word_1_542' title='bbox 1441 3356 1585 3419; x_wconf 79' lang='grc' dir='ltr'>ἀκούοντας·</span> <span class='ocrx_word' id='word_1_543' title='bbox 1604 3357 1732 3426; x_wconf 83' lang='grc' dir='ltr'>προϊόντος</span> <span class='ocrx_word' id='word_1_544' title='bbox 1747 3354 1774 3407; x_wconf 80' lang='grc' dir='ltr'>δὲ</span> <span class='ocrx_word' id='word_1_545' title='bbox 1793 3360 1840 3408; x_wconf 89' lang='grc' dir='ltr'>τοῦ</span> 
     </span>
     <span class='ocr_line' id='line_1_38' title="bbox 231 3433 1840 3509; baseline 0.001 -22"><span class='ocrx_word' id='word_1_546' title='bbox 231 3434 398 3506; x_wconf 76' lang='grc' dir='ltr'>θεμιστοκλία</span> <span class='ocrx_word' id='word_1_547' title='bbox 413 3435 566 3506; x_wconf 81' lang='grc' dir='ltr'>παραύάλλει</span> <span class='ocrx_word' id='word_1_548' title='bbox 585 3436 639 3507; x_wconf 84' lang='grc' dir='ltr'>όλιμ</span> <span class='ocrx_word' id='word_1_549' title='bbox 652 3441 688 3507; x_wconf 80' lang='grc' dir='ltr'>τῷ</span> <span class='ocrx_word' id='word_1_550' title='bbox 702 3436 812 3500; x_wconf 82' lang='grc' dir='ltr'>Ιίόνωνι,</span> <span class='ocrx_word' id='word_1_551' title='bbox 839 3433 905 3491; x_wconf 79' lang='grc' dir='ltr'>ἀλλά</span> <span class='ocrx_word' id='word_1_552' title='bbox 931 3454 1011 3505; x_wconf 85' lang='grc' dir='ltr'>τειχο-</span> <span class='ocrx_word' id='word_1_553' title='bbox 1054 3437 1188 3509; x_wconf 78' lang='grc' dir='ltr'>λόγουτήν</span> <span class='ocrx_word' id='word_1_554' title='bbox 1210 3436 1347 3508; x_wconf 86' lang='grc' dir='ltr'>ἀπολογίαν</span> <span class='ocrx_word' id='word_1_555' title='bbox 1367 3437 1512 3502; x_wconf 86' lang='grc' dir='ltr'>πεποίηται,</span> <span class='ocrx_word' id='word_1_556' title='bbox 1535 3434 1625 3499; x_wconf 77' lang='grc' dir='ltr'>εἰπὼν,</span> <span class='ocrx_word' id='word_1_557' title='bbox 1638 3434 1663 3488; x_wconf 79' lang='grc' dir='ltr'>ἔν</span> <span class='ocrx_word' id='word_1_558' title='bbox 1677 3433 1781 3504; x_wconf 56' lang='grc' dir='ltr'>δρψνίᾳ</span> <span class='ocrx_word' id='word_1_559' title='bbox 1797 3436 1840 3488; x_wconf 83' lang='grc' dir='ltr'>τί·</span> 
     </span>
     <span class='ocr_line' id='line_1_39' title="bbox 231 3507 1837 3586; baseline -0.002 -19"><span class='ocrx_word' id='word_1_560' title='bbox 231 3510 473 3583; x_wconf 75' lang='grc' dir='ltr'>ποείαντιιχοποιίμ.</span> <span class='ocrx_word' id='word_1_561' title='bbox 510 3512 561 3566; x_wconf 81' lang='grc' dir='ltr'>(λύε</span> <span class='ocrx_word' id='word_1_562' title='bbox 573 3512 621 3567; x_wconf 81' lang='grc' dir='ltr'>ἀπό</span> <span class='ocrx_word' id='word_1_563' title='bbox 633 3514 731 3567; x_wconf 88' lang='grc' dir='ltr'>πάντων</span> <span class='ocrx_word' id='word_1_564' title='bbox 742 3507 844 3567; x_wconf 78' lang='grc' dir='ltr'>ούντύιν</span> <span class='ocrx_word' id='word_1_565' title='bbox 857 3515 939 3566; x_wconf 88' lang='grc' dir='ltr'>τόπων</span> <span class='ocrx_word' id='word_1_566' title='bbox 954 3531 1011 3582; x_wconf 81' lang='grc' dir='ltr'>συγ·</span> <span class='ocrx_word' id='word_1_567' title='bbox 1054 3518 1156 3586; x_wconf 84' lang='grc' dir='ltr'>θραπται</span> <span class='ocrx_word' id='word_1_568' title='bbox 1171 3516 1211 3569; x_wconf 79' lang='grc' dir='ltr'>διά</span> <span class='ocrx_word' id='word_1_569' title='bbox 1225 3514 1269 3581; x_wconf 74' lang='grc' dir='ltr'>τὴν</span> <span class='ocrx_word' id='word_1_570' title='bbox 1287 3520 1330 3571; x_wconf 86' lang='grc' dir='ltr'>τοῦ</span> <span class='ocrx_word' id='word_1_571' title='bbox 1343 3517 1432 3585; x_wconf 80' lang='grc' dir='ltr'>πατρός</span> <span class='ocrx_word' id='word_1_572' title='bbox 1441 3514 1578 3584; x_wconf 86' lang='grc' dir='ltr'>ἀναίρεσιν·</span> <span class='ocrx_word' id='word_1_573' title='bbox 1594 3513 1627 3574; x_wconf 88' lang='grc' dir='ltr'>όις</span> <span class='ocrx_word' id='word_1_574' title='bbox 1640 3511 1705 3565; x_wconf 86' lang='grc' dir='ltr'>εἷναι</span> <span class='ocrx_word' id='word_1_575' title='bbox 1718 3529 1837 3582; x_wconf 84' lang='grc' dir='ltr'>μεταστα-</span> 
     </span>
     <span class='ocr_line' id='line_1_40' title="bbox 231 3588 1838 3665; baseline -0.001 -21"><span class='ocrx_word' id='word_1_576' title='bbox 231 3593 321 3662; x_wconf 87' lang='grc' dir='ltr'>κρίνειν</span> <span class='ocrx_word' id='word_1_577' title='bbox 334 3591 455 3662; x_wconf 73' lang='grc' dir='ltr'>ἐπιχειρεῖ</span> <span class='ocrx_word' id='word_1_578' title='bbox 470 3596 506 3664; x_wconf 72' lang='grc' dir='ltr'>τί]</span> <span class='ocrx_word' id='word_1_579' title='bbox 521 3591 740 3662; x_wconf 79' lang='grc' dir='ltr'>θεμιστοκλεῖτδν</span> <span class='ocrx_word' id='word_1_580' title='bbox 758 3590 948 3645; x_wconf 76' lang='grc' dir='ltr'>Κόνωνα-οὖδί</span> <span class='ocrx_word' id='word_1_581' title='bbox 963 3590 1011 3662; x_wconf 78' lang='grc' dir='ltr'>γάρ</span> <span class='ocrx_word' id='word_1_582' title='bbox 1055 3592 1124 3660; x_wconf 78' lang='grc' dir='ltr'>τεκὴν</span> <span class='ocrx_word' id='word_1_583' title='bbox 1140 3592 1184 3659; x_wconf 79' lang='grc' dir='ltr'>τὴν</span> <span class='ocrx_word' id='word_1_584' title='bbox 1209 3593 1358 3665; x_wconf 86' lang='grc' dir='ltr'>ἀπολογίαν·</span> <span class='ocrx_word' id='word_1_585' title='bbox 1377 3592 1398 3647; x_wconf 89' lang='grc' dir='ltr'>εί</span> <span class='ocrx_word' id='word_1_586' title='bbox 1413 3592 1462 3663; x_wconf 88' lang='grc' dir='ltr'>γάρ</span> <span class='ocrx_word' id='word_1_587' title='bbox 1479 3590 1537 3661; x_wconf 76' lang='grc' dir='ltr'>ύπὲρ</span> <span class='ocrx_word' id='word_1_588' title='bbox 1555 3589 1685 3656; x_wconf 70' lang='grc' dir='ltr'>Ἀθηναίων</span> <span class='ocrx_word' id='word_1_589' title='bbox 1706 3588 1838 3657; x_wconf 85' lang='grc' dir='ltr'>ἀπιίιλετο,</span> 
     </span>
     <span class='ocr_line' id='line_1_41' title="bbox 232 3668 1652 3743; baseline 0.001 -21"><span class='ocrx_word' id='word_1_590' title='bbox 232 3670 258 3723; x_wconf 88' lang='grc' dir='ltr'>αί</span> <span class='ocrx_word' id='word_1_591' title='bbox 276 3669 370 3740; x_wconf 79' lang='grc' dir='ltr'>πράξεις</span> <span class='ocrx_word' id='word_1_592' title='bbox 383 3669 475 3741; x_wconf 82' lang='grc' dir='ltr'>ἀμφοῖν</span> <span class='ocrx_word' id='word_1_593' title='bbox 495 3671 704 3741; x_wconf 84' lang='grc' dir='ltr'>παραπλήσιαι-,</span> <span class='ocrx_word' id='word_1_594' title='bbox 720 3669 786 3723; x_wconf 82' lang='grc' dir='ltr'>ἀλλά</span> <span class='ocrx_word' id='word_1_595' title='bbox 810 3668 859 3724; x_wconf 84' lang='grc' dir='ltr'>άπδ</span> <span class='ocrx_word' id='word_1_596' title='bbox 870 3673 913 3735; x_wconf 74' lang='grc' dir='ltr'>τῆς</span> <span class='ocrx_word' id='word_1_597' title='bbox 930 3689 1011 3740; x_wconf 84' lang='grc' dir='ltr'>τειχο-</span> <span class='ocrx_word' id='word_1_598' title='bbox 1055 3672 1095 3725; x_wconf 83' lang='grc' dir='ltr'>δεδι</span> <span class='ocrx_word' id='word_1_599' title='bbox 1109 3673 1151 3727; x_wconf 85' lang='grc' dir='ltr'>τίεν</span> <span class='ocrx_word' id='word_1_600' title='bbox 1165 3675 1244 3743; x_wconf 82' lang='grc' dir='ltr'>δῆμον</span> <span class='ocrx_word' id='word_1_601' title='bbox 1254 3673 1269 3726; x_wconf 91' lang='grc' dir='ltr'>ό</span> <span class='ocrx_word' id='word_1_602' title='bbox 1280 3675 1337 3735; x_wconf 89' lang='grc' dir='ltr'>παῖς</span> <span class='ocrx_word' id='word_1_603' title='bbox 1345 3675 1453 3733; x_wconf 88' lang='grc' dir='ltr'>τοιοῦτος</span> <span class='ocrx_word' id='word_1_604' title='bbox 1463 3672 1561 3741; x_wconf 78' lang='grc' dir='ltr'>γόγονε.</span> <span class='ocrx_word' id='word_1_605' title='bbox 1573 3670 1652 3724; x_wconf 81' lang='lat' dir='ltr'><strong>TCV.</strong></span> 
     </span>
     <span class='ocr_line' id='line_1_42' title="bbox 231 3743 1840 3821; baseline -0.002 -19"><span class='ocrx_word' id='word_1_606' title='bbox 231 3748 311 3811; x_wconf 88' lang='grc' dir='ltr'>ποιίας</span> <span class='ocrx_word' id='word_1_607' title='bbox 322 3751 408 3820; x_wconf 87' lang='grc' dir='ltr'>μόνης.</span> <span class='ocrx_word' id='word_1_608' title='bbox 445 3749 480 3802; x_wconf 69' lang='grc' dir='ltr'>(δύ</span> <span class='ocrx_word' id='word_1_609' title='bbox 494 3749 541 3820; x_wconf 78' lang='grc' dir='ltr'>γὰρ</span> <span class='ocrx_word' id='word_1_610' title='bbox 559 3748 694 3821; x_wconf 82' lang='grc' dir='ltr'>ἀναγκαῖόν</span> <span class='ocrx_word' id='word_1_611' title='bbox 713 3749 778 3802; x_wconf 72' lang='grc' dir='ltr'>ἔστιν</span> <span class='ocrx_word' id='word_1_612' title='bbox 794 3748 841 3819; x_wconf 75' lang='lat' dir='ltr'>[lv]</span> <span class='ocrx_word' id='word_1_613' title='bbox 850 3751 904 3809; x_wconf 89' lang='grc' dir='ltr'>ταῖς</span> <span class='ocrx_word' id='word_1_614' title='bbox 912 3752 1010 3819; x_wconf 86' lang='grc' dir='ltr'>ουγκρί-</span> <span class='ocrx_word' id='word_1_615' title='bbox 1089 3754 1151 3820; x_wconf 89' lang='grc'><strong><em>479,</em></strong></span> <span class='ocrx_word' id='word_1_616' title='bbox 1165 3752 1207 3803; x_wconf 80' lang='grc' dir='ltr'>ο5.</span> <span class='ocrx_word' id='word_1_617' title='bbox 1222 3750 1269 3802; x_wconf 81' lang='grc' dir='ltr'>Καί</span> <span class='ocrx_word' id='word_1_618' title='bbox 1278 3750 1311 3812; x_wconf 85' lang='grc' dir='ltr'>ὡς</span> <span class='ocrx_word' id='word_1_619' title='bbox 1321 3750 1453 3821; x_wconf 79' lang='grc' dir='ltr'>Γοργώπαν</span> <span class='ocrx_word' id='word_1_620' title='bbox 1466 3746 1607 3818; x_wconf 82' lang='grc' dir='ltr'>άπίκτεινε]</span> <span class='ocrx_word' id='word_1_621' title='bbox 1618 3743 1753 3818; x_wconf 79' lang='grc' dir='ltr'>στρατηγός</span> <span class='ocrx_word' id='word_1_622' title='bbox 1762 3746 1840 3799; x_wconf 83' lang='grc' dir='ltr'>Δακε-</span> 
     </span>
     <span class='ocr_line' id='line_1_43' title="bbox 231 3823 1840 3900; baseline -0.003 -19"><span class='ocrx_word' id='word_1_623' title='bbox 231 3848 283 3882; x_wconf 89' lang='grc' dir='ltr'>σεσι</span> <span class='ocrx_word' id='word_1_624' title='bbox 300 3830 379 3883; x_wconf 84' lang='grc' dir='ltr'>πάντα</span> <span class='ocrx_word' id='word_1_625' title='bbox 400 3832 458 3883; x_wconf 84' lang='grc' dir='ltr'>πᾶσι</span> <span class='ocrx_word' id='word_1_626' title='bbox 476 3829 651 3900; x_wconf 82' lang='grc' dir='ltr'>παραόάλλεεν.</span> <span class='ocrx_word' id='word_1_627' title='bbox 690 3829 737 3881; x_wconf 66' lang='lat' dir='ltr'>lm</span> <span class='ocrx_word' id='word_1_628' title='bbox 758 3827 896 3899; x_wconf 84' lang='grc' dir='ltr'>Ἰσοκράτης</span> <span class='ocrx_word' id='word_1_629' title='bbox 916 3829 964 3900; x_wconf 80' lang='grc' dir='ltr'>γὰρ</span> <span class='ocrx_word' id='word_1_630' title='bbox 983 3828 1009 3883; x_wconf 81' lang='grc' dir='ltr'>ίν</span> <span class='ocrx_word' id='word_1_631' title='bbox 1053 3830 1185 3900; x_wconf 85' lang='grc' dir='ltr'>δαιμονίων</span> <span class='ocrx_word' id='word_1_632' title='bbox 1204 3830 1233 3881; x_wconf 85' lang='grc' dir='ltr'>δν</span> <span class='ocrx_word' id='word_1_633' title='bbox 1246 3830 1334 3882; x_wconf 85' lang='grc' dir='ltr'>κτείνει</span> <span class='ocrx_word' id='word_1_634' title='bbox 1347 3826 1452 3897; x_wconf 77' lang='grc' dir='ltr'>Χαόρίας</span> <span class='ocrx_word' id='word_1_635' title='bbox 1469 3825 1494 3880; x_wconf 80' lang='grc' dir='ltr'>ἐν</span> <span class='ocrx_word' id='word_1_636' title='bbox 1511 3824 1597 3898; x_wconf 76' lang='grc' dir='ltr'>Αίγίνῃ</span> <span class='ocrx_word' id='word_1_637' title='bbox 1622 3824 1699 3878; x_wconf 80' lang='grc' dir='ltr'>ἀπιὼν</span> <span class='ocrx_word' id='word_1_638' title='bbox 1717 3823 1840 3893; x_wconf 75' lang='grc' dir='ltr'>βοηθῆσαι</span> 
     </span>
     <span class='ocr_line' id='line_1_44' title="bbox 230 3904 1267 3979; baseline 0.002 -19"><span class='ocrx_word' id='word_1_639' title='bbox 230 3914 266 3978; x_wconf 81' lang='grc' dir='ltr'>τῷ</span> <span class='ocrx_word' id='word_1_640' title='bbox 275 3911 318 3973; x_wconf 81' lang='grc' dir='ltr'>τῆς</span> <span class='ocrx_word' id='word_1_641' title='bbox 331 3904 435 3974; x_wconf 83' lang='grc' dir='ltr'>Ἑλένης</span> <span class='ocrx_word' id='word_1_642' title='bbox 444 3907 559 3979; x_wconf 84' lang='grc' dir='ltr'>ίγκωμίιμ</span> <span class='ocrx_word' id='word_1_643' title='bbox 572 3908 707 3978; x_wconf 80' lang='grc' dir='ltr'>συγκρίνων</span> <span class='ocrx_word' id='word_1_644' title='bbox 716 3905 762 3972; x_wconf 81' lang='grc' dir='ltr'>τήν</span> <span class='ocrx_word' id='word_1_645' title='bbox 777 3905 879 3973; x_wconf 81' lang='grc' dir='ltr'>Ἐλίνην</span> <span class='ocrx_word' id='word_1_646' title='bbox 890 3912 925 3977; x_wconf 81' lang='grc' dir='ltr'>τῷ</span> <span class='ocrx_word' id='word_1_647' title='bbox 935 3904 1012 3978; x_wconf 42' lang='grc' dir='ltr'>,Ἥρα-</span> <span class='ocrx_word' id='word_1_648' title='bbox 1054 3907 1176 3979; x_wconf 77' lang='grc' dir='ltr'>Εύαγόρμ.</span> <span class='ocrx_word' id='word_1_649' title='bbox 1190 3909 1267 3962; x_wconf 86' lang='lat' dir='ltr'>TCV.</span> 
     </span>
     <span class='ocr_line' id='line_1_45' title="bbox 231 3981 1768 4057; baseline -0.003 -17"><span class='ocrx_word' id='word_1_650' title='bbox 231 3985 344 4040; x_wconf 83' lang='grc' dir='ltr'>κλεῖούκ</span> <span class='ocrx_word' id='word_1_651' title='bbox 362 3985 410 4041; x_wconf 86' lang='grc' dir='ltr'>ἀπδ</span> <span class='ocrx_word' id='word_1_652' title='bbox 425 3991 474 4039; x_wconf 83' lang='grc' dir='ltr'>τῶν</span> <span class='ocrx_word' id='word_1_653' title='bbox 487 3985 595 4056; x_wconf 79' lang='grc' dir='ltr'>πράξεων</span> <span class='ocrx_word' id='word_1_654' title='bbox 612 3983 687 4049; x_wconf 75' lang='grc' dir='ltr'>αύτήν</span> <span class='ocrx_word' id='word_1_655' title='bbox 711 3984 857 4055; x_wconf 79' lang='grc' dir='ltr'>ίγνείιρισεν,</span> <span class='ocrx_word' id='word_1_656' title='bbox 881 3984 946 4037; x_wconf 79' lang='grc' dir='ltr'>ἀλλὰ</span> <span class='ocrx_word' id='word_1_657' title='bbox 965 3984 1009 4051; x_wconf 80' lang='grc' dir='ltr'>τὴν</span> <span class='ocrx_word' id='word_1_658' title='bbox 1088 3991 1154 4057; x_wconf 87' lang='grc'><strong><em>479,</em></strong></span> <span class='ocrx_word' id='word_1_659' title='bbox 1173 4004 1217 4057; x_wconf 78' lang='lat'>²7·</span> <span class='ocrx_word' id='word_1_660' title='bbox 1234 3985 1277 4039; x_wconf 88' lang='grc' dir='ltr'>Ἐν</span> <span class='ocrx_word' id='word_1_661' title='bbox 1288 3986 1421 4057; x_wconf 82' lang='grc' dir='ltr'>Αίγύπτιμ]</span> <span class='ocrx_word' id='word_1_662' title='bbox 1434 3984 1493 4055; x_wconf 82' lang='grc' dir='ltr'>πρός</span> <span class='ocrx_word' id='word_1_663' title='bbox 1503 3983 1559 4045; x_wconf 79' lang='grc' dir='ltr'>τούς</span> <span class='ocrx_word' id='word_1_664' title='bbox 1569 3983 1672 4054; x_wconf 78' lang='grc' dir='ltr'>ίίίρσσς.</span> <span class='ocrx_word' id='word_1_665' title='bbox 1686 3981 1768 4036; x_wconf 88' lang='lat' dir='ltr'>TCV.</span> 
     </span>
     <span class='ocr_line' id='line_1_46' title="bbox 232 4058 1840 4136; baseline -0.004 -18"><span class='ocrx_word' id='word_1_666' title='bbox 232 4064 302 4136; x_wconf 81' lang='grc' dir='ltr'>ίσχδν</span> <span class='ocrx_word' id='word_1_667' title='bbox 318 4066 361 4118; x_wconf 79' lang='grc' dir='ltr'>καὶ</span> <span class='ocrx_word' id='word_1_668' title='bbox 376 4063 421 4130; x_wconf 74' lang='grc' dir='ltr'>τήν</span> <span class='ocrx_word' id='word_1_669' title='bbox 443 4064 528 4136; x_wconf 74' lang='grc' dir='ltr'>ῥύμην</span> <span class='ocrx_word' id='word_1_670' title='bbox 549 4066 627 4134; x_wconf 86' lang='grc' dir='ltr'>μόνην</span> <span class='ocrx_word' id='word_1_671' title='bbox 641 4062 757 4128; x_wconf 85' lang='grc' dir='ltr'>ἀντίθηκε</span> <span class='ocrx_word' id='word_1_672' title='bbox 773 4068 808 4133; x_wconf 80' lang='grc' dir='ltr'>τῷ</span> <span class='ocrx_word' id='word_1_673' title='bbox 827 4061 921 4118; x_wconf 70' lang='grc' dir='ltr'>κάλλει.</span> <span class='ocrx_word' id='word_1_674' title='bbox 961 4062 1010 4115; x_wconf 84' lang='grc' dir='ltr'>ίίαί</span> <span class='ocrx_word' id='word_1_675' title='bbox 1089 4069 1154 4131; x_wconf 81' lang='grc'><strong><em>480,</em></strong></span> <span class='ocrx_word' id='word_1_676' title='bbox 1171 4084 1195 4120; x_wconf 87' lang='grc' dir='ltr'>ι.</span> <span class='ocrx_word' id='word_1_677' title='bbox 1208 4064 1295 4131; x_wconf 83' lang='grc' dir='ltr'>Πολλή</span> <span class='ocrx_word' id='word_1_678' title='bbox 1307 4084 1333 4118; x_wconf 85' lang='grc' dir='ltr'>τε</span> <span class='ocrx_word' id='word_1_679' title='bbox 1347 4063 1451 4134; x_wconf 79' lang='grc' dir='ltr'>αἰσχύνη</span> <span class='ocrx_word' id='word_1_680' title='bbox 1461 4063 1577 4133; x_wconf 83' lang='grc' dir='ltr'>λέγοντος</span> <span class='ocrx_word' id='word_1_681' title='bbox 1586 4061 1657 4133; x_wconf 77' lang='grc' dir='ltr'>ἐμοῦ]</span> <span class='ocrx_word' id='word_1_682' title='bbox 1672 4059 1752 4115; x_wconf 68' lang='grc' dir='ltr'>Ἐκὼν</span> <span class='ocrx_word' id='word_1_683' title='bbox 1763 4058 1840 4126; x_wconf 72' lang='grc' dir='ltr'>ἡττᾶ-</span> 
     </span>
     <span class='ocr_line' id='line_1_47' title="bbox 229 4139 1524 4216; baseline 0.002 -22"><span class='ocrx_word' id='word_1_684' title='bbox 229 4143 338 4196; x_wconf 89' lang='grc' dir='ltr'>διδόασιν</span> <span class='ocrx_word' id='word_1_685' title='bbox 349 4142 410 4214; x_wconf 81' lang='grc' dir='ltr'>ἡμῖν</span> <span class='ocrx_word' id='word_1_686' title='bbox 424 4145 449 4197; x_wconf 92' lang='grc' dir='ltr'>οί</span> <span class='ocrx_word' id='word_1_687' title='bbox 458 4144 559 4198; x_wconf 87' lang='grc' dir='ltr'>παλαιοί</span> <span class='ocrx_word' id='word_1_688' title='bbox 569 4142 731 4213; x_wconf 84' lang='grc' dir='ltr'>θεωρήματα,</span> <span class='ocrx_word' id='word_1_689' title='bbox 746 4139 779 4211; x_wconf 79' lang='grc' dir='ltr'>μή</span> <span class='ocrx_word' id='word_1_690' title='bbox 791 4141 938 4211; x_wconf 82' lang='grc' dir='ltr'>φιλονεικεῖν</span> <span class='ocrx_word' id='word_1_691' title='bbox 952 4144 1011 4213; x_wconf 82' lang='grc' dir='ltr'>πρός</span> <span class='ocrx_word' id='word_1_692' title='bbox 1052 4164 1108 4207; x_wconf 87' lang='grc' dir='ltr'>ται,</span> <span class='ocrx_word' id='word_1_693' title='bbox 1120 4145 1163 4197; x_wconf 82' lang='grc' dir='ltr'>ἵνα</span> <span class='ocrx_word' id='word_1_694' title='bbox 1172 4143 1258 4216; x_wconf 88' lang='grc' dir='ltr'>νικήσῃ</span> <span class='ocrx_word' id='word_1_695' title='bbox 1274 4144 1328 4197; x_wconf 85' lang='grc' dir='ltr'>καθ’</span> <span class='ocrx_word' id='word_1_696' title='bbox 1338 4144 1431 4213; x_wconf 76' lang='grc' dir='ltr'>ἕτερον.</span> <span class='ocrx_word' id='word_1_697' title='bbox 1444 4143 1524 4197; x_wconf 78' lang='lat' dir='ltr'><strong>TCV.</strong></span> 
     </span>
     <span class='ocr_line' id='line_1_48' title="bbox 229 4216 1838 4294; baseline -0.002 -20"><span class='ocrx_word' id='word_1_698' title='bbox 229 4222 261 4275; x_wconf 82' lang='grc' dir='ltr'>τά</span> <span class='ocrx_word' id='word_1_699' title='bbox 273 4220 360 4293; x_wconf 82' lang='grc' dir='ltr'>ίσχυρδ</span> <span class='ocrx_word' id='word_1_700' title='bbox 376 4223 437 4294; x_wconf 75' lang='grc' dir='ltr'>μηδὲ</span> <span class='ocrx_word' id='word_1_701' title='bbox 451 4224 588 4294; x_wconf 87' lang='grc' dir='ltr'>μάχεσθαι,</span> <span class='ocrx_word' id='word_1_702' title='bbox 603 4221 664 4291; x_wconf 84' lang='grc' dir='ltr'>μηδὲ</span> <span class='ocrx_word' id='word_1_703' title='bbox 674 4218 723 4292; x_wconf 79' lang='grc' dir='ltr'>μὴν</span> <span class='ocrx_word' id='word_1_704' title='bbox 737 4220 819 4274; x_wconf 86' lang='grc' dir='ltr'>όκνεῖν</span> <span class='ocrx_word' id='word_1_705' title='bbox 829 4220 869 4292; x_wconf 86' lang='grc' dir='ltr'>ἀρ’</span> <span class='ocrx_word' id='word_1_706' title='bbox 880 4220 933 4282; x_wconf 76' lang='grc' dir='ltr'>ίνός</span> <span class='ocrx_word' id='word_1_707' title='bbox 945 4240 1010 4284; x_wconf 91' lang='grc' dir='ltr'>τινος</span> <span class='ocrx_word' id='word_1_708' title='bbox 1088 4227 1149 4288; x_wconf 84' lang='grc'><strong><em>480,</em></strong></span> <span class='ocrx_word' id='word_1_709' title='bbox 1166 4226 1192 4276; x_wconf 87' lang='grc' dir='ltr'>ό.</span> <span class='ocrx_word' id='word_1_710' title='bbox 1210 4221 1377 4292; x_wconf 75' lang='grc' dir='ltr'>Ἐνίκηαεμὲν</span> <span class='ocrx_word' id='word_1_711' title='bbox 1391 4222 1490 4288; x_wconf 88' lang='grc' dir='ltr'>τοίνυν]</span> <span class='ocrx_word' id='word_1_712' title='bbox 1501 4218 1675 4290; x_wconf 80' lang='grc' dir='ltr'>Ταύτάλίγων</span> <span class='ocrx_word' id='word_1_713' title='bbox 1687 4216 1761 4288; x_wconf 74' lang='grc' dir='ltr'>ἑτέρην</span> <span class='ocrx_word' id='word_1_714' title='bbox 1775 4216 1838 4286; x_wconf 83' lang='grc' dir='ltr'>σχή-</span> 
     </span>
     <span class='ocr_line' id='line_1_49' title="bbox 231 4299 1621 4373; baseline -0.001 -19"><span class='ocrx_word' id='word_1_715' title='bbox 231 4307 280 4355; x_wconf 82' lang='grc' dir='ltr'>τῶν</span> <span class='ocrx_word' id='word_1_716' title='bbox 294 4303 348 4372; x_wconf 83' lang='grc' dir='ltr'>περί</span> <span class='ocrx_word' id='word_1_717' title='bbox 366 4303 395 4356; x_wconf 86' lang='grc' dir='ltr'>τδ</span> <span class='ocrx_word' id='word_1_718' title='bbox 408 4306 509 4373; x_wconf 81' lang='grc' dir='ltr'>πρᾶγμα</span> <span class='ocrx_word' id='word_1_719' title='bbox 524 4303 697 4372; x_wconf 78' lang='grc' dir='ltr'>θεωρουμένων</span> <span class='ocrx_word' id='word_1_720' title='bbox 714 4299 758 4367; x_wconf 81' lang='grc' dir='ltr'>τὴν</span> <span class='ocrx_word' id='word_1_721' title='bbox 777 4303 900 4373; x_wconf 84' lang='grc' dir='ltr'>σύγκρισιν</span> <span class='ocrx_word' id='word_1_722' title='bbox 913 4301 1010 4373; x_wconf 79' lang='grc' dir='ltr'>ίργάζε-</span> <span class='ocrx_word' id='word_1_723' title='bbox 1054 4320 1111 4372; x_wconf 88' lang='grc' dir='ltr'>ματι</span> <span class='ocrx_word' id='word_1_724' title='bbox 1124 4304 1290 4373; x_wconf 84' lang='grc' dir='ltr'>προσποιεῖται</span> <span class='ocrx_word' id='word_1_725' title='bbox 1301 4301 1367 4354; x_wconf 87' lang='grc' dir='ltr'>ἀλλα</span> <span class='ocrx_word' id='word_1_726' title='bbox 1377 4302 1524 4372; x_wconf 87' lang='grc' dir='ltr'>διηγεῖσθαι.</span> <span class='ocrx_word' id='word_1_727' title='bbox 1539 4301 1621 4353; x_wconf 82' lang='lat' dir='ltr'><strong>TCV.</strong></span> 
     </span>
     <span class='ocr_line' id='line_1_50' title="bbox 231 4375 1836 4454; baseline -0.005 -19"><span class='ocrx_word' id='word_1_728' title='bbox 231 4383 296 4437; x_wconf 89' lang='grc' dir='ltr'>σθαι.</span> <span class='ocrx_word' id='word_1_729' title='bbox 334 4382 369 4435; x_wconf 83' lang='grc' dir='ltr'>Ού</span> <span class='ocrx_word' id='word_1_730' title='bbox 392 4381 492 4452; x_wconf 80' lang='grc' dir='ltr'>μέγεθος</span> <span class='ocrx_word' id='word_1_731' title='bbox 505 4380 531 4433; x_wconf 75' lang='grc' dir='ltr'>δὲ</span> <span class='ocrx_word' id='word_1_732' title='bbox 544 4380 603 4451; x_wconf 88' lang='grc' dir='ltr'>πρδς</span> <span class='ocrx_word' id='word_1_733' title='bbox 616 4382 645 4434; x_wconf 79' lang='grc' dir='ltr'>τί)</span> <span class='ocrx_word' id='word_1_734' title='bbox 665 4383 765 4454; x_wconf 72' lang='grc' dir='ltr'>μέγεθος</span> <span class='ocrx_word' id='word_1_735' title='bbox 777 4389 826 4437; x_wconf 81' lang='grc' dir='ltr'>τῶν</span> <span class='ocrx_word' id='word_1_736' title='bbox 845 4388 935 4452; x_wconf 82' lang='grc' dir='ltr'>τειχῶν</span> <span class='ocrx_word' id='word_1_737' title='bbox 952 4402 1010 4453; x_wconf 79' lang='grc' dir='ltr'>συγ·</span> <span class='ocrx_word' id='word_1_738' title='bbox 1088 4385 1154 4449; x_wconf 88' lang='grc'><strong><em>480,</em></strong></span> <span class='ocrx_word' id='word_1_739' title='bbox 1169 4386 1196 4435; x_wconf 83' lang='grc'>6.</span> <span class='ocrx_word' id='word_1_740' title='bbox 1218 4382 1282 4443; x_wconf 86' lang='grc' dir='ltr'>Μιαῖς</span> <span class='ocrx_word' id='word_1_741' title='bbox 1301 4382 1417 4453; x_wconf 89' lang='grc' dir='ltr'>δεούσας]</span> <span class='ocrx_word' id='word_1_742' title='bbox 1429 4382 1492 4434; x_wconf 80' lang='grc' dir='ltr'>ὥστε</span> <span class='ocrx_word' id='word_1_743' title='bbox 1509 4380 1609 4450; x_wconf 84' lang='grc' dir='ltr'>πλήρεις</span> <span class='ocrx_word' id='word_1_744' title='bbox 1622 4377 1687 4433; x_wconf 86' lang='grc' dir='ltr'>είναι</span> <span class='ocrx_word' id='word_1_745' title='bbox 1701 4377 1759 4447; x_wconf 83' lang='grc' dir='ltr'>πρός</span> <span class='ocrx_word' id='word_1_746' title='bbox 1777 4375 1836 4429; x_wconf 83' lang='grc' dir='ltr'>ἀνα·</span> 
     </span>
     <span class='ocr_line' id='line_1_51' title="bbox 230 4458 1280 4532; baseline -0.002 -19"><span class='ocrx_word' id='word_1_747' title='bbox 230 4461 321 4531; x_wconf 85' lang='grc' dir='ltr'>κρίνει,</span> <span class='ocrx_word' id='word_1_748' title='bbox 339 4460 405 4513; x_wconf 86' lang='grc' dir='ltr'>ἀλλά</span> <span class='ocrx_word' id='word_1_749' title='bbox 414 4460 457 4514; x_wconf 82' lang='grc' dir='ltr'>τον</span> <span class='ocrx_word' id='word_1_750' title='bbox 470 4462 560 4531; x_wconf 88' lang='grc' dir='ltr'>τρόπον</span> <span class='ocrx_word' id='word_1_751' title='bbox 576 4462 651 4530; x_wconf 88' lang='grc' dir='ltr'>μόνον</span> <span class='ocrx_word' id='word_1_752' title='bbox 666 4465 709 4527; x_wconf 83' lang='grc' dir='ltr'>τῆς</span> <span class='ocrx_word' id='word_1_753' title='bbox 720 4460 882 4532; x_wconf 80' lang='grc' dir='ltr'>τειχοποιίας·</span> <span class='ocrx_word' id='word_1_754' title='bbox 894 4461 1009 4532; x_wconf 73' lang='grc' dir='ltr'>παρέλιπε</span> <span class='ocrx_word' id='word_1_755' title='bbox 1052 4458 1187 4530; x_wconf 86' lang='grc' dir='ltr'>πλήρωσιν.</span> <span class='ocrx_word' id='word_1_756' title='bbox 1202 4459 1280 4511; x_wconf 90' lang='lat' dir='ltr'><strong>TCV.</strong></span> 
     </span>
     <span class='ocr_line' id='line_1_52' title="bbox 230 4531 1836 4612; baseline -0.004 -21"><span class='ocrx_word' id='word_1_757' title='bbox 230 4537 257 4591; x_wconf 72' lang='grc' dir='ltr'>δὲ</span> <span class='ocrx_word' id='word_1_758' title='bbox 276 4539 319 4592; x_wconf 84' lang='grc' dir='ltr'>εδν</span> <span class='ocrx_word' id='word_1_759' title='bbox 338 4538 439 4610; x_wconf 78' lang='grc' dir='ltr'>καιρόν,</span> <span class='ocrx_word' id='word_1_760' title='bbox 461 4537 487 4591; x_wconf 77' lang='grc' dir='ltr'>ἐν</span> <span class='ocrx_word' id='word_1_761' title='bbox 509 4534 531 4609; x_wconf 82' lang='grc' dir='ltr'>ᾧ</span> <span class='ocrx_word' id='word_1_762' title='bbox 554 4537 656 4606; x_wconf 86' lang='grc' dir='ltr'>πλείστη</span> <span class='ocrx_word' id='word_1_763' title='bbox 673 4542 785 4611; x_wconf 86' lang='grc' dir='ltr'>διαφορά,</span> <span class='ocrx_word' id='word_1_764' title='bbox 822 4541 883 4593; x_wconf 87' lang='grc' dir='ltr'>Τότε</span> <span class='ocrx_word' id='word_1_765' title='bbox 900 4539 943 4612; x_wconf 83' lang='grc' dir='ltr'>μὲν</span> <span class='ocrx_word' id='word_1_766' title='bbox 961 4539 1009 4610; x_wconf 78' lang='grc' dir='ltr'>γάρ</span> <span class='ocrx_word' id='word_1_767' title='bbox 1088 4542 1155 4600; x_wconf 86' lang='grc'><strong><em>480,</em></strong></span> <span class='ocrx_word' id='word_1_768' title='bbox 1169 4554 1195 4605; x_wconf 89' lang='grc'><strong><em>7.</em></strong></span> <span class='ocrx_word' id='word_1_769' title='bbox 1211 4536 1273 4589; x_wconf 84' lang='grc' dir='ltr'>Είλε</span> <span class='ocrx_word' id='word_1_770' title='bbox 1286 4536 1312 4588; x_wconf 77' lang='grc' dir='ltr'>δὲ</span> <span class='ocrx_word' id='word_1_771' title='bbox 1324 4541 1372 4589; x_wconf 86' lang='grc' dir='ltr'>τῶν</span> <span class='ocrx_word' id='word_1_772' title='bbox 1386 4534 1468 4601; x_wconf 86' lang='grc' dir='ltr'>νήσων</span> <span class='ocrx_word' id='word_1_773' title='bbox 1485 4534 1598 4605; x_wconf 88' lang='grc' dir='ltr'>τούτων]</span> <span class='ocrx_word' id='word_1_774' title='bbox 1612 4534 1669 4586; x_wconf 83' lang='grc' dir='ltr'>Ὅτι</span> <span class='ocrx_word' id='word_1_775' title='bbox 1682 4532 1724 4587; x_wconf 78' lang='grc' dir='ltr'>καί</span> <span class='ocrx_word' id='word_1_776' title='bbox 1739 4531 1836 4599; x_wconf 74' lang='grc' dir='ltr'>ἐνίκησε</span> 
     </span>
     <span class='ocr_line' id='line_1_53' title="bbox 229 4615 1694 4693; baseline -0.006 -21"><span class='ocrx_word' id='word_1_777' title='bbox 229 4618 337 4689; x_wconf 85' lang='grc' dir='ltr'>ἡγοῦντο</span> <span class='ocrx_word' id='word_1_778' title='bbox 360 4619 458 4673; x_wconf 82' lang='grc' dir='ltr'>πάντων</span> <span class='ocrx_word' id='word_1_779' title='bbox 482 4615 613 4684; x_wconf 78' lang='grc' dir='ltr'>Ἐλλήνων</span> <span class='ocrx_word' id='word_1_780' title='bbox 629 4622 830 4693; x_wconf 83' lang='grc' dir='ltr'>Λακεδαιμόνιοι,</span> <span class='ocrx_word' id='word_1_781' title='bbox 856 4620 909 4673; x_wconf 84' lang='grc' dir='ltr'>νυνί</span> <span class='ocrx_word' id='word_1_782' title='bbox 921 4618 948 4672; x_wconf 72' lang='grc' dir='ltr'>δὲ</span> <span class='ocrx_word' id='word_1_783' title='bbox 965 4618 1009 4686; x_wconf 82' lang='grc' dir='ltr'>ήτ·</span> <span class='ocrx_word' id='word_1_784' title='bbox 1052 4616 1093 4669; x_wconf 81' lang='grc' dir='ltr'>καὶ</span> <span class='ocrx_word' id='word_1_785' title='bbox 1106 4615 1208 4669; x_wconf 81' lang='grc' dir='ltr'>ίσωσεν.</span> <span class='ocrx_word' id='word_1_786' title='bbox 1219 4615 1299 4668; x_wconf 86' lang='lat' dir='ltr'><strong>TCV.</strong></span> <span class='ocrx_word' id='word_1_787' title='bbox 1690 4636 1694 4643; x_wconf 56' lang='grc'><strong>«</strong></span> 
     </span>
     <span class='ocr_line' id='line_1_54' title="bbox 230 4691 1837 4768; baseline -0.001 -22"><span class='ocrx_word' id='word_1_788' title='bbox 230 4714 305 4762; x_wconf 91' lang='grc' dir='ltr'>τηντο</span> <span class='ocrx_word' id='word_1_789' title='bbox 316 4697 371 4766; x_wconf 82' lang='grc' dir='ltr'>περί</span> <span class='ocrx_word' id='word_1_790' title='bbox 388 4694 474 4748; x_wconf 84' lang='grc' dir='ltr'>Ῥόδον</span> <span class='ocrx_word' id='word_1_791' title='bbox 488 4695 534 4750; x_wconf 85' lang='grc' dir='ltr'>ύπδ</span> <span class='ocrx_word' id='word_1_792' title='bbox 546 4700 589 4749; x_wconf 91' lang='grc' dir='ltr'>τοῦ</span> <span class='ocrx_word' id='word_1_793' title='bbox 610 4698 736 4767; x_wconf 81' lang='grc' dir='ltr'>βασιλέως.</span> <span class='ocrx_word' id='word_1_794' title='bbox 774 4695 851 4749; x_wconf 67' lang='grc' dir='ltr'>’Ὥστε</span> <span class='ocrx_word' id='word_1_795' title='bbox 863 4695 905 4751; x_wconf 82' lang='grc' dir='ltr'>τὀν</span> <span class='ocrx_word' id='word_1_796' title='bbox 924 4697 1008 4768; x_wconf 77' lang='grc' dir='ltr'>καιρόν</span> <span class='ocrx_word' id='word_1_797' title='bbox 1087 4699 1151 4760; x_wconf 84' lang='grc'><strong><em>480,</em></strong></span> <span class='ocrx_word' id='word_1_798' title='bbox 1165 4715 1191 4765; x_wconf 91' lang='grc'>9.</span> <span class='ocrx_word' id='word_1_799' title='bbox 1209 4693 1318 4765; x_wconf 79' lang='grc' dir='ltr'>Ἐχθριῖις</span> <span class='ocrx_word' id='word_1_800' title='bbox 1332 4692 1453 4765; x_wconf 85' lang='grc' dir='ltr'>ίχούσας]</span> <span class='ocrx_word' id='word_1_801' title='bbox 1469 4694 1500 4745; x_wconf 92' lang='grc' dir='ltr'>Τί</span> <span class='ocrx_word' id='word_1_802' title='bbox 1513 4693 1571 4765; x_wconf 74' lang='grc' dir='ltr'>γάρ,</span> <span class='ocrx_word' id='word_1_803' title='bbox 1586 4692 1609 4749; x_wconf 87' lang='grc' dir='ltr'>ιί</span> <span class='ocrx_word' id='word_1_804' title='bbox 1622 4693 1664 4748; x_wconf 83' lang='grc' dir='ltr'>καί</span> <span class='ocrx_word' id='word_1_805' title='bbox 1676 4693 1761 4764; x_wconf 91' lang='grc' dir='ltr'>λόγοις</span> <span class='ocrx_word' id='word_1_806' title='bbox 1773 4691 1837 4747; x_wconf 76' lang='grc' dir='ltr'>ἐπεί-</span> 
     </span>
     <span class='ocr_line' id='line_1_55' title="bbox 230 4770 1546 4846; baseline -0.001 -19"><span class='ocrx_word' id='word_1_807' title='bbox 230 4773 317 4845; x_wconf 80' lang='grc' dir='ltr'>κλίψας</span> <span class='ocrx_word' id='word_1_808' title='bbox 330 4775 354 4828; x_wconf 75' lang='grc' dir='ltr'>ἐν</span> <span class='ocrx_word' id='word_1_809' title='bbox 369 4770 390 4846; x_wconf 84' lang='grc' dir='ltr'><em>ᾧ</em></span> <span class='ocrx_word' id='word_1_810' title='bbox 404 4776 497 4828; x_wconf 89' lang='grc' dir='ltr'>τούτων</span> <span class='ocrx_word' id='word_1_811' title='bbox 510 4773 555 4841; x_wconf 83' lang='grc' dir='ltr'>τὴν</span> <span class='ocrx_word' id='word_1_812' title='bbox 570 4775 643 4830; x_wconf 90' lang='grc' dir='ltr'>πόλιν</span> <span class='ocrx_word' id='word_1_813' title='bbox 659 4776 770 4846; x_wconf 74' lang='grc' dir='ltr'>ἑκάτερος</span> <span class='ocrx_word' id='word_1_814' title='bbox 783 4777 896 4846; x_wconf 79' lang='grc' dir='ltr'>τειχίζειν</span> <span class='ocrx_word' id='word_1_815' title='bbox 911 4775 1007 4845; x_wconf 75' lang='grc' dir='ltr'>ἔδοξεν,</span> <span class='ocrx_word' id='word_1_816' title='bbox 1052 4776 1155 4843; x_wconf 88' lang='grc' dir='ltr'>σθησαν,</span> <span class='ocrx_word' id='word_1_817' title='bbox 1170 4773 1227 4829; x_wconf 80' lang='grc' dir='ltr'>εἶτα</span> <span class='ocrx_word' id='word_1_818' title='bbox 1241 4774 1452 4845; x_wconf 74' lang='grc' dir='ltr'>μεταόάλλονταις</span> <span class='ocrx_word' id='word_1_819' title='bbox 1464 4774 1546 4826; x_wconf 84' lang='lat' dir='ltr'>TCV.</span> 
     </span>
     <span class='ocr_line' id='line_1_56' title="bbox 230 4849 1605 4925; baseline 0.003 -21"><span class='ocrx_word' id='word_1_820' title='bbox 230 4849 294 4913; x_wconf 75' lang='grc' dir='ltr'>αὔξει</span> <span class='ocrx_word' id='word_1_821' title='bbox 307 4852 336 4905; x_wconf 83' lang='grc' dir='ltr'>τό</span> <span class='ocrx_word' id='word_1_822' title='bbox 348 4857 409 4906; x_wconf 78' lang='grc' dir='ltr'>κατὰ</span> <span class='ocrx_word' id='word_1_823' title='bbox 419 4853 530 4908; x_wconf 79' lang='grc' dir='ltr'>Κόνωνα.</span> <span class='ocrx_word' id='word_1_824' title='bbox 541 4855 621 4909; x_wconf 77' lang='lat' dir='ltr'><strong>TCV.</strong></span> <span class='ocrx_word' id='word_1_825' title='bbox 1088 4858 1153 4920; x_wconf 90' lang='grc'><strong><em>480,</em></strong></span> <span class='ocrx_word' id='word_1_826' title='bbox 1168 4872 1210 4924; x_wconf 86' lang='lat'>19.</span> <span class='ocrx_word' id='word_1_827' title='bbox 1229 4853 1276 4924; x_wconf 84' lang='grc' dir='ltr'>Ἆρ’</span> <span class='ocrx_word' id='word_1_828' title='bbox 1290 4854 1378 4925; x_wconf 77' lang='grc' dir='ltr'>ίιμίον]</span> <span class='ocrx_word' id='word_1_829' title='bbox 1396 4852 1560 4925; x_wconf 73' lang='grc' dir='ltr'>ἀφῃρημένον.</span> <span class='ocrx_word' id='word_1_830' title='bbox 1574 4854 1605 4909; x_wconf 93' lang='grc' dir='ltr'>Ρ.</span> 
     </span>
     <span class='ocr_line' id='line_1_57' title="bbox 264 4929 1588 5005; baseline -0.003 -18"><span class='ocrx_word' id='word_1_831' title='bbox 264 4935 326 4999; x_wconf 84' lang='grc'><strong><em>478,</em></strong></span> <span class='ocrx_word' id='word_1_832' title='bbox 346 4936 389 4988; x_wconf 80' lang='lat'>26.</span> <span class='ocrx_word' id='word_1_833' title='bbox 406 4935 507 5005; x_wconf 76' lang='grc' dir='ltr'>Λέγεται</span> <span class='ocrx_word' id='word_1_834' title='bbox 520 4934 599 4986; x_wconf 90' lang='grc' dir='ltr'>τοίνυν</span> <span class='ocrx_word' id='word_1_835' title='bbox 625 4933 717 5005; x_wconf 76' lang='grc' dir='ltr'>ἐκεῖνος</span> <span class='ocrx_word' id='word_1_836' title='bbox 728 4934 862 5004; x_wconf 75' lang='grc' dir='ltr'>τειχίζειν]</span> <span class='ocrx_word' id='word_1_837' title='bbox 878 4933 1009 5004; x_wconf 79' lang='grc' dir='ltr'>Συντέμνει</span> <span class='ocrx_word' id='word_1_838' title='bbox 1087 4936 1154 4997; x_wconf 82' lang='grc'><strong><em>480,</em></strong></span> <span class='ocrx_word' id='word_1_839' title='bbox 1169 4950 1214 4988; x_wconf 80' lang='lat'>20.</span> <span class='ocrx_word' id='word_1_840' title='bbox 1234 4931 1290 4986; x_wconf 79' lang='grc' dir='ltr'>Ἀπδ</span> <span class='ocrx_word' id='word_1_841' title='bbox 1304 4932 1423 5003; x_wconf 78' lang='grc' dir='ltr'>πολλῶν]</span> <span class='ocrx_word' id='word_1_842' title='bbox 1438 4929 1543 5002; x_wconf 71' lang='grc' dir='ltr'>ἐχθρῶν.</span> <span class='ocrx_word' id='word_1_843' title='bbox 1558 4933 1588 4987; x_wconf 88' lang='lat' dir='ltr'>P.</span> 
     </span>
     <span class='ocr_line' id='line_1_58' title="bbox 231 5008 1402 5084; baseline 0.005 -24"><span class='ocrx_word' id='word_1_844' title='bbox 231 5008 260 5060; x_wconf 87' lang='grc' dir='ltr'>τ“ο</span> <span class='ocrx_word' id='word_1_845' title='bbox 274 5010 385 5081; x_wconf 87' lang='grc' dir='ltr'>διήγημα</span> <span class='ocrx_word' id='word_1_846' title='bbox 408 5012 566 5082; x_wconf 78' lang='grc' dir='ltr'>θαυμαστῶς,</span> <span class='ocrx_word' id='word_1_847' title='bbox 588 5008 675 5075; x_wconf 78' lang='grc' dir='ltr'>άτεδὴ</span> <span class='ocrx_word' id='word_1_848' title='bbox 696 5010 816 5072; x_wconf 77' lang='grc' dir='ltr'>παλαιόν,</span> <span class='ocrx_word' id='word_1_849' title='bbox 835 5011 877 5063; x_wconf 82' lang='grc' dir='ltr'>καί</span> <span class='ocrx_word' id='word_1_850' title='bbox 889 5011 932 5062; x_wconf 82' lang='grc' dir='ltr'>ἵνα</span> <span class='ocrx_word' id='word_1_851' title='bbox 949 5009 1008 5065; x_wconf 84' lang='grc' dir='ltr'>ύπο·</span> <span class='ocrx_word' id='word_1_852' title='bbox 1085 5010 1192 5079; x_wconf 86' lang='grc' dir='ltr'>Πολλά]</span> <span class='ocrx_word' id='word_1_853' title='bbox 1206 5011 1356 5084; x_wconf 76' lang='grc' dir='ltr'>άφῃοημόνα.</span> <span class='ocrx_word' id='word_1_854' title='bbox 1371 5014 1402 5066; x_wconf 89' lang='lat' dir='ltr'>P.</span> 
     </span>
     <span class='ocr_line' id='line_1_59' title="bbox 230 5080 1835 5162; baseline -0.005 -20"><span class='ocrx_word' id='word_1_855' title='bbox 230 5085 305 5161; x_wconf 78' lang='grc' dir='ltr'>κλέψῃ</span> <span class='ocrx_word' id='word_1_856' title='bbox 318 5093 349 5162; x_wconf 81' lang='grc' dir='ltr'>τῇ</span> <span class='ocrx_word' id='word_1_857' title='bbox 363 5091 481 5162; x_wconf 74' lang='grc' dir='ltr'>συντομία</span> <span class='ocrx_word' id='word_1_858' title='bbox 492 5094 536 5144; x_wconf 80' lang='grc' dir='ltr'>τοῦ</span> <span class='ocrx_word' id='word_1_859' title='bbox 550 5090 742 5162; x_wconf 76' lang='grc' dir='ltr'>θεμιστονλόους</span> <span class='ocrx_word' id='word_1_860' title='bbox 753 5088 797 5156; x_wconf 78' lang='grc' dir='ltr'>τήν</span> <span class='ocrx_word' id='word_1_861' title='bbox 807 5090 916 5162; x_wconf 84' lang='grc' dir='ltr'>μνήμην.</span> <span class='ocrx_word' id='word_1_862' title='bbox 926 5091 1007 5144; x_wconf 84' lang='lat' dir='ltr'>TCV.</span> <span class='ocrx_word' id='word_1_863' title='bbox 1086 5093 1139 5153; x_wconf 88' lang='grc'><strong><em>480</em></strong></span> <span class='ocrx_word' id='word_1_864' title='bbox 1147 5129 1155 5155; x_wconf 92' lang='grc'>,</span> <span class='ocrx_word' id='word_1_865' title='bbox 1171 5106 1215 5143; x_wconf 82' lang='grc' dir='ltr'>ιιι.</span> <span class='ocrx_word' id='word_1_866' title='bbox 1233 5088 1289 5142; x_wconf 88' lang='grc' dir='ltr'>Ἵνα</span> <span class='ocrx_word' id='word_1_867' title='bbox 1300 5087 1371 5160; x_wconf 77' lang='grc' dir='ltr'>δὲμὴ</span> <span class='ocrx_word' id='word_1_868' title='bbox 1386 5089 1465 5159; x_wconf 76' lang='grc' dir='ltr'>λόγων</span> <span class='ocrx_word' id='word_1_869' title='bbox 1485 5085 1626 5157; x_wconf 76' lang='grc' dir='ltr'>παραλείπειν</span> <span class='ocrx_word' id='word_1_870' title='bbox 1640 5087 1682 5154; x_wconf 94' lang='grc' dir='ltr'>τι]</span> <span class='ocrx_word' id='word_1_871' title='bbox 1698 5082 1771 5147; x_wconf 82' lang='grc' dir='ltr'>Ἔθος</span> <span class='ocrx_word' id='word_1_872' title='bbox 1782 5080 1835 5135; x_wconf 72' lang='grc' dir='ltr'>ἔστί</span> 
     </span>
     <span class='ocr_line' id='line_1_60' title="bbox 264 5160 1833 5243; baseline -0.004 -21"><span class='ocrx_word' id='word_1_873' title='bbox 264 5172 327 5238; x_wconf 86' lang='grc'><strong><em>479,</em></strong></span> <span class='ocrx_word' id='word_1_874' title='bbox 343 5169 368 5222; x_wconf 78' lang='grc'>5.</span> <span class='ocrx_word' id='word_1_875' title='bbox 397 5170 443 5223; x_wconf 76' lang='grc' dir='ltr'>ίίαί</span> <span class='ocrx_word' id='word_1_876' title='bbox 456 5172 544 5234; x_wconf 86' lang='grc' dir='ltr'>πάντες</span> <span class='ocrx_word' id='word_1_877' title='bbox 557 5168 615 5232; x_wconf 88' lang='grc' dir='ltr'>ίσως</span> <span class='ocrx_word' id='word_1_878' title='bbox 634 5170 774 5243; x_wconf 83' lang='grc' dir='ltr'>ἀκηκόατε]</span> <span class='ocrx_word' id='word_1_879' title='bbox 788 5169 881 5240; x_wconf 77' lang='grc' dir='ltr'>ίήγουν,</span> <span class='ocrx_word' id='word_1_880' title='bbox 895 5168 946 5223; x_wconf 87' lang='grc' dir='ltr'>ίστε</span> <span class='ocrx_word' id='word_1_881' title='bbox 960 5175 1009 5233; x_wconf 81' lang='grc' dir='ltr'>πῶς</span> <span class='ocrx_word' id='word_1_882' title='bbox 1052 5175 1087 5239; x_wconf 79' lang='grc' dir='ltr'>τῷ</span> <span class='ocrx_word' id='word_1_883' title='bbox 1097 5168 1180 5240; x_wconf 73' lang='grc' dir='ltr'>ῥήτορε</span> <span class='ocrx_word' id='word_1_884' title='bbox 1189 5171 1240 5231; x_wconf 88' lang='grc' dir='ltr'>τοῖς</span> <span class='ocrx_word' id='word_1_885' title='bbox 1251 5168 1412 5240; x_wconf 73' lang='grc' dir='ltr'>ἰσχυροτέροις</span> <span class='ocrx_word' id='word_1_886' title='bbox 1424 5165 1580 5236; x_wconf 78' lang='grc' dir='ltr'>ἕνδεατρίόειν</span> <span class='ocrx_word' id='word_1_887' title='bbox 1593 5165 1634 5218; x_wconf 81' lang='grc' dir='ltr'>καί</span> <span class='ocrx_word' id='word_1_888' title='bbox 1646 5162 1679 5236; x_wconf 71' lang='grc' dir='ltr'>μὴ</span> <span class='ocrx_word' id='word_1_889' title='bbox 1691 5162 1778 5235; x_wconf 72' lang='grc' dir='ltr'>ῥαδίως</span> <span class='ocrx_word' id='word_1_890' title='bbox 1789 5160 1833 5215; x_wconf 82' lang='grc' dir='ltr'>αύ-</span> 
     </span>
     <span class='ocr_line' id='line_1_61' title="bbox 231 5241 1834 5321; baseline -0.001 -24"><span class='ocrx_word' id='word_1_891' title='bbox 231 5243 360 5313; x_wconf 82' lang='grc' dir='ltr'>ἀνίστησεν</span> <span class='ocrx_word' id='word_1_892' title='bbox 373 5245 452 5321; x_wconf 87' lang='grc' dir='ltr'>ἀπάτῃ</span> <span class='ocrx_word' id='word_1_893' title='bbox 466 5246 496 5301; x_wconf 82' lang='grc' dir='ltr'>τά</span> <span class='ocrx_word' id='word_1_894' title='bbox 508 5249 589 5318; x_wconf 91' lang='grc' dir='ltr'>τείχη.</span> <span class='ocrx_word' id='word_1_895' title='bbox 602 5248 679 5303; x_wconf 80' lang='lat' dir='ltr'>TCV.</span> <span class='ocrx_word' id='word_1_896' title='bbox 1052 5255 1100 5303; x_wconf 86' lang='grc' dir='ltr'>τῶν</span> <span class='ocrx_word' id='word_1_897' title='bbox 1112 5248 1324 5303; x_wconf 86' lang='grc' dir='ltr'>ἀπαλλάττεσθαι·</span> <span class='ocrx_word' id='word_1_898' title='bbox 1339 5248 1382 5299; x_wconf 83' lang='grc' dir='ltr'>ἵνα</span> <span class='ocrx_word' id='word_1_899' title='bbox 1391 5245 1416 5300; x_wconf 78' lang='grc' dir='ltr'>δὲ</span> <span class='ocrx_word' id='word_1_900' title='bbox 1429 5245 1471 5300; x_wconf 83' lang='grc' dir='ltr'>τόν</span> <span class='ocrx_word' id='word_1_901' title='bbox 1485 5247 1557 5315; x_wconf 88' lang='grc' dir='ltr'>ιιόρον</span> <span class='ocrx_word' id='word_1_902' title='bbox 1568 5244 1662 5316; x_wconf 84' lang='grc' dir='ltr'>φεύγῃ,</span> <span class='ocrx_word' id='word_1_903' title='bbox 1677 5241 1834 5306; x_wconf 75' lang='grc' dir='ltr'>ἀξαλλάκτνιν</span> 
     </span>
    </p>
   </div>
   <div class='ocr_carea' id='block_1_3' title="bbox 0 0 1988 5967">
    <p class='ocr_par' dir='ltr' id='par_1_3' title="bbox 0 0 1988 5967">
     <span class='ocr_line' id='line_1_62' title="bbox 0 0 1988 5967; baseline 0 3"><span class='ocrx_word' id='word_1_904' title='bbox 0 0 1988 5967; x_wconf 95' lang='lat' dir='ltr'> </span> 
     </span>
    </p>
   </div>
  </div>
 </body>
</html>
