3967 5967
760 475 838 534 1111.
862 475 966 535 τοττι
987 455 1154 535 11110101.
1702 486 1759 535 κω

155 621 241 667 νοντο,
259 600 389 675 Ἀντιγονίς
403 604 444 657 καί
464 602 603 675 Πτολιμαίς
617 604 659 658 καί
675 603 825 676 Ἇμμιυνιδς,
850 601 932 670 ἐπειδὴ
980 626 991 653 a
1008 605 1135 674 ύπῖμεινε,
1150 627 1161 654 ν
1175 604 1215 657 διόι
1227 609 1300 658 τοῦτο
1312 602 1366 658 ίκεῖ
1378 604 1421 676 μίν
1435 606 1488 667 τοῖς
1501 604 1672 676 ἀγωνιστικοῖς
1685 605 1761 678 ίχρή·

153 682 309 755 τῷἌμμωνι
317 684 349 735 δι’
360 682 433 750 αύτῆς
442 683 484 746 τάς
493 685 574 747 θυσίας
582 683 700 756 ἔπεμπον.
737 685 835 739 Τούτων
844 684 870 738 δί
883 690 932 739 τῶν
976 684 1167 749 σατο,ἔνταῦθα
1177 684 1203 737 δθ
1215 688 1267 747 τοῖς
1279 680 1430 756 ἑπιλσγικοῖς
1446 685 1485 738 δτι
1497 684 1584 757 πολλῷ
1597 685 1638 739 καί
1648 686 1761 741 ἐλάττοσι

153 760 223 832 ίερῶν
237 763 341 834 τριήρων
358 761 446 829 αδεήή
466 763 536 826 πόλις
548 763 692 835 ἐπεμελεῖτο
702 764 743 817 καί
754 763 871 835 χρήματα
885 762 933 816 ίδί·
976 764 1068 817 τούτων
1085 764 1155 830 δίκην
1170 763 1267 818 ἔδοσαν.
1306 764 1377 818 Ἔστι
1392 762 1419 818 δὲ
1432 769 1480 818 τῶν
1495 765 1699 835 παραδειγμάτων
1711 772 1761 821 τῶν

152 846 196 894 όου
207 844 260 903 τοῖς
274 844 384 913 ταμίαις,
401 843 463 895 ὥστε
478 842 556 895 αύτίῦν
575 842 742 914 ίπιμελεῖσθαι
757 844 799 896 καί
818 845 931 915 παράχεώ
976 843 1117 914 ληρθέννων
1136 843 1166 898 τά
1183 844 1226 915 μὲν
1241 846 1314 915 όμοια
1324 848 1376 907 τοῖς
1385 847 1459 909 πᾶσι,
1470 844 1501 897 τά
1512 844 1538 898 δὲ
1552 845 1614 898 κατὰ
1627 843 1671 911 τήν
1688 844 1761 899 ἔκύα-

151 923 356 992 ταχυναυτούσας,
396 922 442 974 Kal
459 920 517 993 τιμή
538 918 610 988 ήντδ
624 924 716 977 τούτων
733 925 798 987 τινός
818 922 933 996 ίπιμελη-
976 941 1015 975 σιν
1039 924 1123 995 μόνον.
1163 923 1270 977 Κελτῶν
1289 924 1381 994 όμοίων
1396 922 1427 976 τά
1445 923 1488 994 μίν
1507 924 1621 994 μᾶλλον,
1637 918 1737 991 τάδίή
1751 956 1762 970 ·

152 1003 233 1069 θῆναι.
976 1021 1030 1055 τον.
1072 1000 1188 1068 Ἐξήτακε
1206 1001 1248 1072 γάρ
1262 1002 1317 1063 τούς
1330 1005 1438 1072 πρώτους
1456 1002 1511 1073 περὶ
1524 1000 1568 1068 τὴν
1581 1001 1762 1073 ἑορτήνάδική-

188 1087 248 1155 570,
265 1089 291 1148 4.
308 1083 386 1136 Ὄντα
398 1084 521 1153 τοιοῦτον]
537 1083 620 1136 θεινόν
633 1103 658 1136 τε
671 1083 712 1136 καὶ
723 1085 859 1155 μοχθηρόν,
911 1082 914 1091 ’
976 1100 1065 1143 σαντας
1078 1082 1119 1134 καί
1139 1080 1317 1144 κολασθέντας,
1340 1085 1399 1153 όπερ
1419 1081 1511 1136 οίκιῖύν
1530 1082 1582 1136 ἔστι
1603 1087 1635 1155 τῇ
1652 1085 1761 1157 παρούση

188 1164 249 1234 570,
264 1164 289 1216 5.
305 1163 350 1215 ίίαὶ
361 1162 432 1216 πάλιν
440 1163 580 1233 ἵππαρχον]
596 1163 696 1223 Φθάοας
709 1161 755 1230 ήδη
768 1160 812 1228 τήν
827 1181 931 1233 στρατη·
975 1161 1086 1214 ύποθὲσει
1097 1161 1171 1232 ’περί
1182 1161 1212 1214 τά
1229 1163 1358 1233 μυστήρια.
1396 1162 1497 1233 Ἕτερος
1507 1163 1533 1217 δί
1546 1163 1561 1215 ό
1575 1164 1600 1218 ἐν
1615 1166 1666 1227 τοῖς
1676 1167 1761 1218 Διονυ·

151 1243 208 1313 γίαν
229 1241 318 1308 ταύτην
337 1241 410 1294 αύτοῦ
424 1240 545 1293 διίύαλεν.
583 1239 692 1303 Είκότως
712 1235 755 1294 ούν
770 1240 888 1313 ίπήνεγκε
902 1241 932 1295 τό
975 1242 1046 1302 σιόις.
1072 1239 1101 1292 '0
1111 1243 1193 1312 μέντοι
1205 1242 1284 1313 ῥήτωρ
1296 1244 1328 1304 ὡς
1342 1244 1428 1313 δμοιον
1439 1243 1615 1314 συνελογίοατο
1628 1251 1664 1316 τῷ
1677 1245 1760 1298 κοινόν

154 1344 166 1371 α
183 1323 328 1393 δυνάμενον.
348 1344 359 1371 ν
408 1320 440 1374 Et
453 1320 500 1392 γάρ
514 1321 590 1383 ούτως
606 1320 671 1374 ίστίν
693 1319 794 1387 ἀσθενὴς
814 1323 877 1375 ώστε
891 1321 932 1375 καί
976 1322 1031 1374 καθ’
1044 1321 1156 1392 ίκάτερον
1170 1321 1275 1375 εἶναιτὸ
1288 1327 1330 1388 τῆς
1344 1321 1427 1393 ἑορτῆς
1436 1324 1524 1394 όνομα.

152 1399 189 1455 ἀπ’
201 1400 321 1473 ἀστράῦης
334 1400 464 1472 ὀχεῖσθαι,
479 1400 556 1467 δῆλον
569 1402 607 1454 δτι
623 1400 786 1469 ἀνεπιτήδειός
806 1399 856 1454 ἔστι
874 1400 932 1472 πρδς
1013 1401 1058 1454 Καί
1071 1405 1135 1456 όσων
1145 1401 1191 1470 ήδη
1204 1403 1499 1475 καταχειροτονήσαντος]
1511 1403 1690 1474 Χρησιμώτατα
1704 1406 1762 1476 μάλ·

150 1479 180 1533 τδ
194 1483 349 1551 στρατηγεῖν.
975 1480 1063 1545 λοντος
1079 1480 1221 1535 ἀνίστασθαι
1242 1488 1285 1536 τοῦ
1304 1483 1459 1553 δικαστηρίου
1479 1483 1578 1554 μνήμην
1591 1483 1704 1537 ἀνακινεῖ
1713 1491 1761 1539 τῶν

191 1557 319 1630 Ὀχεῖσθαι
337 1559 376 1612 διὰ
389 1562 431 1625 τῆς
443 1558 547 1630 ἀγορᾶς]
560 1558 634 1621 Ἔθος
652 1558 701 1630 γάρ
717 1555 746 1626 ήν
762 1560 787 1614 ἔν
799 1563 853 1623 ταῖς
867 1581 932 1632 πομ-
974 1561 1152 1632 ἢμαρτηκότων
1165 1562 1190 1616 ίν
1204 1565 1258 1625 ταῖς
1267 1561 1363 1634 ἑορταῖς
1376 1564 1419 1616 καί
1429 1563 1633 1635 κεκολασμένων,
1650 1565 1694 1618 ἵνα
1708 1564 1760 1637 ἀρε·

150 1642 207 1701 παῖς
216 1641 376 1710 προηγεῖσθαι
390 1641 444 1702 τούς
455 1639 585 1709 ἄρχοντας.
631 1639 666 1692 (δύ
679 1643 721 1707 τῆς
735 1639 868 1712 ἐπιστήμης
888 1635 931 1693 ούν
977 1644 1090 1695 θισθῶσιν
1103 1641 1135 1704 τίς
1150 1641 1326 1713 ἀγανάκτησιν,

150 1718 222 1788 χάριν
236 1717 291 1771 ούδί
310 1722 352 1785 τῆς
372 1720 459 1788 τέχνης
479 1719 614 1788 τετίμηται·
639 1723 755 1772 τοσοῦτον
773 1718 821 1790 γάρ
847 1717 932 1790 ἀπέχει
1014 1724 1074 1789 571.
1094 1723 1135 1777 13.
1154 1722 1255 1793 Πρῶτον
1275 1721 1317 1792 μὲν
1335 1722 1432 1784 τοίνυν,
1453 1722 1497 1774 ίνα
1521 1723 1635 1794 πρώτης]
1659 1723 1760 1794 Πρῶτον

150 1799 238 1865 ταύτης
255 1799 315 1851 ὥστ’
338 1798 389 1850 ούδ’
411 1798 435 1851 ίν
459 1797 542 1870 εἰρήνη
555 1798 636 1860 καλῶς
654 1795 798 1869 ίποχεῖσθαι
818 1799 932 1872 τῷίππῳ
975 1802 1132 1872 παράδειγμα
1144 1799 1191 1855 ἀπδ
1204 1805 1247 1854 τοῦ
1259 1800 1397 1861 ίλάττονος.
1413 1801 1488 1853 BSY.

150 1877 212 1930 κατά
222 1876 266 1942 τὴν
279 1877 371 1949 ἀγοράν
383 1896 442 1931 ποτε
455 1877 591 1944 δεδύνηται.
1014 1882 1075 1949 571,
1092 1885 1133 1933 16.
1149 1880 1200 1933 Τοῦ
1217 1879 1355 1950 θεσπιέως]
1366 1879 1397 1932 Οἱ
1413 1878 1456 1949 μὲν
1470 1879 1551 1949 δῆμόν
1563 1898 1618 1931 τινα
1637 1877 1761 1944 ἐξέλαῦον,

188 1957 248 2023 570,
263 1974 288 2025 7.
308 1953 456 2026 Ἱεροποιδν]
476 1956 525 2009 Τόν
537 1955 714 2010 ίπισκοποῦντα
728 1955 759 2010 τά
772 1956 881 2029 θύματα,
898 1955 931 2028 μὴ
975 1958 1009 2019 ὡς
1021 1963 1064 2011 τοῦ
1078 1958 1202 2029 Εύάνδρου
1224 1956 1347 2025 Ἀθηναίου
1360 1957 1540 2027 τυγχάνοντος,
1552 1956 1575 2009 οί
1593 1956 1674 2010 δὲκαὶ
1687 1955 1761 2009 αύτδν

151 2032 257 2104 ἀδόκιμα
278 2033 320 2087 καί
333 2036 407 2106 πηρά.
446 2036 546 2102 Βοώνην
565 2034 592 2088 δί
609 2034 652 2088 τόν
669 2034 809 2108 ὠνούμενον
829 2037 886 2107 βοῦς
900 2035 933 2100 τίς
976 2038 1043 2100 ξένον
1066 2036 1181 2109 ίνόμισαν
1202 2037 1307 2091 θεσπιέα
1328 2041 1371 2104 τῆς
1388 2037 1514 2098 Βοιωτίας.
1556 2035 1628 2102 ’ίῐξῆν
1649 2035 1697 2107 γάρ
1711 2039 1764 2098 τοῖς

150 2111 192 2174 τάς
203 2111 294 2184 ίορτάς.
975 2118 1050 2181 ξένοις
1062 2117 1175 2190 ἐμπόροις
1188 2119 1250 2171 δπου
1265 2115 1397 2170 ἔδούλοντο
1407 2117 1531 2171 ποιεῖσθαι
1544 2114 1587 2178 τάς
1602 2116 1679 2178 δίκας.

149 2203 156 2223 ‘
186 2193 248 2263 570,
270 2197 295 2250 8.
315 2192 366 2260 Τὴν
379 2198 422 2261 τῆς
440 2193 532 2266 ρύσεως
545 2195 631 2249 κακίαν
652 2195 693 2249 καί
708 2194 855 2269 ἀνανδρίαν]
877 2194 932 2250 Ἵπ-
1013 2196 1182 2269 Καρόςτινοςή
1210 2192 1348 2267 Ὕπιρύολὴ
1369 2196 1408 2248 δτι
1421 2194 1463 2249 καὶ
1477 2189 1584 2262 ξίνοςήν
1598 2194 1612 2246 ό
1625 2193 1763 2265 προδαλλό·

150 2291 245 2343 παρχον
260 2273 303 2345 μὲν
325 2272 397 2326 αύτδν
411 2274 627 2344 χειροτονήσαντες
647 2272 692 2340 τὴν
711 2274 803 2328 δειλίαν
823 2274 932 2345 ίπηνωρ·
976 2297 1049 2351 μενος
1060 2279 1178 2350 καὶόμως
1188 2277 1217 2331 ού
1229 2276 1408 2349 παρημίληται.

150 2352 274 2418 θώσαντο,
290 2352 410 2422 ίεροποιδν
422 2352 449 2406 δί
462 2352 503 2406 καί
513 2354 650 2427 μυστηρίου
660 2351 809 2426 ἐπιμελητὴν
818 2353 932 2426 ίλόμενοι
1014 2358 1075 2427 571,
1104 2375 1149 2414 01.
1176 2357 1420 2427 ίίαταδικασάμενος]
1447 2354 1519 2409 Ἄλλο
1539 2354 1700 2417 καταδικάσας
1721 2355 1764 2411 καὶ

149 2428 193 2497 τήν
208 2431 325 2503 πονηρίαν
342 2430 479 2503 ήμύλυναν,
976 2436 1041 2491 ἀλλο
1062 2439 1295 2508 καταδικασάμενος.
1339 2435 1374 2488 Τδ
1386 2434 1429 2505 μίν
1442 2434 1490 2505 γάρ
1501 2435 1587 2505 κυρίως
1604 2433 1643 2487 ἐπὶ
1657 2440 1704 2487 τῶν
1719 2453 1762 2487 κα·

185 2511 245 2581 570,
270 2512 310 2565 15.
327 2512 466 2580 Κυζικηνῶν
480 2510 574 2583 ήπραοε
594 2513 680 2567 πλεῖον
699 2514 715 2580 ἢ
737 2514 817 2585 πίντε]
835 2512 877 2568 Ἐν
897 2520 932 2586 τῷ
976 2518 1156 2578 ταδικαζόντων
1170 2517 1305 2580 δικαστῶν,
1320 2514 1349 2567 τύ
1368 2514 1394 2567 δὲ
1406 2512 1446 2568 ἐπί
1458 2519 1507 2568 τῶν
1527 2514 1650 2567 νικώντων
1664 2512 1707 2575 τύς
1727 2514 1762 2566 δί-

149 2598 297 2663 συμμαχικῷ
310 2591 410 2664 πολέμῳ
420 2592 566 2664 ἐψηφίσαντο
593 2591 716 2660 Ἀθηναῖοι
739 2592 867 2661 ληίζεσθαι
877 2596 932 2657 τούς
976 2612 1020 2655 κας
1033 2593 1074 2646 καί
1088 2593 1172 2648 αἰτίων
1182 2594 1319 2665 γινομένων
1333 2597 1376 2647 τοῦ
1388 2592 1595 2657 καταδικασθῆναί
1606 2611 1660 2645 τινα
1672 2592 1762 2663 σημαί·

149 2670 272 2724 θάλατταν
295 2670 425 2735 πλέοντας,
445 2672 489 2723 κάν
517 2671 620 2742 ἔμποροι
642 2668 698 2734 ὦσι,
721 2678 769 2724 τῶν
793 2672 930 2743 πολιμίων.
976 2692 1012 2725 νει
1028 2673 1057 2726 τό
1074 2673 1158 2745 ῥητόν.

148 2749 301 2819 Παρατυχών
319 2744 362 2802 ούν
377 2749 489 2821 ίμπόροις
508 2752 651 2817 Κυζικηνοῖς
668 2750 780 2822 ἀφείλετο
799 2751 876 2805 αθτών
899 2753 932 2815 ώς
1013 2752 1074 2819 571,
1098 2753 1142 2805 23.
1169 2752 1227 2814 Τοῖς
1243 2751 1382 2823 μυστηρίοις
1406 2748 1597 2820 ίπιδημοῦντος]
1624 2750 1695 2813 Ἴσως
1717 2748 1761 2816 τήν

149 2828 274 2899 πολεμίων
286 2828 316 2882 τά
333 2829 458 2899 χρήματα.
506 2829 537 2882 Οί
549 2830 576 2883 δὲ
589 2830 700 2893 ἐλθόντες
711 2830 744 2892 τίς
761 2830 859 2896 Ἀθήνας
873 2830 931 2884 ἀπε·
977 2828 1062 2899 ἑορτὴν
1078 2830 1211 2903 πρόύλημα
1230 2831 1272 2883 καὶ
1292 2830 1425 2900 άσράλειαν
1448 2828 1604 2899 ἡγησάμενος
1624 2826 1761 2898 ἐτόλμησεν

149 2907 368 2969 δείκνυσαναύτοῖς
381 2907 463 2980 φιλίαν
479 2907 635 2980 ύπάρχουσαν
648 2910 705 2981 πρδς
719 2909 764 2976 τήν
778 2910 861 2963 πόλιν.
903 2908 932 2963 ‘0
975 2907 1095 2978 ἀρθῆναι,
1110 2909 1267 2972 κάκτῖνοςώς
1283 2909 1309 2963 ἐν
1328 2907 1399 2979 άλλῳ
1418 2904 1452 2978 μή
1471 2905 1586 2977 εύρίσκων
1603 2910 1762 2980 καιριῖνκατί·

149 2985 175 3040 δὲ
189 2988 288 3051 Μειδίας
306 2989 378 3059 μέχρι
390 2987 507 3042 τοσούτου
525 2987 648 3053 ἀντεῖπεν,
669 2991 715 3052 ἕως
731 2989 811 3044 ἔπεισε
824 2988 857 3061 μή
872 2989 932 3044 ἀπο·
975 3006 1035 3057 σχεν
1046 2988 1174 3060 ὀργισθείς,
1712 3043 1718 3055 ,

148 3068 233 3119 δοῦναι
248 3067 330 3129 αύτοῖς
340 3066 371 3121 τά
384 3067 512 3140 χρήματα.
549 3068 579 3121 Οἱ
591 3068 617 3123 δί
631 3069 776 3132 ἀπελθόντες
795 3070 931 3139 άπίστησαν
1012 3068 1073 3135 571,
1089 3073 1131 3120 26.
1142 3069 1191 3120 Τοῦ
1203 3066 1229 3120 δὲ
1238 3066 1455 3138 προόαλλομίνου]
1472 3063 1612 3138 Ὦρμήσᾱτε
1625 3066 1678 3137 μὲν,
1691 3068 1760 3137 φησίν

148 3145 193 3213 τὴν
210 3145 300 3201 ίαυτῶν
318 3149 430 3218 πατρίδα.
470 3148 528 3201 Κατ’
552 3148 624 3220 άμρω
641 3144 751 3212 ούντούς
771 3151 858 3221 άνδρας
877 3149 931 3217 ἡδί·
976 3147 1074 3219 θανάτῳ
1087 3147 1237 3219 περιόαλεῖν·
1253 3150 1296 3200 τοῦ
1314 3145 1341 3199 δὲ
1354 3144 1493 3215 κατηγόρου
1509 3146 1646 3206 πεισθέντος
1662 3145 1703 3198 καὶ
1719 3145 1762 3218 ἀρ·

149 3248 223 3295 κησε,
238 3229 279 3281 καί
290 3228 320 3282 τά
332 3229 449 3300 χρήματα
461 3228 545 3282 λαύὼν
563 3230 604 3283 καί
616 3229 648 3291 εἷς
663 3229 753 3301 ἔχθραν
769 3230 894 3302 ίμῦαλών.
975 3228 1102 3289 κῑῦθὲντος
1114 3228 1219 3298 τῑμωρθᾳ
1232 3225 1349 3299 ῖνῑαῦῐῃν
1370 3225 1392 3278 ῑί
1414 3223 1447 3295 μὴ
1458 3224 1588 3287 {mmm
1601 3224 1638 3293 εἴη
1651 3229 1683 3297 τῇ
1700 3247 1762 3297 προ·

185 3308 245 3378 570,
263 3326 303 3379 17.
317 3308 464 3379 Περιωθῶν]
483 3309 619 3380 Περιάγων.
634 3312 665 3363 Β.
975 3308 1032 3376 τέρᾳ
1044 3308 1162 3379 καταδίκη
1171 3348 1178 3371 ,
1187 3308 1217 3374 ἢν
1229 3307 1355 3377 ύπίμεινεν
1368 3303 1480 3371 ίηττηθείς
1491 3302 1535 3370 τὴν
1545 3303 1677 3376 ἐμπορικὴν
1691 3307 1762 3375 δίκην

185 3386 246 3455 570,
265 3392 307 3453 18.
321 3389 452 3459 Συγχίων]
467 3388 545 3441 ίίινών
564 3388 606 3441 καί
622 3389 792 3458 συνταράττων
804 3388 845 3441 καί
863 3387 931 3442 ἀναι·
976 3385 1005 3437 τδ
1019 3387 1154 3455 πρότερον,
1167 3386 1344 3456 συνδραμόντες
1367 3382 1523 3454 ἠναγκάσατε
1539 3383 1612 3438 αύτδν
1626 3383 1763 3453 ἀποστῆναι

149 3470 212 3535 ρῶν,
225 3466 269 3518 ίνα
286 3464 319 3537 μὴ
329 3466 457 3521 ἀπαιτοῖτο
471 3467 502 3522 τά
513 3467 639 3539 χρήματα.
976 3465 1017 3517 καί
1032 3467 1117 3536 μηκίτι
1127 3465 1259 3532 ἀπαιτῆσαι
1273 3465 1316 3518 τδν
1334 3465 1470 3518 Μένιππον.

186 3544 246 3613 570,
260 3562 305 3601 01.
319 3546 447 3608 Τοιούτους
465 3547 512 3609 θείς
532 3549 636 3619 νόμους]
651 3546 682 3599 Οί
700 3547 743 3618 μὲν
754 3548 810 3611 τούς
826 3547 929 3620 λόγους,
1012 3544 1073 3612 571,
1087 3543 1450 3615 19οίῖαίπρθῦίῑψθσαῐῑῑίῑς
1464 3542 1571 3615 [meu]
1593 3544 1645 3597 Καί
1658 3545 1716 3615 πρὸς
1727 3551 1762 3618 τῷ

149 3622 191 3684 οθς
209 3623 263 3678 εἷπε
279 3625 341 3679 κατὰ
354 3632 402 3680 τῶν
423 3627 527 3693 ἱππέως,
556 3626 673 3681 ἐκάλεσας
694 3629 797 3698 νόμους,
816 3628 840 3682 οἱ
857 3629 883 3683 δή
900 3635 932 3702 τῇ
976 3621 1072 3692 ἀρεῖναι
1089 3623 1134 3690 τήν
1148 3625 1281 3691 καταδίκην
1303 3624 1345 3676 καὶ
1363 3622 1499 3694 ἀναγκάσαι
1519 3622 1655 3690 ἀποστῆναι
1673 3626 1763 3693 ταύτης

150 3701 253 3773 ἀληθείᾳ
272 3703 392 3759 ύπέλαύον
407 3707 530 3761 τεθεῖσθαι
548 3709 637 3778 νόμους
658 3707 691 3768 ώς
705 3706 732 3760 ού
751 3710 829 3761 δεῖται
840 3708 931 3764 ίππίων
975 3702 1018 3753 1'02
1033 3700 1169 3772 Essavsspov,
1191 3701 1363 3772 αίῐῑᾰῦᾶμῖνθυ
1377 3703 1450 3756 πάλῑί
1472 3705 1515 3755 τοῦ
1535 3702 1663 3757 Μῑνίῦπθθ
1675 3703 1708 3767 ὡς
1721 3706 1763 3758 καὶ

149 3778 255 3845 ἡπόλις·
282 3786 471 3854 καταισχύνουσι
484 3785 532 3857 γάρ
552 3785 637 3853 αύτήν.
685 3786 756 3850 Ἴσως
771 3788 793 3840 δ’
808 3789 930 3857 ἐποίησεν,
975 3780 1155 3850 ἆλδῑςῦπὲπη
1171 3782 1330 3853 βλᾶὅαςπῑρῖ
1343 3779 1576 3853 ῖθφθρῐίωθῐθθ
1591 3781 1708 3854 ἐμπορίαν
1721 3784 1763 3837 δῑὰ

148 3858 192 3910 ἵνα
204 3856 237 3929 μή
250 3860 416 3929 στρατεύηται.
975 3857 1020 3925 τήν
1034 3861 1111 3932 κρίσιν
1127 3859 1237 3929 Ἀθήνησι
1250 3864 1431 3933 κατεχόμενος,
1443 3861 1604 3932 προσετάξατε
1615 3861 1658 3914 καί
1674 3862 1763 3926 ταύτας

186 3936 302 4009 Ἐξαρνος
317 3934 365 4012 ήν]
377 3942 500 4009 Φοόηθείς
515 3942 563 4014 γάρ
576 3941 619 4010 τὴν
633 3946 781 4016 κατηγορίαν
797 3945 876 4019 ίρριήε
892 3946 933 4000 καί
975 3940 1048 3993 αύτδν
1059 3939 1162 3997 ίκτῖσαι.

153 4014 230 4085 ἀφῆκε
241 4018 296 4081 τούς
310 4020 407 4089 νόμους.
1012 4021 1073 4090 570,
1089 4037 1115 4073 2.
1134 4020 1176 4083 Εἷς
1192 4020 1236 4093 μὲν
1249 4017 1319 4083 ούτος
1333 4020 1357 4082 ἐξ
1375 4019 1436 4073 ίδίου
1450 4020 1609 4092 πράγματος]
1624 4019 1719 4073 θύκοῦν
1732 4021 1762 4074 τδ

187 4097 247 4162 5,·0,
259 4098 303 4153 03.
317 4097 377 4152 Ὅτε
393 4097 436 4165 τὴν
454 4100 624 4169 ἔπὶθηδαίους
639 4101 740 4174 ἔξοδον]
759 4101 872 4175 Ἐγίνετο
884 4104 932 4177 γάρ
975 4097 1046 4170 ῥηθὲν
1062 4101 1216 4172 παράδειγμα
1235 4099 1338 4155 ἀπὸτοῦ
1354 4099 1484 4162 ἐλάττονος
1500 4099 1632 4166 εἴληπται,
1648 4098 1715 4171 εἴπερ
1731 4100 1764 4155 τό

150 4173 190 4225 κτλ
201 4174 242 4226 διδ
255 4176 298 4229 τόν
308 4177 467 4250 Πλούταρχον
479 4179 556 4252 ἒτίρα,
975 4179 1085 4233 ίδιωτικά
1096 4187 1145 4234 τῶν
1159 4181 1284 4251 δημοσίων
1299 4178 1427 4233 ἐλάττονα.

186 4252 245 4322 570.
268 4260 311 4318 τό.
336 4259 436 4311 Δώκεκα
453 4264 496 4326 τῆς
517 4262 612 4325 πόλεως
633 4263 758 4334 τάλαντα]
784 4261 932 4319 Ἀντιπῖπτον
1013 4263 1074 4329 57ο,
1087 4262 1112 4315 3.
1123 4261 1245 4333 Οδδεμιᾶς
1254 4262 1357 4330 ύόρεως]
1369 4259 1403 4311 (λδ
1417 4258 1465 4329 γὰρ
1476 4257 1607 4325 ίεύπτησεν
1621 4258 1694 4312 αύτόν
1706 4258 1762 4313 ούδί

151 4329 236 4383 ἔλυσεν
250 4355 260 4380 ι
275 4332 318 4386 ούκ
334 4333 438 4400 ἠδύνατο
453 4339 552 4408 πλεῖνίγ
569 4341 711 4413 τριήρηςτῷ
726 4342 932 4416 μὴλαὸεῖυχρη.
976 4338 1091 4409 θύρισεν,
1107 4340 1174 4392 ἀλλὰ
1192 4341 1296 4409 κατίσχε
1314 4340 1398 4409 μόνον·
1422 4337 1532 4391 τοῦτοδὲ
1553 4336 1596 4390 ούκ
1616 4337 1680 4404 ἐξῆν.
1717 4338 1762 4391 Διδ

153 4430 164 4457 ι
181 4428 245 4478 ματα
256 4411 320 4479 παρά
333 4418 376 4480 τῆς
386 4416 480 4479 πόλεως
495 4417 528 4481 είς
537 4418 581 4485 τὴν
595 4418 733 4486 ἐπισκευήν.
752 4442 763 4470 ν
784 4418 814 4474 Ὅ
828 4422 854 4475 δί
867 4421 931 4492 εἶπε,
976 4420 1018 4471 καί
1032 4418 1117 4488 ἐπάγει
1131 4419 1235 4473 ἐπαινῶν
1245 4419 1279 4480 ώς
1288 4418 1369 4479 καλῶς
1380 4415 1484 4487 ἐγίνετο·
1501 4416 1569 4488 μάλα
1579 4415 1626 4487 γάρ
1639 4416 1760 4488 άγαθδνή

150 4489 192 4541 καὶ
204 4487 251 4559 μὴν
264 4491 358 4545 δώδεκα
371 4495 480 4550 τάλαντα
496 4497 605 4569 είλήρει,
624 4501 671 4553 όσα
682 4501 758 4563 ούδείς
770 4503 859 4573 ίτερος.
976 4497 1070 4569 φυλακὴ
1083 4505 1130 4552 τῶν
1146 4500 1240 4569 νόμων.

187 4568 248 4637 57ον
262 4586 307 4639 ²9·
320 4570 370 4637 Τθί
383 4572 450 4643 ίῑρᾶν
462 4576 547 4646 τριήρη
556 4581 745 4651 παρεσκευάκει]
760 4581 809 4634 Τοῦ
823 4583 935 4652 διαπορθ-
1014 4579 1075 4648 570,
1099 4600 1125 4648 9.
1152 4577 1254 4648 Ἕτερος
1280 4575 1373 4629 ἀδικεῖν
1397 4576 1452 4629 ποτ’
1476 4574 1574 4646 ἔδοξεν]
1601 4573 1624 4644 β’
1647 4573 1695 4629 ἀπδ
1717 4580 1762 4628 τοῦ

152 4647 232 4717 μεύειν
247 4647 286 4702 ἐπὶ
299 4651 342 4703 τόν
357 4651 477 4722 πόλεμον.
514 4654 618 4721 Διοκλῆς
633 4656 660 4709 δὲ
673 4660 808 4729 στρατηγός
825 4656 933 4728 ήνόλύ·
976 4654 1178 4726 ὅμοῖονῖῦτῑδθ
1192 4655 1239 4710 ἇπθ
1258 4658 1301 4722 τῆς
1323 4654 1443 4716 {zedam
1464 4654 1569 4716 &00er
1592 4654 1664 4707 BSY·
1682 4654 1762 4707 Τῡῦῐθ

151 4745 193 4788 σας
215 4726 256 4778 τόν
270 4728 329 4798 πρὸς
341 4728 462 4795 θηόαίους
470 4731 580 4803 πόλεμον
592 4736 646 4796 ταῖς
655 4737 778 4798 σπονδαῖς.
977 4726 1063 4806 όμοιον
1079 4735 1122 4806 μὲν
1136 4735 1200 4788 κατά
1212 4735 1289 4790 πάντα
1303 4737 1356 4797 τοῖς
1366 4737 1477 4804 παροῦσι·
1496 4732 1595 4804 καὶγὰρ
1609 4732 1650 4784 καί
1662 4733 1718 4804 περὶ
1731 4733 1761 4787 τά

188 4806 249 4874 571,
268 4823 291 4859 1.
310 4804 376 4860 Ἀλλ’
393 4807 469 4862 ἵππον
487 4808 530 4861 ούκ
545 4807 657 4883 ίτόλμα]
679 4812 773 4866 Ούκοῦν
792 4814 824 4877 είς
837 4815 880 4887 μὲν
892 4816 934 4880 τάς
955 4778 959 4857 ί
976 4813 1090 4867 Διονύσια
1101 4814 1302 4884 καταχειροτονία
1315 4814 1426 4885 γίγσνεν·
1439 4811 1492 4865 ίστι
1501 4813 1523 4864 δ’
1535 4813 1601 4882 όμως
1615 4812 1760 4882 σαθρότερον

151 4881 211 4946 ἰδίας
221 4884 308 4956 τρνράς
321 4885 425 4959 θπάρχει
440 4887 585 4959 φιλότιμος,
605 4889 637 4951 τίς
654 4890 680 4942 δὲ
701 4891 836 4955 τάςκοινάς
852 4895 933 4965 χρείας
956 4862 1012 4965 ίτῷ
1026 4891 1059 4965 μὴ
1071 4894 1190 4948 είσιλθιῖν
1205 4893 1237 4957 είς
1249 4895 1405 4965 δικαστήριον
1421 4892 1466 4959 τήν
1490 4893 1577 4964 κρίσιν.
1617 4890 1703 4945 Ἔστιν
1717 4888 1761 4945 ούν

153 4964 217 5017 θθῖω
239 4965 386 5038 mmmm
408 4968 471 5020 ὥστε
494 4967 556 5040 μηδί
573 4969 649 5024 ίππον
674 4971 831 5039 ὠνήσασθαι,
855 4976 934 5030 καίτοι
977 4973 1026 5028 ἀπὸ
1037 4978 1080 5041 τῆς
1097 4974 1218 5037 ἐκδόσεως
1235 4973 1340 5037 ἀσθενές
1378 4973 1421 5026 Διδ
1433 4973 1475 5027 καὶ
1489 4974 1562 5043 μίσον
1576 4968 1635 5025 σώτδ
1648 4977 1696 5025 τῶν
1718 4972 1761 5027 δύο

148 5040 273 5114 ίδῦαίλθί
288 5045 356 5104 ⁶⁹²²·
977 5056 1066 5108 τίθεικε
1077 5059 1125 5108 τῶν
1141 5053 1246 5125 ἰσχυρῶν
1257 5057 1301 5106 τοῦ
1310 5072 1337 5107 τε
1348 5052 1411 5106 κατὰ
1421 5051 1543 5123 Εὔανδρον
1555 5050 1598 5107 τόν
1608 5053 1762 5123 ξημιωθίντα

188 5123 248 5191 571,
261 5128 287 5179 θ.
301 5126 426 5198 Βούλομαι
442 5128 542 5201 τοίνυν]
557 5126 608 5194 Τήν
628 5129 780 5198 πηλικότητά
797 5130 933 5204 δπιλογίζε·
955 5186 958 5219 Ι
977 5134 1059 5205 (τοῖς)
1074 5132 1185 5205 χρήμασι
1200 5132 1297 5187 καὶτοῦ
1308 5132 1370 5186 κατά
1381 5131 1532 5200 Κτησικλία,
1547 5130 1590 5186 τδν
1607 5131 1704 5203 θανάτῳ
1717 5151 1762 5185 κα·

152 5220 201 5254 ται,
243 5200 341 5271 Ἐπειδὴ
351 5206 399 5277 γάρ
410 5206 435 5262 ἓν
451 5207 531 5282 ίκείνη
542 5208 615 5280 ρησίν
629 5208 755 5271 όΜειδίας
767 5211 805 5264 ότι
824 5233 835 5261 ι
848 5213 873 5265 τί
885 5213 933 5284 γάρ
975 5216 1157 5271 ταδικασθίντα.

155 5301 167 5329 ι
182 5281 270 5353 γίγονε
279 5283 375 5351 δεινόν,
386 5288 428 5341 καί
437 5289 472 5352 τίς
484 5308 543 5344 ποτε
557 5289 596 5344 ίπί
604 5290 722 5354 τοιούτοις
731 5292 851 5364 δημοσίαν
862 5293 932 5363 δίκην
954 5288 958 5325 ¹
1014 5296 1074 5366 57²,
1090 5312 1131 5349 10.
1146 5293 1339 5365 Παρεδρεύοντος
1355 5292 1458 5364 όρχοντι
1477 5296 1513 5364 τῷ
1529 5288 1594 5360 υίεῖ]
1608 5289 1762 5360 Συμπονσύνο

251 5389 413 5432 omum-u.
1619 5387 1646 5431 εί
