3967 5967
240 434 295 485 ιω
461 393 467 401 ’
776 429 918 489 ειιοιιιι
941 396 1006 490 'm
1027 430 1303 491 ιιιιιοεοεινιιιι.

269 559 331 618 όοκ,
349 554 390 609 13.
405 555 440 608 Ού
452 555 500 627 γὰρ
517 556 592 619 ἔξεστί
607 559 660 630 σοι]
670 559 791 626 Δηλονότι
800 561 829 614 τ“ο
840 562 951 633 γράφειν,
966 562 1019 615 ύντι
1068 562 1165 631 θρασεῖς
1178 561 1204 615 δὲ
1217 561 1259 613 διά
1274 562 1318 614 τδν
1330 562 1419 631 τρόπον
1432 560 1467 613 Tb
1478 559 1505 614 δύ
1518 562 1635 614 τοιούτων
1652 561 1764 625 ὀνειδῶν,
1786 561 1857 613 οἵων

233 631 385 706 ἡταιρηκότα
397 638 453 689 AL.
1065 642 1163 711 μετέχει
1177 641 1192 693 ό
1210 640 1359 713 Ἀνδροτίων.
1392 641 1427 693 Τό
1438 640 1464 693 δέ
1478 640 1603 704 κάκείνους
1617 641 1673 695 ἀντί
1684 646 1729 694 τοῦ
1746 639 1856 711 ἡταιρη-

271 718 333 779 6οα,
350 733 391 784 ¹7·
408 715 484 777 Ἄξιον
503 717 603 788 τοίνυν]
621 717 656 770 To
677 716 824 791 ἐπιχείρημα
842 722 931 791 γνώμη
944 738 1019 789 νομο-
1063 721 1143 782 κότος.
1158 723 1216 775 An.

235 795 315 849 θίτου.
351 797 468 868 Δευτέραν
483 796 530 869 γύρ
546 796 614 859 ἐταξε
631 795 675 864 τὴν
695 801 799 870 γνώμην
822 804 866 853 τοῦ
886 801 1019 871 νομοθέτου
1099 802 1160 864 θοδ,
1175 818 1201 868 7.
1215 800 1354 854 Καταλύσαι
1374 800 1403 853 τύ
1421 802 1533 871 παράπαν
1550 801 1593 854 τόν
1607 802 1706 873 δῆμον]
1725 799 1856 854 Ἐνταῦθα

234 873 260 929 ἐν
274 875 390 949 τῷλόγῳ
402 878 490 949 τούτῳ.
506 880 562 931 ΑΒ.
1063 878 1106 931 δύο
1130 879 1257 949 προτάσεις
1279 877 1382 944 εἰσίνή
1405 878 1449 949 μὲν
1475 878 1625 948 παράδοξος,
1654 881 1693 932 ότι
1713 878 1857 932 καταλύσειε

272 954 348 1016 Ἄξιον
367 958 463 1020 τοίνυν,
484 953 617 1028 ὦάνδρες]
644 955 735 1023 Ἄλλην
750 956 885 1011 ἀκόλουθον
909 957 1019 1029 ἐπήγαγε
1063 956 1206 1027 προελοιντο
1224 958 1253 1008 ἀν
1267 958 1310 1010 τόν
1328 959 1422 1027 δῆμον,
1443 954 1501 1021 ήδέ
1514 954 1620 1021 πιθανὴ,
1637 958 1676 1009 ότι
1695 959 1855 1028 προαγαγεῖν

234 1032 303 1086 λύσιν
323 1032 349 1087 ἐκ
363 1036 470 1098 διανοίας
491 1040 535 1088 τοῖν
556 1036 705 1107 νομοθέτου,
730 1036 772 1089 καί
796 1036 870 1102 αύτὴν
892 1036 1019 1108 ἀποφυγὴν
1064 1037 1170 1098 ἅπαντας
1184 1037 1283 1108 ὁμοίους
1308 1037 1402 1097 ἑαυτοῖς
1423 1034 1497 1088 εἶναι.
1550 1034 1581 1087 Ὁ
1602 1036 1629 1089 δέ
1645 1036 1725 1107 ῥήτωρ
1746 1037 1854 1089 αὐτόθεν

235 1111 341 1183 ἔχουσαν
354 1121 402 1168 τῶν
416 1113 571 1176 ἀποδείξεων.
608 1115 730 1181 Συστῆσαι
739 1116 786 1187 γάρ
800 1117 913 1185 βούλεται
924 1116 964 1168 διὰ
977 1120 1020 1183 τῆς
1063 1112 1150 1181 ἐδεήθη
1165 1115 1343 1168 κατασκευάσαι
1357 1112 1402 1178 τήν
1419 1114 1552 1184 πράττων,
1569 1114 1615 1184 πρὸ
1637 1120 1681 1167 τοῦ
1696 1113 1741 1180 τὴν
1756 1114 1781 1185 β’
1793 1135 1856 1185 προ-

234 1193 342 1255 διανοίας
353 1199 396 1247 τού
409 1195 523 1257 Σόλωνος
541 1197 579 1248 ὅτι
593 1194 648 1248 οὐδὲ
662 1194 754 1257 ἐκεῖνος
768 1196 867 1257 κολάζει
881 1196 936 1250 ούδέ
949 1195 1019 1267 ἐλάγ-
1063 1198 1150 1249 τεῖναι.
1190 1194 1303 1246 Καθόλου
1317 1194 1365 1265 γάρ
1379 1192 1473 1255 δεῖτας
1494 1194 1642 1256 κατασκευάς
1665 1194 1751 1256 εύθῖως
1772 1194 1855 1249 ἐπισυ-

235 1292 292 1342 χει,
308 1274 425 1341 δηλονότι
441 1276 595 1345 πανταχόθεν
610 1277 693 1328 πεῖσαι
706 1276 762 1337 το“υς
781 1275 913 1339 ἀκούοντας
934 1277 1021 1347 προθυ-
1064 1277 1161 1327 νάπτειν
1172 1277 1226 1336 ταῖς
1239 1276 1364 1336 ἀπιθάνοις
1375 1275 1417 1326 καί
1429 1274 1572 1344 παραδόξοις
1584 1276 1739 1344 προτάσεσιν,
1752 1276 1796 1326 ἵνα
1808 1274 1854 1327 διά

236 1353 356 1425 μούμενος
375 1353 447 1426 σιγὴν
468 1356 602 1409 ἐπιτάττειν
626 1354 791 1425 Ἀνδροτίωνι,
817 1355 875 1426 ούχί
893 1356 919 1409 δέ
933 1357 1019 1410 καλεῖν
1063 1359 1106 1422 τῆς
1117 1354 1259 1416 ἀποδείξεως
1273 1357 1316 1420 τῆς
1327 1354 1443 1423 προτέρας
1454 1355 1644 1423 συναρπάοωμεν
1658 1354 1701 1406 τδν
1715 1354 1851 1424 ἀκροατὴν,

235 1432 268 1494 εἰς
281 1434 453 1509 δικαστήριον,
467 1433 523 1487 ούδὲ
534 1435 577 1488 τδν
590 1434 728 1505 κατήγορον
742 1434 888 1505 ἀναγκάζειν
907 1436 965 1506 πρδς
976 1434 1020 1487 αύ-
1063 1434 1168 1503 ύυσπερελ
1179 1435 1282 1497 πιθανῆς
1293 1433 1335 1484 καί
1346 1436 1389 1497 τῆς
1406 1430 1438 1502 β’.
1456 1435 1512 1486 An.

235 1514 277 1566 τόν
291 1515 477 1587 διαγωνίζεσθαι
489 1515 543 1586 περί
556 1520 600 1568 τοῖν
613 1516 682 1585 βίου,
703 1514 769 1567 ἀλλὰ
786 1514 931 1586 ἀναγκάζειν
946 1516 1020 1569 αύτδν
1100 1513 1161 1577 603,
1183 1529 1224 1564 ιο.
1236 1511 1298 1572 Τούς
1319 1511 1456 1580 άρχοντας]
1472 1510 1526 1580 &A
1544 1509 1627 1571 ἀιύῶς
1637 1510 1851 1581 λέγειάρχοντας,

235 1597 340 1648 σιωπᾶν.
376 1597 455 1648 Τοῦτο
470 1595 518 1668 γάρ
538 1595 700 1665 βεύουλῆσθαι
715 1596 757 1649 τύν
774 1597 908 1666 νομοθέτην
921 1593 1020 1660 διάτήν
1064 1589 1131 1643 ἀλλὰ
1144 1591 1199 1652 τούς
1212 1591 1402 1660 πρῡῖῦῖαμίίῡθς
1418 1595 1466 1641 τῶν
1486 1589 1638 1658 πραγμάτων
1657 1590 1699 1641 καί
1712 1591 1854 1651 tomm-

235 1673 371 1730 πολιτείαν.
407 1675 489 1727 Ταῦτα
498 1674 524 1727 δέ
537 1675 655 1747 τεκμήριά
667 1675 730 1728 ἐστιν
741 1675 874 1729 εύσύνοπτα
886 1681 929 1728 τοῦ
944 1678 1020 1746 μηδε·
1065 1672 1149 1740 μένους
1162 1689 1201 1733 tt,
1226 1672 1308 1739 ὥσπερ
1322 1674 1364 1721 νῦν
1387 1668 1560 1738 όἎνδροτίων
1578 1670 1679 1730 δυνατός
1693 1669 1758 1723 ἐστίν
1780 1669 1805 1723 ἐν
1820 1676 1855 1743 τῇ

175 1812 178 1817 ⁴
237 1753 294 1822 μίαν
309 1753 429 1815 ἀπόδειξιν
446 1753 513 1823 ἔχειν
526 1757 569 1820 τῆς
584 1753 737 1823 ἑταιρήσεως.
775 1754 864 1807 Λοιπδν
876 1756 907 1805 δι’
921 1752 957 1807 ὧν
973 1754 1019 1816 ἐξε·
1065 1750 1153 1821 βουλῇ.
1166 1754 1222 1804 All.

154 1849 157 1857 ·
235 1833 303 1894 τάζει
314 1836 358 1884 τοῦ
372 1833 504 1902 νομοθέτου
517 1830 562 1898 τήν
576 1833 684 1883 διάνοιαν
700 1831 713 1884 ό
727 1831 817 1902 ῥήτωρ,
833 1833 956 1903 μεθοδεύει
967 1833 1021 1886 ἀτι-
1100 1831 1162 1893 603,
1180 1834 1222 1892 τίς.
1238 1828 1426 1899 Ὀλιγωρήσας]
1436 1828 1485 1879 Τοῦ
1499 1826 1672 1898 συμὸουλεύειν
1684 1828 1726 1879 καί
1739 1828 1854 1899 δημηγο·

237 1931 283 1981 μον
304 1915 402 1978 ποιῆσαι
424 1912 467 1964 τόν
493 1910 665 1981 Ἀνδροτίωνα,
691 1911 784 1972 δεικνύς
806 1913 845 1965 ότι
871 1911 939 1965 οὐδέν
957 1914 1021 1983 μέγα
1065 1912 1130 1979 ρεῖν,
1143 1914 1186 1961 τοῦ
1200 1910 1277 1978 νόμου
1289 1908 1362 1961 αύτδν
1373 1907 1539 1978 ἀπείργοντος.
1552 1909 1630 1961 Αίείί.

234 1994 322 2063 ώρισεν
344 1991 376 2054 είς
396 1991 514 2062 τιμωρίαν
533 1990 645 2052 αύτοῖςό
667 1990 767 2054 Σόλων,
784 1990 841 2043 ούδέ
860 1992 915 2061 περί
934 1993 1021 2045 τούτου
1101 1990 1161 2051 603,
1181 2007 1221 2058 ¹7·
1243 1989 1302 2059 Περί
1320 1988 1363 2059 μέν
1382 1989 1463 2040 τοίνυν
1484 1992 1527 2039 τοῦ
1540 1986 1634 2057 νόμου]
1658 1981 1688 2036 Ὃ
1701 1987 1778 2040 ΠΕΡΙ
1794 1985 1854 2038 EN·

235 2068 399 2138 ἐσπούδασεν,
420 2069 486 2121 ἀλλά
499 2069 528 2123 τύ
545 2072 623 2130 αἵνζον
637 2066 681 2134 τὴν
701 2069 865 2139 δημοκρατίαν
891 2070 1019 2141 ἐκύρωσεν.
1065 2068 1200 2121 ΔΕΙΞΕΩΣ
1214 2068 1336 2122 Nomos.
1353 2071 1385 2120 A.

235 2147 301 2203 Εἶτα
314 2151 487 2211 κατασκευάζει
506 2149 535 2202 τύ
555 2148 702 2219 ἐπιχείρημα
716 2148 805 2213 ούτως,
825 2147 850 2201 ἐν
869 2150 1022 2221 δημοκρατίᾳ
1104 2145 1162 2199 Ἐπὶ
1174 2148 1216 2200 τόν
1229 2149 1344 2216 τέταρτον
1362 2145 1449 2198 λοιπόν
1471 2143 1570 2213 ἀρίκετο
1582 2144 1658 2213 νόμον
1667 2183 1677 2211 ,
1694 2144 1854 2196 συντείνοντα

238 2229 351 2299 ισονομία
368 2228 410 2280 καί
424 2227 545 2298 ἰσοτιμία,
559 2229 623 2280 ὥστε
640 2225 735 2279 καίτοι
749 2229 841 2295 πένητα
861 2229 904 2280 καὶ
916 2231 1020 2299 δυσγενῆ
1067 2226 1110 2297 μὲν
1119 2226 1161 2278 καί
1173 2226 1247 2279 αιἰτδν
1261 2226 1294 2287 εἰς
1306 2226 1418 2295 ἀτιμίαν,
1432 2224 1458 2277 ἐκ
1469 2224 1495 2276 δὲ
1508 2229 1552 2276 τοῦ
1563 2224 1671 2293 πατέρων
1685 2225 1771 2293 χρέους
1782 2226 1854 2295 γινό·

237 2307 279 2359 καί
292 2305 377 2374 εύτελῆ
394 2307 599 2378 παρρησιάζεσθαι
611 2306 676 2358 κατόν
691 2312 739 2359 τῶν
764 2308 887 2362 πλουσίοιν
911 2310 953 2361 καὶ
973 2316 1021 2362 τιῖνν
1067 2326 1151 2377 μενον.
1189 2308 1308 2361 Σκεπτίον
1328 2307 1354 2359 δὲ
1376 2308 1414 2358 δτι
1438 2307 1551 2374 πανταχῆ
1572 2322 1643 2373 φησιν
1657 2304 1691 2363 ὡς
1708 2304 1854 2374 ώρληιιότος

238 2385 269 2436 τύ
291 2391 374 2457 πρῶτα
393 2384 511 2456 ἐχόντων·
537 2385 562 2438 ἐν
576 2385 602 2438 δέ
623 2385 759 2457 ὀλιγαρχίᾳ
783 2389 834 2448 τοῖς
853 2387 1022 2441 διοικοῦσι·τά
1067 2384 1106 2455 ήν·
1124 2389 1153 2441 τύ
1172 2389 1198 2440 δέ
1217 2393 1259 2439 νῖνν
1284 2387 1390 2458 όρείλειν
1412 2385 1448 2438 ἐτι
1472 2385 1500 2437 ού
1521 2387 1709 2448 κατασκευάζει,
1729 2386 1762 2448 ὡς
1786 2384 1854 2438 εἶναι

237 2463 308 2517 κοινά
335 2464 377 2517 καί
397 2464 515 2534 ἄρχουσιν
539 2464 616 2526 ούδείς
637 2470 686 2517 τῶν
710 2466 795 2518 ἀλλων
821 2465 972 2521 ἀντιύλίπειν
989 2470 1023 2531 ώς
1066 2468 1181 2520 ύπόνοιαν
1195 2465 1228 2536 μή
1241 2464 1439 2536 άμαέκτέτισται.
1482 2463 1513 2516 Ἰί
1526 2463 1552 2517 δὲ
1564 2464 1631 2525 λύσις
1642 2464 1764 2518 κάνταῦθα
1777 2484 1853 2535 μετα·

120 2552 125 2557 ’
237 2544 365 2604 δεσπόταις
376 2543 515 2610 δυνήσεται.
553 2544 647 2597 θδκοῦν
662 2545 686 2597 οί
700 2544 843 2615 βεύιωκότες
860 2545 976 2617 αἰσχρῶς,
994 2548 1023 2602 τὸ
1067 2546 1189 2613 ληπτικὴ,
1204 2545 1339 2611 ώςέπίτῆς
1356 2543 1509 2614 ἑταιρήσεως.
1548 2544 1622 2596 Ἔστι
1638 2562 1720 2596 τοινυν
1735 2542 1750 2610 ί]
1764 2547 1855 2615 πρότα-

237 2622 398 2683 ύνειδίζεσθαι
416 2623 672 2695 ροθούμενοι-τοῦτο
691 2623 739 2694 γάρ
752 2625 840 2694 γένοιτ’
859 2625 888 2676 ἂν
904 2622 929 2677 ἐν
944 2626 1023 2696 δημο·
1067 2624 1337 2698 σιςύμοίωςκάνιαῡθα
1357 2622 1543 2694 παραγραρική,
1565 2622 1609 2675 ούκ
1627 2622 1704 2685 ίξιστι
1721 2629 1757 2693 τῷ
1771 2623 1854 2695 ἀτίμῳ

237 2703 325 2773 κρατίρ
339 2703 379 2755 διά
390 2703 419 2757 τδ
432 2703 590 2775 ἰσότιμον-,
601 2705 760 2758 σπουδάσειεν
779 2704 841 2757 κατὰ
855 2704 883 2757 τύ
898 2704 970 2767 είκδς,
983 2705 1024 2758 εύ-
1067 2709 1178 2778 γράρειν.
1220 2704 1249 2756 Ἱί
1265 2705 1290 2757 δὲ
1309 2704 1427 2765 ἀντίθεσις
1439 2701 1624 2774 μεταληπτική,
1647 2701 1691 2755 ούκ
1706 2701 1855 2756 ἐνδείκνυταί

238 2787 346 2855 ρεθέντες
364 2784 470 2850 πολλοί,
490 2786 609 2851 ήπάντας
629 2784 810 2856 ἀπεργάσασθαι
821 2786 941 2855 πόρνους,
959 2785 1024 2838 ούτω
1070 2807 1113 2857 με,
1128 2786 1211 2856 μησίν.
1239 2784 1357 2844 Ἔνδειξις
1366 2785 1392 2836 δέ
1406 2783 1469 2836 ἐστιν
1481 2783 1560 2852 όνομα
1573 2783 1640 2848 δίκης
1651 2782 1713 2833 κατὰ
1725 2789 1774 2834 τών
1786 2783 1853 2854 ὄρει·

238 2865 446 2936 δημαγωγοῦντες
460 2863 560 2930 αύτούς,
579 2866 624 2917 ίνα
646 2866 674 2917 τ“ο
693 2866 779 2934 ὅμοιον
794 2861 826 2933 μὴ
845 2866 1023 2932 κακίζωσιν,ἢ
1068 2866 1162 2918 λόντων
1182 2864 1224 2935 μὲν
1239 2867 1270 2934 τῇ
1289 2863 1375 2926 πόλει,
1400 2863 1568 2916 πολιτεύεσθαι
1588 2860 1614 2912 δέ
1637 2862 1850 2931 διεγχειρούντων,

240 2949 391 3016 μεταστῆσαι
405 2945 545 2999 παντάπασι
556 2942 601 3010 τήν
621 2945 763 3008 πολιτείαν,
779 2943 910 3006 είδότεςώς
922 2945 1024 3016 όλιγαρ-
1069 2946 1169 3015 Λέγεται
1182 2943 1209 2996 δὲ
1223 2940 1320 3003 ἔνδειξις
1339 2941 1381 2993 καὶ
1399 2941 1462 2993 κατά
1477 2946 1526 2993 τῶν
1544 2940 1716 3010 ἀνδροφόνων,
1731 2942 1793 2994 όταν
1812 2963 1855 2995 κα·

240 3023 297 3093 χίας
309 3024 441 3094 γενομένης
457 3023 537 3085 ἕξουσι
548 3028 592 3076 τοῖν
607 3022 640 3094 μὴ
657 3023 854 3093 βλασρημεῖσθαι
872 3022 917 3089 τὴν
929 3024 1022 3078 άδειαν.
1068 3026 1151 3077 τίωσιν
1164 3026 1219 3077 ύποι
1231 3021 1264 3094 μὴ
1280 3021 1384 3083 ἔξεστιν,
1405 3023 1438 3083 ὥς
1449 3040 1520 3091 φησιν
1535 3021 1560 3075 ἐν
1573 3028 1609 3093 τῷ
1623 3020 1686 3074 κατά
1704 3020 1854 3095 Ἀριατοκρά·

277 3106 339 3165 6ου,
356 3105 398 3156 18.
415 3101 509 3173 Ἄλλη]
528 3100 670 3165 Ἀκόλουθος
682 3102 749 3163 λύσις
767 3099 794 3155 ίκ
805 3102 913 3163 διανοίας
932 3107 976 3155 τοῦ
986 3123 1026 3155 νο-
1069 3125 1139 3168 τους,
1152 3104 1214 3157 κατὰ
1224 3110 1271 3157 τῶν
1286 3103 1342 3163 τούς
1350 3102 1482 3172 φεύγοντας
1493 3101 1678 3157 ἐνδεικνύντων,
1718 3102 1814 3157 Γίνεται
1826 3105 1853 3158 δὲ

240 3183 362 3252 μοθέτου,
378 3181 504 3252 ἀποφυγήν
519 3181 611 3253 ἔχουσα
629 3182 671 3234 καὶ
690 3179 750 3246 αὐτή
765 3187 813 3233 τῶν
827 3180 981 3243 ἀποδεξεων.
996 3184 1024 3237 S.
1070 3184 1167 3246 ἔνδειξις
1178 3184 1220 3236 καὶ
1233 3182 1296 3235 κατὰ
1308 3184 1441 3251 προδοτῶν·
1461 3185 1533 3235 τούτο
1543 3182 1569 3236 δύ
1583 3180 1676 3252 εἴρηται
1688 3181 1713 3235 ἐν
1726 3190 1762 3255 τῷ
1774 3184 1854 3258 ἐνάτῳ

278 3266 339 3326 θου,
355 3265 400 3317 28.
419 3259 493 3313 Ἀλλά
514 3266 591 3314 ταῦτα
611 3260 711 3314 ἀπεῖπεν
729 3260 787 3332 ύπέρ
804 3260 888 3333 ύμών]
908 3262 1026 3333 Ταράττει
1070 3271 1119 3317 τῶν
1140 3264 1295 3317 Φιλιππικῶν
1320 3266 1368 3333 (ρ.
1387 3266 1446 3324 126,
1461 3265 1519 3330 ιο)’
1543 3284 1554 3310 ν
1578 3261 1679 3334 ἐνιαυτῷ
1696 3263 1722 3315 δὲ
1735 3266 1854 3335 πρότερον

241 3341 284 3394 τδν
299 3339 420 3412 ἀκροατὴν
433 3347 468 3413 τῷ
481 3343 667 3403 κατασκευάζειν
683 3340 727 3406 τὴν
748 3340 864 3395 ύπόνοιαν
885 3345 929 3407 τῆς
950 3361 1025 3395 κατα·
1072 3367 1083 3393 ι
1102 3348 1145 3410 τῆς
1161 3343 1275 3403 ἁλώσεως
1294 3340 1392 3404 ἐνέδειξε
1410 3342 1453 3394 τόν
1474 3341 1659 3408 Φιλιστδην.»
1697 3344 1795 3411 Ταύτης
1810 3350 1855 3412 τῆς

241 3419 334 3483 λύσεως
347 3425 390 3474 τοῦ
399 3420 494 3491 δήμου,
507 3420 549 3473 καί
565 3421 657 3490 συγχεῖ
665 3420 706 3473 καί
720 3419 958 3491 ταράττειτῷρύύῳ
971 3423 1027 3483 τούς
1070 3423 1211 3483 ἀντιθέσεως
1230 3420 1411 3492 μεταληπτικῆς
1425 3419 1498 3487 οὔσης
1519 3420 1560 3472 καὶ
1581 3419 1597 3487 η
1622 3420 1691 3482 λύσις
1711 3422 1762 3475 ἐστὶ
1777 3444 1853 3495 μετα·

244 3499 393 3564 ἀκούοντας,
422 3500 465 3551 ἵνα
488 3502 569 3569 ὥσπερ
596 3504 638 3565 τῆς
663 3500 826 3570 δημοκρατίας
843 3500 1028 3568 κινδυνευούσης
1071 3502 1176 3570 ληπτιιιή
1192 3502 1239 3556 άπὸ
1253 3502 1344 3571 χρόνου
1354 3501 1395 3554 καί
1407 3500 1455 3554 ἀπὸ
1465 3504 1562 3570 τρόπου·
1575 3502 1617 3554 καὶ
1631 3501 1678 3555 ἀπὸ
1694 3505 1785 3573 χρόνου
1799 3506 1853 3577 μέν,

242 3578 336 3650 ἐξωσθῇ
348 3583 390 3645 τῆς
401 3579 523 3640 πολιτείας
542 3577 556 3630 ό
578 3577 728 3648 Ἀνδροτίων.
777 3576 806 3630 Ὁ
820 3577 923 3642 Σόλων,
940 3581 1025 3649 ρησὶν,
1071 3589 1126 3638 τότε
1139 3584 1290 3652 ποιήσομεν,
1306 3579 1334 3632 ού
1347 3581 1381 3651 μία
1395 3582 1431 3633 Δί’
1449 3581 1506 3651 ούχί
1517 3586 1572 3641 νύν,
1592 3579 1640 3635 ἀπδ
1658 3584 1747 3652 τρόπου
1760 3585 1801 3649 δὲ,
1817 3588 1856 3640 ὅτι

242 3659 287 3711 ούκ
302 3657 414 3729 ἐξήλεγξε
431 3659 486 3720 τούς
505 3657 635 3718 τοιούτους·
658 3656 746 3710 ούκοῖνν
760 3655 816 3709 ούδέ
837 3656 899 3726 ύμᾶς
921 3657 1027 3728 ἔλεγχον
1071 3663 1217 3733 ἕνδείξομεν·
1236 3665 1277 3712 νῦν
1292 3658 1340 3730 γάρ
1360 3659 1404 3712 ούκ
1418 3659 1603 3725 ένδεικνύουαιν,
1620 3659 1685 3714 ἀλλὰ
1705 3666 1854 3735 παρανόμων

243 3738 286 3790 δεῖ
294 3739 389 3803 ζητεῖν.
427 3737 554 3806 Σορίζεται
566 3738 592 3790 δὲ
606 3737 629 3790 ἐν
645 3738 734 3809 τούτῳ.
789 3734 818 3789 ‘0
836 3736 884 3807 γάρ
895 3740 1028 3807 νομοθέτης
1071 3745 1214 3814 γράφονται.
1252 3740 1366 3809 Διάροροι
1379 3739 1405 3792 δέ
1422 3739 1446 3791 οί
1460 3740 1555 3809 τρόποι,
1593 3739 1657 3794 Εἶτα
1670 3741 1743 3794 πάλιν
1758 3740 1859 3796 άπαιτεῖ

244 3814 359 3868 ἐκύάλλει
375 3815 430 3878 τούς
441 3816 627 3886 ἐξελεγχθέντας
645 3815 817 3886 ἡταιρηκέναι,
832 3816 874 3867 καὶ
887 3817 1028 3885 διαλέγεται
1072 3823 1114 3885 τὰς
1125 3820 1257 3882 ἀποδείξεις
1277 3819 1342 3889 παρὰ
1359 3817 1535 3889 Ἀνδροτίωνος·
1552 3819 1621 3885 καλή
1637 3818 1753 3891 ἐρώτησις
1768 3821 1856 3894 ἰσχυρά
1916 3814 1919 3817 ’

246 3895 363 3962 δηλονότι
376 3896 431 3966 περὶ
445 3902 493 3949 τῶν
504 3894 660 3950 ἑαλωκότων.
707 3895 772 3966 Ὅρα
780 3895 806 3948 δέ
818 3895 851 3958 είς
867 3896 896 3949 τδ
906 3897 1029 3960 κάκείνους
1073 3902 1115 3973 μέν
1128 3902 1169 3954 καί
1179 3895 1282 3963 πιθανὴ,
1297 3899 1435 3968 σεοόρισται
1448 3898 1482 3953 δέ.
1521 3897 1555 3949 03
1570 3900 1618 3969 γάρ
1633 3918 1715 3968 ρησιν,
1728 3899 1853 3962 ἀπόδειξον

244 3973 300 4042 ήτοι
315 3973 450 4027 καταλῦσαί
463 3975 490 4044 γ’
501 3977 530 4027 ἀν
540 3976 681 4045 πειρᾶσθαι,
698 3976 736 4027 ότι
747 3975 789 4028 καί
806 3975 886 4045 τούτῳ
897 3983 932 4048 τῷ
943 3977 1028 4044 ἐννοή·
1073 3982 1094 4035 εἰ
1106 3979 1139 4053 μὴ
1154 3981 1245 4051 ὀφείλει
1257 3977 1271 4029 ό
1284 3977 1372 4049 πατὴρ,
1382 3976 1438 4029 ἀλλ’
1450 3975 1511 4049 εἰμὴ
1524 3977 1643 4047 ὤρειλεν,
1657 3979 1673 4045 ἢ
1688 3976 1752 4051 εἰμὴ
1766 3979 1856 4051 άπςδρα

244 4074 305 4127 ματι
317 4053 451 4107 άκόλουθον
463 4051 492 4122 ἦν
507 4054 574 4116 εύθὶις
588 4054 685 4124 ἐπάγειν
707 4077 718 4103 ι
733 4055 748 4120 ’ή
763 4055 879 4125 προάγειν
900 4057 929 4107 άν
940 4057 974 4119 ὣς
987 4077 1029 4111 πο-
1073 4060 1099 4113 ίκ
1114 4065 1157 4112 τοῦ
1171 4060 1354 4129 δεσμωτηρίου,
1370 4057 1424 4126 περί
1432 4061 1480 4108 τῶν
1494 4055 1700 4126 ὁμολογουμένων
1715 4058 1756 4109 καί
1768 4060 1857 4130 προδή·

250 4158 260 4182 ι
279 4135 439 4204 νηροτάτους,
451 4134 485 4185 ἵν’
500 4134 533 4195 ὡς
542 4133 682 4204 ὁμοιότατοι
697 4134 776 4204 αρίσιν
792 4130 886 4188 ὦσιν.»
906 4132 935 4187 Ὅ
947 4136 973 4190 δὲ
983 4137 1029 4207 πρὸ
1074 4137 1125 4189 λων
1139 4135 1183 4201 τήν
1198 4135 1331 4205 πρόκλησιν
1345 4135 1496 4202 ποιούμενος·
1518 4131 1573 4185 ούτε
1587 4132 1635 4203 γὰρ
1650 4133 1775 4197 ἀποδεῖξαι
1788 4138 1856 4189 δύνα·

244 4218 289 4280 τῆς
301 4213 431 4285 ἐπαγωγῆς
441 4212 485 4280 τήν
500 4215 616 4285 προτέραν
631 4215 748 4284 πρότασιν
760 4214 944 4271 κατεσκεύασεν,
981 4217 1030 4270 Δύο
1073 4235 1113 4269 ται
1126 4214 1272 4284 ’λνδροτίων
1286 4215 1325 4266 ότι
1338 4211 1370 4282 μὴ
1382 4212 1484 4283 ὤφειλεν
1495 4209 1607 4282 δπατήρ,
1622 4211 1677 4265 οὔτε
1690 4214 1729 4266 ότι
1742 4216 1785 4269 ούκ
1799 4217 1865 4273 ἀπο,

245 4293 294 4364 γὰρ
307 4295 447 4364 προτάσεων
459 4292 557 4357 ούσῶν,
571 4293 613 4345 καί
629 4296 671 4359 τῆς
685 4292 728 4364 μέν
745 4291 881 4364 παραδόξου
894 4296 1032 4365 τυγχανού·
1074 4295 1132 4366 δράς
1155 4293 1255 4359 ἐξῆλθεν
1282 4292 1309 4345 ίκ
1331 4297 1374 4346 τοῦ
1394 4291 1571 4361 δεσμωτηρίου.
1617 4292 1650 4345 Εἰ
1663 4293 1689 4345 δὲ
1713 4292 1795 4365 ἠρώτα
1817 4298 1856 4349 καί

247 4391 308 4439 σης,
323 4374 366 4437 τῆς
376 4369 431 4436 ήτοι
445 4371 580 4424 καταλῦσαί
593 4372 617 4442 γ’
632 4373 661 4425 ἀν
671 4372 812 4442 προέλοιντο
823 4372 864 4424 τδν
878 4373 971 4442 δῆμον,
988 4377 1031 4440 τῆς
1073 4373 1235 4445 προύκαλεῖτο
1255 4372 1354 4443 λέγειν,
1372 4371 1393 4423 εί
1412 4369 1445 4441 μὴ
1464 4369 1570 4439 όρείλει,
1583 4370 1649 4440 τάχα
1665 4373 1693 4424 ἂν
1716 4372 1854 4445 Ἀνδροτίων

246 4452 273 4506 δὲ
286 4453 324 4505 δτι
337 4454 488 4521 προαγαγεῖν
501 4452 608 4514 ἅπαντας
626 4452 725 4523 όμοίους
737 4451 819 4514 αύτοῖς
831 4449 910 4515 εἶναι,
929 4457 973 4520 τῆς
983 4474 1030 4507 πα·
1063 4440 1209 4524 Ιηὐπόρησεν
1225 4453 1381 4523 ἀποκρίσεως,
1396 4451 1430 4502 Tb
1442 4450 1468 4502 δέ
1481 4449 1537 4501 ἀλλ’
1552 4452 1611 4503 ὅταν
1624 4447 1855 4524 ήπροοῆκηντωηῡ.

247 4530 350 4602 ραδόξου
363 4531 500 4600 προτάσεως
511 4528 555 4596 τὴν
568 4529 633 4584 ίασιν
648 4531 742 4604 ἐξεῦρε,
760 4530 804 4598 τήν
818 4531 897 4585 αι’τίαν
909 4533 1029 4602 προσθεὶς,
1074 4553 1126 4587 τον
1143 4536 1181 4587 ὅτι
1192 4534 1216 4586 οί
1226 4535 1298 4604 νόμοι
1307 4531 1337 4583 τά
1348 4531 1423 4602 μείζω
1433 4534 1481 4582 τῶν
1492 4529 1650 4601 ἀδικημάτων
1660 4534 1856 4604 προεξετάζεσθει

206 4626 208 4630 ’
249 4613 291 4667 καί
314 4613 500 4682 προωδοποίησε
522 4611 551 4664 τ“ο
575 4613 677 4667 πιθανόν
696 4617 728 4685 τῇ
747 4614 854 4684 δευτέρᾳ.
901 4613 972 4678 Πῶςς
994 4616 1032 4667 ότι
1077 4615 1220 4685 βούλονται,
1241 4611 1302 4682 μετά
1315 4616 1391 4665 ταῦτα
1404 4611 1430 4664 δέ
1442 4611 1473 4663 τίι
1485 4610 1589 4664 ἐλάττω.

248 4693 323 4765 γνούς
334 4692 348 4745 ὁ
360 4690 479 4762 ἀκροατής
493 4690 520 4745 ἐκ
531 4693 574 4756 τῆς
587 4696 735 4759 κατασκευῆς
749 4694 781 4744 δι’
793 4694 824 4759 ἢν
840 4691 920 4745 αἰτίαν
934 4693 1032 4747 ἕλοιντο
1113 4695 1174 4758 603,
1190 4699 1235 4748 26.
1253 4692 1407 4746 Ἀνταπαιτεῖ
1419 4690 1461 4752 τάς
1470 4691 1610 4753 ἀποδείξεις.
1624 4692 1651 4747 S.

250 4772 386 4826 καταλῦσαι
400 4770 442 4824 τ“ον
455 4771 547 4841 δῆμον,
563 4769 607 4824 ούκ
627 4770 663 4824 ἔτι
677 4772 777 4838 ζητήσει
791 4771 849 4825 κάπί
863 4776 905 4838 τής
923 4773 1033 4843 δευτέρας
1112 4778 1173 4838 όοή,
1192 4791 1218 4825 α.
1234 4772 1396 4842 Πεπλήρωται
1411 4771 1454 4841 μέν
1472 4770 1532 4841 ἀγρι
1551 4771 1638 4823 τούτου
1655 4772 1684 4824 τδ
1699 4774 1805 4845 νόμιμον
1818 4776 1858 4828 καί

250 4855 316 4914 τίνος
329 4853 358 4904 ἀν
369 4850 468 4904 έλοιντο
480 4851 551 4904 ίνεκα
561 4852 678 4923 προάγειν
693 4852 775 4914 αίιτοῖς
788 4851 885 4922 όμοίους
899 4852 953 4913 τούς
966 4852 1035 4906 πολί-
1077 4852 1147 4917 ἔθος,
1159 4852 1199 4902 καί
1209 4849 1268 4904 εἰσίν
1283 4851 1307 4903 οί
1317 4851 1452 4920 σύμπαντες
1465 4851 1538 4921 νόμοι
1551 4849 1583 4914 ζ’,
1600 4850 1623 4902 δ’
1638 4851 1680 4922 μέν
1697 4857 1740 4905 τοῦ
1752 4858 1858 4925 κατηγό·

249 4952 294 4994 τας
305 4929 385 4994 εἶναι,
399 4929 444 4997 τὴν
462 4936 551 5000 γνῶσιν
566 4929 633 5001 ἔχων
650 4930 736 4984 ἐκτῶν
751 4931 932 5001 προειρημίνων
945 4929 1033 5001 ἀκριύή
1078 4952 1136 5003 ρου,
1150 4930 1176 5001 γ’
1186 4930 1212 4983 δέ
1225 4935 1268 4983 τοῖν
1277 4932 1408 5001 φεύγοντος
1419 4931 1461 4982 καί
1474 4932 1517 4982 σὐν
1527 4931 1620 4993 τούτοις
1634 4931 1662 4984 τό
1677 4930 1739 4994 ἐθος.
1785 4931 1859 4991 Ἀντι-

251 5015 296 5078 τῆς
309 5010 396 5073 αἰτίας.
447 5011 528 5064 Τυύτο
541 5009 568 5063 δὲ
585 5012 668 5076 ποιεῖ,
678 5011 717 5063 δτι
731 5010 838 5063 καθόλου
852 5009 964 5081 ἔγνωμεν
981 5012 1034 5064 δεῖν
1079 5011 1153 5069 θέσεις
1168 5010 1194 5061 δέ
1206 5009 1329 5079 σύμπασαι
1340 5013 1383 5060 τοῦ
1396 5007 1439 5079 μὲν
1453 5009 1594 5079 πράγματος
1608 5009 1641 5074 δ’,
1662 5010 1765 5064 ἐνταῦθα
1777 5013 1803 5066 δὲ
1817 5019 1859 5067 τοῦ

251 5089 295 5151 τὰς
307 5087 454 5150 κατασκευὰς
468 5087 552 5152 εύθέως
570 5089 737 5142 ἐπισυνάπτειν
755 5086 957 5150 ταῖςάπιθάνοις
978 5088 1035 5142 λίαν
1079 5091 1208 5160 προσώπου
1229 5090 1262 5160 β’.
1314 5088 1383 5142 Μετὰ
1404 5092 1480 5141 ταῦτα
1500 5089 1587 5142 λοιπόν
1610 5089 1701 5161 εἰσάγει
1719 5091 1859 5165 ἔπιλογικήν

252 5167 295 5222 καί
308 5167 449 5238 παραδόξοις
458 5169 611 5238 προτάοσειν.
1080 5167 1199 5221 ἀντίθεσιν
1212 5168 1261 5223 ἀπο
1274 5173 1317 5222 τοῦ
1329 5169 1422 5220 δικαίου
1436 5168 1477 5220 καί
1488 5172 1530 5235 τῆς
1541 5166 1607 5231 ἀξίας
1621 5170 1682 5240 μετά
1693 5170 1723 5223 τό
1740 5169 1858 5239 ἐναντίον,

290 5246 353 5313 603,
372 5247 397 5300 5.
412 5246 523 5318 Δεινούς]
538 5246 635 5309 Δεινούς
649 5247 692 5317 μέν
705 5246 821 5310 δυνατούς
841 5247 867 5300 ἐν
887 5252 923 5319 τῷ
935 5247 1034 5319 λέγειν,
1080 5246 1146 5298 ἀλλὰ
1160 5247 1240 5310 δόξετε
1256 5248 1426 5318 καταισχύνειν
1444 5247 1511 5319 ύμῶν
1530 5247 1609 5301 αὐτῶν
1623 5249 1651 5302 τό
1670 5250 1758 5321 μέρος,
1780 5251 1801 5304 εί
1818 5254 1859 5306 τδν
