3967 5967
844 455 1095 519 suasurum.
1710 418 1766 521 ιιι

160 590 268 652 σπάνιον
281 594 368 652 τοῦτο.
411 589 528 652 'tamti
548 587 702 669 Ὑπερείδου
718 588 748 650 τδ
762 588 806 649 sal
824 599 880 655 ταῖς
892 587 942 646 tl-
989 601 1087 646 ortum
1106 593 1142 646 sit
1162 610 1196 647 ex
1219 592 1338 648 Himerii
1359 594 1418 648 sive
1432 580 1768 651 Libaniideclarnatioue

161 677 229 746 ξοαιν
239 677 421 759 δρειδίοτερόν
438 701 494 745 πως
509 679 555 737 καὶ
565 677 736 757 ἀμιλδατερον
750 681 875 758 χρῆσθαι.
989 679 1163 753 Hyperidia,
1175 680 1211 734 de
1223 699 1373 755 quasupra
1383 681 1522 737 diximus?
1531 683 1768 747 Voemeliusuero‚

201 770 345 843 Longinus
360 790 391 827 π.
405 764 485 846 ὕψους
498 787 524 826 c.
537 768 574 833 34
590 786 597 822 :
614 763 648 824 ‘0
658 764 706 842 μὲν
720 766 772 844 γὰρ
789 761 942 841 Ὑπερείδης
990 765 1110 841 diligens
1123 767 1255 823 codicum
1271 770 1558 825 Demostlrenicorunr
1573 787 1685 837 censor,
1697 770 1770 824 nihil

162 853 278 932 πρὸςτῷ
296 853 402 931 πάντα,
418 852 467 921 ἔξω
480 875 510 929 γε
522 852 740 928 memoriosae,
757 854 893 928 μιμεῖσθαι
907 852 941 908 τὰ
988 853 1068 927 quod
1082 865 1162 909 anua
1173 874 1233 909 non
1241 852 1301 926 jam
1312 857 1458 930 cognitum
1474 857 1583 925 luisset,
1595 856 1631 912 de
1647 857 1703 911 hoc
1714 876 1767 912 co·

164 940 343 1019 Δημυαθένεια
357 940 550 1021 κατορθώματα
562 938 608 998 καὶ
632 939 679 1007 τὰς
691 939 829 1006 Λυσιακὸς
846 940 877 997 la
891 962 942 998 πε·
988 941 1055 996 dice
1064 960 1163 998 eruere
1175 944 1280 1016 potuit.
1294 968 1306 992 a

162 1035 248 1111 pirroii
257 1030 422 1112 περιείληφεν
431 1029 524 1110 ἀρετάς
538 1052 568 1088 τε
579 1028 624 1087 καὶ
635 1026 758 1108 χάριτας·
769 1028 814 1088 καὶ
828 1026 880 1107 γὰρ
892 1028 943 1086 λα·
1029 1052 1041 1079 ι
1058 1027 1123 1085 Pari
1136 1029 1226 1085 modo
1241 1050 1303 1104 spes
1316 1040 1415 1087 nostra
1435 1031 1560 1087 eluditur
1577 1032 1630 1087 alia
1646 1032 1769 1105 quadam

161 1123 202 1178 λεῖ
221 1118 287 1195 μετὰ
302 1116 592 1198 ἀρελείας,ἔνθαχρή,
603 1116 687 1176 καὶού
698 1117 784 1176 πάντα
796 1114 854 1184 ἑξῆς
865 1136 944 1192 pauo·
988 1120 1124 1173 memoria
1141 1120 1189 1175 Jo.
1209 1119 1291 1176 illex.
1314 1117 1482 1187 Brassicani,
1507 1121 1535 1173 in
1551 1119 1715 1192 praefatione
1733 1119 1770 1174 ad

161 1198 258 1269 τόνυι,
279 1201 314 1265 ὥς
337 1201 352 1255 ὁ
372 1194 554 1273 Δημοσθένης,
568 1195 656 1274 λέγει,
676 1195 707 1254 τό
730 1218 758 1255 τε
774 1194 865 1266 ἠθικὸν
888 1192 944 1274 ἔχει
988 1203 1149 1259 salvianum
1162 1205 1220 1259 haec
1228 1206 1456 1263 mercuriae-ln
1464 1204 1637 1261 bibliotheca
1649 1204 1771 1261 Budensi

162 1283 230 1362 perh
243 1282 719 1364 γλυκύτητος,διῶςῖφηδυνόμῑννν·
732 1281 828 1363 ἄφατοί
840 1304 869 1341 τί
883 1282 944 1360 περὶ
989 1292 1114 1347 Matthiae
1127 1292 1242 1349 Corvini
1254 1293 1328 1368 regis
1347 1293 1470 1349 vidimus
1484 1294 1626 1366 integrum
1644 1295 1770 1366 Hyperi-

163 1374 241 1434 αὐτόν
258 1377 323 1434 εἰσιν
336 1373 489 1451 dominpol,
509 1372 613 1452 μυκτὴρ
627 1371 849 1441 πολιτικώτατος,
871 1369 945 1447 εὒγδ-
990 1378 1134 1435 demeum
1156 1381 1382 1453 locupletissimis
1397 1381 1524 1450 scholiis,
1549 1381 1652 1435 librum
1676 1381 1772 1435 multis

163 1486 238 1539 vete,
253 1464 285 1522 τὸ
296 1462 364 1522 κατὰ
378 1460 425 1527 τὰς
445 1461 577 1541 rimata<
592 1456 944 1535 tlssdhttmtstm'tltpm
989 1469 1074 1524 etiam
1098 1468 1228 1523 censibus
1243 1467 1452 1525 redimendum.
1470 1492 1481 1516 ι
1497 1469 1604 1522 Notum
1619 1479 1660 1523 est
1678 1478 1771 1522 autem

163 1553 210 1613 odat
224 1552 329 1628 ἄμουσα
340 1552 394 1610 οὐδ’
413 1551 539 1629 sidyma
552 1550 622 1610 κατὰ
644 1548 703 1616 τοὺς
727 1546 859 1614 Ἀετυιοὺς
873 1545 944 1605 διιεί-
989 1555 1193 1610 bibliothecam
1203 1556 1360 1611 Budensem
1373 1556 1496 1610 Matthiae
1509 1556 1650 1610 Corvinis
1665 1555 1769 1611 Turris

163 1659 236 1709 Vtut,
251 1636 311 1697 ἀλλ’
322 1637 487 1715 immitem·
501 1636 679 1717 διασυρμόςτῑ
691 1634 814 1704 imiliter
822 1636 867 1695 καὶ
878 1635 944 1694 πολδ
990 1660 1050 1698 esse
1065 1644 1242 1699 combustam
1257 1661 1418 1717 paucasque
1427 1644 1561 1715 reliquias
1572 1642 1771 1697 vindobonam

163 1725 193 1782 τὸ
206 1724 322 1803 κωριικδν
336 1724 381 1783 καὶ
397 1726 464 1801 μετὰ
478 1726 584 1792 παιδιᾶς
602 1723 727 1804 ιῦοτόχου
743 1723 864 1799 κέντρον,
878 1723 945 1799 dpl·
990 1748 1048 1786 esse
1066 1742 1286 1806 transportatus,
1302 1733 1332 1786 in
1348 1732 1451 1804 quibus
1475 1731 1650 1804 Hyperidem
1666 1731 1769 1785 frustra

164 1834 247 1888 μητον
262 1810 289 1869 δὲ
303 1813 385 1869 εἰπεῖν
398 1810 427 1870 rh
439 1814 466 1870 ἐν
477 1821 545 1870 πᾶσι
554 1811 654 1879 τούτοις
668 1810 947 1890 δπαρρόόιεον,αἰιιτί·
990 1819 1162 1891 quaesiveris.
1184 1820 1298 1875 Beliuus
1322 1820 1416 1874 Hallus
1439 1820 1512 1875 Hist.
1534 1819 1616 1890 Eloq.
1633 1836 1676 1892 gr.
1692 1818 1716 1886 l,
1740 1838 1770 1892 p.

165 1898 261 1957 camai
271 1921 300 1956 m
315 1898 539 1978 προσφυέστατοι,
550 1898 589 1960 ἔτι
603 1898 630 1958 δὲ
641 1901 818 1976 μυθολογῆσαι
834 1896 946 1975 aquul-
992 1904 1048 1961 313
1063 1908 1222 1980 suspicatus
1237 1916 1280 1961 est
1297 1905 1464 1980 Euripidem
1479 1904 1589 1960 fuisses
1606 1905 1770 1960 brassicam

165 2008 216 2053 tw<
230 1986 275 2043 ml
287 1988 313 2042 lt
327 1989 398 2065 ὑγρῷ
414 1985 711 2063 πνῖῦματῑδῑῑξοόεῧσαῖ
725 1989 794 2045 ἔστιν
807 1983 946 2062 εὐκαμπὴς
991 1993 1140 2050 confusum
1165 2013 1231 2049 cum
1251 1993 1395 2066 Hyperide
1416 2012 1423 2048 ι
1447 1992 1528 2065 quod
1550 1995 1600 2047 etsi
1622 1995 1773 2067 aliquoties

167 2069 369 2151 dapor,donsp
391 2072 484 2149 ἀμέλει
496 2073 528 2132 τὰ
544 2073 591 2150 μὲν
612 2072 673 2152 περὶ
687 2072 734 2145 τὴν
748 2071 830 2145 Λητὼ
843 2094 946 2143 ποιητι-
991 2081 1097 2136 laetum
1112 2091 1166 2151 est,
1182 2099 1235 2136 nec
1249 2081 1296 2135 hie
1317 2079 1421 2135 factum
1439 2099 1497 2135 esse
1519 2081 1635 2154 probari
1658 2091 1770 2157 potest,

165 2159 282 2236 νεώτερα,
293 2159 337 2218 τὸν
350 2158 376 2219 δὲ
389 2161 528 2238 ἐπιτάφιον
541 2162 737 2235 ἐπιδεικτικῶς,
746 2164 783 2228 ὡς
795 2162 842 2220 οὐκ
855 2149 902 2219 οἶδ’
922 2157 947 2218 el
990 2186 1059 2237 nec,
1074 2170 1096 2222 si
1109 2186 1209 2224 verum
1220 2177 1308 2234 esset,
1321 2166 1438 2237 jacturae
1454 2167 1584 2223 dolorem
1600 2186 1772 2244 magnopere

167 2268 205 2314 τις
220 2249 312 2318 ἄλλος,
322 2246 430 2308 διέθετο.
990 2256 1101 2311 leniret.
1120 2281 1132 2306 ι

207 2344 336 2400 Ceterum
357 2346 574 2420 Kiesslingiusl.
601 2347 621 2402 l.
637 2364 668 2419 p.
692 2352 746 2411 alo
769 2346 809 2401 ita
832 2345 943 2400 habet:
1031 2345 1142 2399 «Porro
1156 2345 1280 2418 Angelus
1289 2341 1489 2416 blajus,qnod
1498 2344 1773 2400 narr·atA.Wester··

171 2455 184 2481 ι
200 2432 434 2502 Laetaberesaue,
448 2433 529 2507 quod
544 2443 601 2488 tam
614 2433 702 2487 multa
714 2443 743 2487 et
752 2433 808 2487 late
822 2432 882 2487 fusa
893 2431 947 2504 Hy·
990 2448 1111 2486 mannus
1130 2432 1201 2489 Hist.
1218 2432 1303 2503 Eloq.
1319 2448 1363 2505 gr.
1385 2449 1417 2504 p.
1437 2429 1505 2499 διε,
1523 2430 1678 2505 Hyperidia
1700 2448 1775 2502 quae-

167 2519 273 2592 peridis
287 2520 447 2575 orationum
460 2520 615 2594 fragmenta
633 2519 731 2574 adnos
746 2519 944 2593 pervenerint,
991 2514 1058 2571 dam
1073 2518 1104 2571 in
1114 2517 1216 2573 codiee
1227 2518 1410 2592 palimpsesto
1420 2516 1568 2587 Aristidis,
1588 2520 1618 2572 in
1638 2520 1774 2573 Vaticana

167 2607 217 2661 sed
227 2607 390 2680 deplorabis
403 2625 536 2681 quoque,
548 2606 629 2680 quod
637 2625 674 2662 ne
684 2624 741 2661 una
754 2607 869 2680 quidem
880 2607 949 2661 inte·
991 2604 1167 2661 bibliotheca
1180 2617 1338 2674 asservato,
1353 2606 1408 2660 sibi
1423 2605 1560 2661 detexisse
1580 2607 1655 2660 visus
1666 2617 1723 2675 est,
1738 2606 1775 2661 dc

167 2710 218 2765 gna
231 2705 340 2749 servata
349 2696 552 2763 estorctio,ex
568 2713 624 2766 qua
639 2712 708 2748 num
721 2712 795 2749 rere.
805 2694 841 2749 de
853 2694 948 2767 Hype·
994 2690 1098 2763 quibus
1110 2694 1141 2746 in
1154 2692 1380 2767 ephemeridibus
1400 2712 1463 2766 quae
1486 2693 1621 2748 dicuntur
1643 2695 1775 2747 Gr'ornale

169 2780 232 2835 ride
255 2781 444 2853 judicaverint
464 2782 591 2837 rhetores
616 2782 738 2854 perspici
758 2782 857 2855 possit.
883 2782 948 2837 Non
992 2781 1138 2847 Arcadico,
1156 2798 1253 2835 mense
1265 2780 1419 2854 septembr.
1437 2799 1484 2839 an.
1500 2779 1575 2835 1820
1587 2799 1620 2854 p.
1635 2778 1703 2855 339,
1719 2798 1774 2855 pu-

168 2887 285 2943 prorsus
296 2870 511 2925 autemvidetur
521 2888 585 2943 spes
600 2868 758 2940 abjicienda
769 2887 826 2925 esse
841 2868 901 2925 fore
916 2880 949 2926 ut
992 2865 1065 2922 blice
1079 2868 1209 2940 quaedam
1218 2870 1340 2927 monuit.
1354 2892 1367 2919 ι

170 2958 201 3011 iu
213 2958 392 3012 bibliothecae
402 2956 520 3028 alicujus
534 2956 707 3013 obscuritate
727 2955 879 3031 Hyperidis
890 2975 949 3012 ora·
1033 2952 1101 3011 Post
1111 2956 1171 3012 haec
1186 2958 1307 3031 contigit
1319 2966 1351 3010 ut
1364 2972 1420 3011 uua
1433 2955 1529 3010 saltem
1546 2955 1699 3029 Hyperidis
1710 2973 1775 3009 ora·

171 3045 261 3099 dones
278 3045 395 3099 latentes
408 3043 564 3117 aliquando
578 3061 613 3099 ex
632 3045 687 3099 situ
701 3053 729 3099 et
743 3044 865 3098 tenebris
876 3062 949 3117 pro·
992 3044 1034 3099 tio
1048 3045 1154 3120 integra
1164 3047 1339 3118 aliarumque
1351 3044 1470 3100 duarum
1482 3043 1629 3116 particulae
1638 3042 1667 3094 in
1682 3042 1775 3095 lucem

170 3130 325 3190 trahantur.
350 3133 488 3205 'l'aylorus
510 3132 584 3186 euim
609 3131 719 3206 praefat.
742 3131 779 3187 ad
804 3133 948 3192 Demostb.
992 3134 1227 3205 protraherentur
1236 3140 1400 3189 undenemo
1412 3128 1690 3204 exspectaret;haud
1700 3129 1775 3183 enirn

170 3218 229 3273 vol.
247 3220 290 3273 111
312 3218 441 3273 meminit
462 3220 582 3287 codicis,
595 3237 682 3293 quem
702 3218 867 3292 possederat
879 3220 950 3274 olim
994 3221 1205 3278 ebibliothecis
1224 3223 1327 3277 nostris
1342 3221 1390 3277 sed
1414 3218 1548 3294 ngyptiis
1564 3236 1598 3274 ex
1622 3215 1776 3290 οωματοθῆ·

169 3308 292 3362 lacobus
311 3308 409 3363 Harris
434 3308 644 3363 sarisberiensis
666 3318 694 3361 et
718 3308 768 3379 qui
794 3306 897 3362 deinde
920 3309 949 3362 iu
994 3327 1051 3371 καις
1065 3320 1266 3383 provenerunt.
1277 3310 1389 3364 Scilicet
1403 3325 1479 3362 anno
1495 3305 1567 3374 ¹347
1581 3307 1617 3362 t.
1633 3305 1663 3360 C.
1678 3305 1777 3360 Harn's

170 3413 269 3450 manus
285 3394 436 3450 devenerat
448 3395 608 3450 Emanuelis
620 3393 750 3461 Martini,
763 3393 870 3448 Decani
883 3395 949 3449 Alo·
995 3396 1145 3451 voluminis
1157 3396 1311 3472 papyracei
1324 3395 1360 3451 ad
1370 3395 1479 3450 Thebas
1489 3395 1594 3467 reperti
1606 3392 1776 3466 particulam

170 3484 275 3552 musis,
292 3500 375 3554 aquo
392 3483 510 3556 Epistol.
525 3482 574 3536 lib.
586 3483 635 3549 vt,
658 3482 745 3535 raita
755 3480 948 3536 describitur:
994 3488 1029 3541 ab
1058 3488 1150 3544 Arabe
1175 3488 1300 3561 quodam
1317 3490 1400 3556 emit,
1428 3497 1456 3542 et
1478 3485 1641 3542 Londiuum
1664 3484 1776 3539 allatam

175 3594 188 3620 ι
206 3570 323 3625 Codices
344 3588 433 3644 porro
458 3589 543 3625 manu
566 3580 696 3624 exaratos
709 3579 806 3624 nactus
826 3588 887 3624 sum
900 3571 950 3625 ali·
994 3586 1055 3630 arte
1072 3576 1280 3651 lithographica
1295 3576 1326 3629 in
1346 3576 1478 3630 undecim
1501 3573 1777 3647 tabulieexprimen·

172 3668 296 3730 quot;...
313 3658 385 3712 alter
400 3659 584 3731 antiquorum
597 3657 745 3712 rhetorum
759 3656 874 3711 selectas
891 3674 951 3711 ora·
996 3660 1062 3717 dam
1088 3664 1198 3718 curavit
1222 3662 1405 3737 (Fragments
1423 3660 1462 3732 os
1474 3681 1512 3717 an
1532 3665 1642 3716 oration
1664 3665 1779 3732 against

172 3746 262 3800 tiones
273 3746 411 3815 continet,
423 3757 455 3801 ut
467 3744 680 3816 Demosthenis,
691 3744 837 3813 Aristidis,
854 3745 951 3799 Hime·
995 3750 1194 3805 Demosthenes
1207 3755 1364 3824 respecting
1379 3750 1426 3804 the
1451 3767 1550 3821 money
1569 3745 1608 3818 of
1619 3749 1775 3821 Harpalus.

172 3833 225 3905 rii,
240 3834 407 3906 Hyperidis,
423 3834 534 3888 Libanii
555 3851 562 3888 ι
579 3832 625 3887 cui
640 3830 755 3903 adjecta
771 3841 836 3886 sunt
851 3829 951 3886 Philo·
995 3836 1196 3910 Publr'shedby
1205 3842 1242 3896 A,
1257 3838 1289 3896 C,
1299 3839 1396 3892 Harn's
1407 3835 1445 3905 of
1447 3838 1626 3892 Mamertina
1636 3838 1680 3890 M.
1694 3836 1728 3893 ll.
1742 3836 1775 3895 S.

173 3921 252 3973 susti
278 3921 342 3973 vitae
375 3920 571 3993 sophistarum
603 3930 632 3974 et
668 3920 793 3974 Platonis
821 3918 952 3992 Gorgias.
995 3927 1029 3983 L.
1046 3923 1250 3991 london1848
1266 3923 1390 4001 in-fol.).
1408 3927 1541 3982 Continet
1552 3941 1689 3998 papyrus,
1709 3941 1773 3996 pes.

174 4007 291 4062 Videtur
313 4019 407 4064 autem
420 4009 467 4064 hic
489 4008 580 4064 codex
601 4008 685 4063 luisse
710 4009 778 4062 olim
798 4007 952 4081 Nicephori
995 4014 1064 4068 sime
1076 4014 1123 4069 ille
1134 4024 1295 4085 temporum
1312 4010 1416 4084 injuria
1429 4013 1560 4079 allectus,
1577 4011 1690 4066 lacinias
1709 4028 1777 4065 ora-

174 4096 320 4169 Gregorae,
333 4106 366 4150 ut
379 4094 502 4151 ostendit
515 4096 574 4169 ejus
593 4095 814 4170 chirographum
830 4096 858 4150 in
879 4097 953 4152 inte·
997 4100 1082 4155 tionis
1106 4108 1206 4155 contra
1231 4101 1448 4155 Demosthenem
1471 4101 1499 4153 in
1520 4116 1604 4155 eausa
1624 4098 1776 4170 Harpalica

175 4186 251 4240 riore
265 4184 362 4239 tabula
379 4184 447 4240 hinc
461 4184 527 4240 inde
538 4185 686 4258 scriptum.
701 4207 713 4233 υ
727 4184 830 4238 Euhoe
841 4183 951 4255 codice,
996 4189 1115 4259 habitae,
1133 4197 1218 4261 atque
1242 4187 1398 4262 fragmenta
1412 4187 1548 4242 orationis
1564 4195 1663 4239 contra
1680 4187 1777 4256 Lyco-

176 4273 225 4344 qui
244 4290 428 4347 pergamenus
444 4271 500 4327 luit
514 4282 543 4327 et
564 4274 692 4328 melioris
707 4282 797 4344 notae,
816 4272 954 4343 'laylorus
996 4275 1146 4348 phronem.
1166 4274 1276 4332 Deinde
1298 4277 1356 4332 Jos.
1378 4274 1518 4330 rlrdenius
1540 4290 1615 4326 anno
1635 4270 1708 4325 1852
1723 4289 1776 4346 per

176 4371 274 4416 nactus
302 4370 363 4414 erat
390 4382 403 4408 ι
428 4361 576 4415 variantes
607 4356 831 4432 Philippicarum
856 4357 893 4415 lV
916 4378 952 4431 »3
998 4361 1214 4416 Orientisterras
1224 4362 1277 4415 iter
1289 4360 1479 4417 saciensaliam
1488 4358 1615 4429 ejusdem
1624 4358 1781 4415 voluminis

177 4466 265 4520 quum
274 4464 343 4503 vero
355 4445 494 4502 beneficio
506 4448 622 4503 Martini
634 4447 672 4502 ad
685 4449 836 4521 'l'aylorum
849 4445 952 4503 Canna·
998 4449 1152 4522 papyracei
1166 4457 1278 4521 partem
1294 4449 1362 4502 emit
1387 4465 1402 4502 a
1427 4445 1540 4502 duobus
1553 4446 1711 4514 Arabibus,
1728 4448 1778 4519 qui

176 4534 295 4609 brigiam
304 4535 471 4601 mitteretur,
481 4544 514 4589 ut
522 4544 678 4589 ceterarum
689 4536 848 4590 orationum
862 4538 954 4591 varias
998 4545 1142 4609 repertum
1156 4534 1292 4589 volumen
1314 4551 1373 4589 esse
1396 4532 1530 4588 dicebant
1552 4534 1581 4587 in
1601 4533 1778 4607 sarcophago

177 4622 236 4695 ipse
250 4616 393 4690 αὐτολεξεί,
407 4631 440 4676 ut
453 4622 507 4689 ait,
523 4631 702 4695 excerperet,
721 4624 749 4676 in
769 4623 868 4678 itinere
880 4625 953 4679 mala
999 4621 1123 4694 quodam
1135 4622 1257 4694 sepulcri
1272 4639 1364 4695 prope
1376 4620 1490 4675 Thebas
1496 4621 1551 4675 siti.
1564 4622 1688 4676 Alteram
1704 4620 1777 4676 banc

178 4708 357 4781 quorundam
367 4707 423 4763 lide
440 4710 613 4782 interceptus
625 4720 682 4777 est,
698 4722 770 4765 etex
782 4727 817 4763 eo
830 4720 955 4783 tempore
998 4718 1109 4781 partem
1133 4707 1232 4762 libello
1256 4707 1485 4780 splendidissimo
1510 4706 1603 4762 edidit
1619 4706 1778 4781 Babingtou

178 4795 228 4850 diu
239 4796 397 4868 lrcutraque
409 4813 426 4850 a
437 4795 560 4867 Tayloro
575 4797 715 4867 quaesitus.
731 4796 817 4869 Quis,
837 4797 860 4850 si
880 4797 955 4851 oculi
1000 4793 1133 4869 (London
1150 4794 1235 4870 1853)
1247 4805 1275 4851 et
1287 4805 1351 4870 post
1362 4797 1439 4851 hunc
1450 4795 1691 4851 Schneidewinus.
1705 4796 1779 4849 inest

178 4886 323 4939 Decanum
337 4886 420 4939 istum
433 4903 492 4938 non
504 4883 678 4958 fefellerunt,
692 4903 825 4939 noncum
834 4886 955 4959 Taylorn
1000 4885 1092 4939 oratio
1109 4902 1163 4957 pro
1182 4885 1348 4958 Euxenippo
1367 4882 1498 4958 integra,
1514 4893 1542 4937 et
1564 4882 1704 4937 'orationis
1722 4900 1778 4957 pro

179 4973 395 5028 exclamaverit:
414 4998 425 5019 a
440 4972 522 5029 Hunc
537 4973 561 5026 si
575 4973 638 5044 quis
650 4972 743 5028 adhuc
758 4971 879 5028 domiin
895 4975 957 5049 plu·
999 4971 1188 5045 Lycophrone
1198 4971 1279 5027 dictae
1288 4990 1354 5045 pars
1366 4971 1517 5045 posterior.
1530 4968 1664 5025 Auctoris
1673 4987 1779 5026 nomen

180 5070 226 5115 teo
236 5060 421 5126 concluserit,
433 5060 478 5115 uel
497 5060 697 5132 quovismodo
716 5058 845 5114 fraudem
867 5060 954 5128 faxit,
1001 5061 1049 5116 etsi
1059 5062 1089 5115 iu
1104 5079 1216 5134 papyro
1226 5079 1287 5115 nou
1298 5069 1433 5133 apparet,
1450 5069 1544 5112 tanuen
1558 5056 1712 5131 llyperidis
1723 5075 1777 5117 nos

178 5149 244 5202 ueae
268 5146 349 5202 Fidei
363 5164 442 5201 sacer
460 5158 530 5202 esto.
545 5170 558 5195 ι
577 5148 620 5203 tte
641 5147 736 5202 bacin
756 5163 786 5200 re
809 5148 955 5203 nominum
1001 5151 1144 5204 orationes
1160 5159 1258 5203 tenere
1278 5147 1474 5221 compluribus
1495 5146 1564 5199 locis
1582 5162 1655 5217 quos
1675 5162 1710 5199 ex
1734 5144 1777 5212 iis,

180 5237 332 5291 collocatio
360 5233 488 5293 offendit.
513 5235 606 5310 Quid,
630 5236 653 5289 si
680 5233 830 5307 Hyperidis
849 5254 954 5292 nomeu
1001 5238 1101 5294 addito
1116 5231 1778 5311 erectorisnornine,grammaticilaudant,do·
