3967 5967
217 428 275 479 εοο
567 406 570 413 ’
902 431 1127 493 ονλινιιινοε

215 569 275 611 αεως
288 555 336 602 τῶν
357 549 465 621 ῥητόρων
487 550 526 605 ἐπί
548 553 590 605 τδν
609 555 663 625 περὶ
685 561 733 609 τῶν
756 560 891 628 χρημάτων
909 559 987 630 λόγον
1035 564 1177 632 ραμυθεῖται
1190 564 1282 630 πάλιν,
1296 563 1433 636 εύφῶρατον
1448 565 1589 631 ἀκυδεικνῦς
1602 570 1645 624 τδν
1663 572 1752 642 τρόπον
1764 575 1810 626 τοῦ

214 626 267 697 ἔχει
281 626 324 694 τήν
338 628 468 699 ἀναφοράν·
485 633 549 683 ὥστε
565 632 594 683 εδ
612 632 655 702 μέν
674 636 789 704 πρότερον
803 638 930 708 προοίμωυ
945 642 989 691 τοῦ
1033 641 1189 706 θέακεδόνος,
1200 644 1240 695 καί
1252 644 1326 715 ταύτῃ
1339 643 1373 714 μή
1384 648 1413 698 ἀν
1427 646 1463 699 ἔτι
1475 649 1529 709 ταῖς
1538 647 1639 711 ἀπάταις
1650 650 1810 723 άλωσόμενον

214 711 375 779 ῦδμφίρθθτῠέ
391 709 442 779 ἅμα
455 709 551 761 καὶτοῦ
563 712 666 763 δυνατοῦ
675 710 753 776 εἶναι,
767 718 810 780 τῆς
821 716 864 785 μὲν
875 718 990 787 προτέρας
1033 719 1076 771 τδν
1089 718 1226 773 Ὀλύνθιον·
1240 724 1334 775 δποιεῖ
1342 724 1384 775 καί
1392 723 1539 792 θουκυδίδης
1550 726 1576 779 ίν
1585 730 1616 797 τῇ
1625 729 1808 798 Κορινθίωνδη·

214 785 307 850 ίννοίσς
327 786 502 858 ἐμφανιζούσης
517 788 561 853 τὴν
576 795 623 842 τῶν
638 792 773 860 χρημάτων
792 795 894 863 χρείαν,
906 800 948 860 τῆς
962 796 989 849 δέ
1033 800 1150 867 μηγορίρ.
1163 797 1207 851 Ἐν
1217 797 1254 860 οἷς
1262 799 1310 869 γὰρ
1319 800 1427 872 ἐπιτιμᾷ,
1436 801 1461 854 ἐν
1470 804 1563 866 τούτοις
1572 803 1753 872 ἐπαινεῖπάλιν,
1766 810 1809 862 καί

214 867 323 935 δευτέρας
341 866 593 939 άντιπροκαλουμένης
614 867 643 935 ήν
660 888 695 932 τις
715 870 763 944 ἔχῃ
777 872 858 943 λέγειν
874 875 988 944 βελτίονα
1032 877 1195 946 παραμίγνυσι
1213 880 1266 939 ταῖς
1286 880 1387 950 μέμρεσι
1410 881 1439 933 τδ
1454 881 1593 951 ίγκιύμιον,
1613 883 1655 934 καί
1673 885 1748 953 φοῦεῖ
1764 888 1809 939 καλ

213 944 298 1013 πόρον.
335 944 374 997 Tb
393 944 419 998 δέ
437 945 549 1017 δεύτερον
568 948 696 1017 προοίμιον
717 947 863 1004 ένδεικτικδν
882 953 925 1022 μίν
946 960 988 1005 τοῦ
1032 957 1158 1024 προτρέπει
1179 956 1221 1009 καί
1235 956 1331 1010 ἐπαινεῖ
1349 958 1390 1010 καί
1412 960 1544 1029 μέμφεται,
1560 960 1601 1012 διὰ
1623 966 1671 1013 τῶν
1692 961 1808 1015 έναντίων

213 1021 515 1095 συμφέροντος-άπδγάιρ
525 1028 569 1078 τοῦ
583 1024 679 1087 ἐνδόξου
692 1026 807 1095 εἴληπται
819 1031 861 1082 καί
877 1030 930 1101 ἔχει
944 1030 988 1097 τήν
1033 1031 1077 1099 τήν
1090 1035 1242 1105 δημηγορίαν
1256 1037 1408 1106 προτάσσων.
1431 1034 1487 1089 Εἶθ’
1500 1040 1581 1109 ὥσπερ
1594 1038 1745 1109 ἀπαλλαγείς
1759 1048 1809 1094 τῶν

214 1102 268 1172 περὶ
284 1106 327 1168 τῆς
337 1101 470 1173 ἡγεμονίας
490 1102 603 1168 ίννοιαν,
623 1105 662 1157 ότι
682 1111 730 1158 τῶν
756 1104 884 1174 Ἑλλήνων
904 1110 990 1175 αύτούς
1034 1111 1060 1165 ίκ
1073 1119 1117 1166 τοῦ
1135 1114 1260 1168 Φιλίππου
1280 1117 1360 1185 φόόων
1374 1115 1406 1173 είς
1424 1117 1480 1178 τούς
1496 1115 1582 1178 αύτούς
1601 1117 1675 1170 πάλιν
1690 1117 1807 1172 ἐπάνεισι·

213 1185 358 1251 προστατεῖν
382 1184 424 1237 δεῖ
442 1183 484 1236 καί
502 1182 725 1253 ἀντιλαμόάνεσθαι
740 1190 783 1251 τῆς
798 1186 929 1259 ήγεμουίας
948 1192 989 1243 καὶ
1033 1193 1146 1260 συμφέρει
1165 1192 1213 1262 γάρ
1230 1192 1263 1264 μὴ
1284 1196 1378 1263 ταχέως
1393 1194 1530 1257 ἀπαλλάξαι
1551 1194 1594 1248 εδν
1615 1194 1737 1265 ἀκροατήν
1757 1205 1808 1251 τῶν

212 1257 361 1314 ἀνακτᾶσθαι
370 1261 443 1316 πάλιν
456 1262 706 1332 προαπολωλυῖαν-,
722 1262 984 1323 ένδεικτικδνδέούδὲν
1032 1270 1124 1338 φόύων.
1161 1271 1242 1323 Ταῦτα
1263 1271 1290 1325 δέ
1310 1276 1379 1325 ποιεῖ
1397 1274 1537 1342 συνεχῶςδ
1558 1274 1680 1342 ίίσρίνθιος
1693 1276 1751 1345 πμδς
1764 1277 1807 1329 τδν

213 1332 288 1404 ήττον
311 1360 352 1394 και
372 1345 418 1394 τοῦ
436 1342 539 1395 δυνατοῦ
553 1344 582 1395 ἀν
598 1341 636 1408 είη
655 1345 749 1413 μέρους.
766 1343 860 1399 (λύκοῦν
872 1347 931 1416 πρδς
943 1347 988 1414 τήν
1033 1348 1233 1418 Λακεδαιμόνιον.
1279 1350 1409 1416 Φούσύσης
1419 1350 1445 1403 δέ
1459 1350 1532 1403 αύτδν
1546 1351 1588 1404 καί
1600 1354 1643 1416 τής
1655 1357 1704 1405 τῶν
1719 1352 1806 1424 ἀκροα-

212 1419 283 1487 φύσιν
297 1426 346 1473 τῶν
359 1419 497 1490 κεφαλαίων
512 1420 625 1490 έκάτερον
642 1423 671 1474 ἂν
688 1420 726 1488 τίη
741 1428 789 1476 τῶν
798 1427 932 1495 προοιμίων
949 1447 989 1497 με·
1032 1430 1081 1476 τῶν
1095 1425 1225 1497 ῥρθυμίσς,
1241 1433 1367 1497 πανταχοῦ
1380 1429 1423 1481 τδν
1439 1429 1522 1499 καιρδν
1534 1429 1715 1499 προόάλλεται,
1733 1433 1807 1503 όσπερ

213 1500 281 1563 κτδν,
293 1500 344 1554 ἐπεί
353 1499 394 1552 καλ
401 1497 473 1570 μικτή
485 1506 533 1552 τῶν
544 1499 786 1570 κεφαλαίωνῆφύσις,
796 1501 832 1554 T&
842 1502 869 1565 δέ
879 1502 987 1558 ίντεῦθεν
1033 1502 1084 1556 ἐστὶ
1103 1505 1177 1565 τόπος
1194 1510 1237 1557 τοῦ
1254 1507 1357 1558 δυνατοῦ
1375 1506 1558 1576 προτρεπτικδς,
1583 1509 1704 1577 μηδεμίαν
1725 1509 1806 1572 αύτοῖς

212 1579 300 1634 λοιπδν
325 1577 439 1644 είσόολήν
465 1578 497 1641 είς
511 1579 539 1631 εδ
558 1580 660 1632 δυνατδν
682 1579 752 1649 έχει,
774 1603 787 1629 ε
800 1580 852 1635 έστι
866 1580 896 1647 δή
911 1585 941 1639 τό
962 1585 988 1653 γ’
1032 1580 1113 1632 άνεσιν
1134 1581 1254 1647 ίνδιδοδς,
1270 1583 1331 1654 μηδὲ
1350 1582 1474 1653 ῥρστιύνης
1496 1585 1595 1655 καιρδν,
1610 1585 1651 1637 καί
1674 1585 1717 1638 τδν
1732 1587 1805 1641 αύτδν

215 1679 227 1705 ε
243 1657 299 1728 ἐμοὶ
311 1658 447 1721 δοκοῦντα,
463 1679 475 1705 ν
494 1658 603 1710 λαθόντα
617 1657 726 1710 ίντεῦθεν
744 1656 788 1723 τήν
804 1658 894 1729 ἀρχήν.
936 1661 988 1733 ίίρδ
1031 1662 1120 1728 τρόπον
1136 1659 1207 1722 ἀξιῶν
1223 1668 1272 1715 τῶν
1294 1663 1443 1733 πραγμάτων
1458 1667 1616 1732 προστατεῖν,
1636 1664 1711 1733 όνπερ
1732 1665 1806 1736 δρῶσι

212 1736 261 1806 γάρ
272 1741 315 1789 τοῦ
333 1737 361 1789 τδ
371 1738 490 1806 συμφέρον
503 1742 610 1806 φανερῶς
623 1739 799 1789 κατασκευάσαι
811 1740 852 1791 καί
863 1739 988 1803 άποδεῖξαι
1032 1738 1072 1791 καί
1084 1739 1127 1791 τδν
1140 1740 1283 1806 Φίλιππον,
1304 1746 1353 1793 τῶν
1367 1740 1445 1811 ῥητῶν
1462 1741 1560 1811 (ἔργων
1576 1759 1665 1811 margo
1681 1743 1741 1797 cod.
1762 1747 1805 1807 P.;

212 1817 255 1868 τδν
270 1816 379 1887 πόλεμον
392 1817 452 1869 όντα
466 1816 557 1868 οίκεῖον
570 1816 720 1886 προθπέόαλε
734 1817 777 1869 τδν
795 1819 849 1888 περί
860 1824 903 1873 τοῦ
916 1822 988 1873 δυνα-
1032 1815 1110 1870 σύτῶν
1123 1818 1253 1885 wolfius)
1265 1820 1461 1890 καταρχόμενον,
1483 1824 1520 1889 τῷ
1535 1821 1678 1889 συμφέροντι
1691 1823 1804 1892 Ισυμειλέ·

212 1898 256 1946 τοῦ
265 1894 357 1965 λόγον,
368 1894 403 1947 ἵν’
414 1897 494 1965 ὥσπερ
502 1894 537 1964 ἔφ’
544 1895 751 1965 ὁμολογουμένοις
762 1896 790 1948 τδ
801 1901 842 1963 τῆς
851 1900 989 1970 συμόουλῆς
1033 1916 1081 1948 κων
1095 1897 1123 1950 τδ
1133 1900 1245 1951 δυνατόν.
1281 1899 1363 1951 Ταῦτα
1375 1899 1423 1970 γὰρ
1434 1900 1528 1953 άπαντα
1541 1899 1601 1951 ὄντα
1616 1902 1658 1951 τοῦ
1672 1904 1805 1973 συμφέρον.

213 1974 414 2043 συμπεραίνηται.
463 1972 499 2025 Ού
519 1972 567 2044 γάρ
588 1972 609 2025 εί
628 1975 740 2043 συμφόρει
756 1975 855 2043 βοηθεῖν
877 1978 892 2042 ή
915 1976 986 2047 μήή
1032 1992 1072 2037 τος
1082 1975 1149 2029 ούδίν
1164 1971 1237 2041 ήττόν
1252 1977 1302 2030 ἔστι
1313 1982 1356 2030 τοῦ
1376 1980 1489 2030 δυνατοῦ.
1526 1977 1641 2047 θδδαμοῦ
1660 1977 1685 2029 δέ
1701 1977 1726 2030 έν
1747 1980 1804 2031 τού-

213 2051 296 2120 πρώτη
319 2053 419 2119 ζήτησίς
441 2051 520 2115 ἔστιν,
534 2054 615 2122 ὥσπερ
629 2046 673 2105 οῦν
694 2053 837 2122 κατὰφύσιν
858 2051 905 2121 ήν,
922 2056 988 2109 ἀλλά
1032 2069 1081 2113 τοις
1095 2052 1189 2121 ἐκείνην
1202 2054 1252 2124 δρῶ
1261 2053 1304 2120 τήν
1319 2054 1452 2117 ἀντίθεσιν,
1465 2057 1495 2121 ἢν
1508 2053 1606 2107 εἰώθασι
1620 2054 1717 2123 θρυλεῖν
1731 2056 1806 2109 άπαν·

213 2130 267 2200 περί
280 2135 323 2183 τοῦ
336 2131 438 2201 πότερον
454 2130 569 2202 πολιτικῇ
581 2132 681 2200 δυνάμει
697 2133 832 2200 χρηστέον,
852 2132 868 2198 ή
888 2132 988 2194 ξενικοῖς
1031 2149 1085 2195 τες,
1104 2131 1169 2184 ἀλλά
1183 2133 1280 2186 άπιστοι
1298 2135 1416 2204 γεγόνασι
1435 2132 1490 2203 περί
1509 2131 1553 2198 τήν
1575 2132 1646 2185 πόλιν
1670 2130 1803 2191 Ὀλύνθιοι.

212 2210 383 2279 στρατεύμασι.
429 2209 475 2261 ίίαί
487 2210 576 2261 δέδωκε
596 2207 702 2261 καθόλου
727 2210 829 2278 μέθοδον
843 2214 886 2262 τοῦ
905 2229 989 2280 συναρ·
1031 2208 1092 2263 Ούτε
1106 2210 1154 2281 γάρ
1167 2213 1338 2273 κατασκευάζει
1355 2213 1394 2265 ότι
1407 2211 1435 2263 ού
1455 2212 1610 2263 διαλύσονται
1630 2211 1687 2279 πρδς
1703 2211 1806 2265 τδυΦί·

213 2288 297 2347 πάζιιν
315 2286 353 2340 άεί
378 2286 421 2340 τδν
444 2285 566 2355 ἀκροατήν
580 2286 605 2339 έν
625 2289 677 2347 τοῖς
696 2288 878 2357 κατεπείγουσι,
900 2290 941 2341 καί
954 2289 987 2359 μή
1031 2285 1137 2353 λιππον,
1150 2288 1206 2342 ούδί
1215 2290 1378 2359 προσήσονται
1391 2289 1447 2351 τοῦς
1458 2289 1514 2358 παρ’
1528 2288 1619 2341 ἐκείνου
1632 2288 1736 2359 λόγους,
1749 2290 1805 2344 οὔτε

212 2364 266 2434 περί
277 2366 439 2435 τῶνπριύεων
455 2362 599 2436 τήδυνάμει
609 2366 731 2417 ποιεῖσθαι
741 2364 784 2430 τήν
798 2366 909 2432 ζήτησιν,
923 2365 988 2420 ἀλλά
1031 2365 1060 2418 εδ
1076 2367 1114 2419 ότι
1127 2368 1208 2420 πιστοί
1221 2367 1318 2420 έσονται
1338 2369 1485 2433 συνίστησιν·
1509 2364 1566 2416 ἀλλ’
1586 2364 1667 2432 ίπειδή
1681 2364 1748 2420 εἶπεν
1761 2369 1805 2420 ἵνα

212 2443 267 2512 περὶ
280 2448 328 2496 τῶν
337 2445 454 2514 δευτέρων
463 2443 594 2507 πολλάκις,
608 2443 642 2504 ὡς
651 2449 699 2496 τῶν
713 2443 755 2512 μέν
769 2443 985 2515 ὁμολογουμένων,
1031 2446 1142 2515 πέμήωσι
1155 2446 1297 2515 πρεσόείαν,
1313 2447 1355 2498 καί
1375 2445 1443 2517 ἐξῇρε
1458 2444 1501 2497 τδν
1515 2442 1580 2513 παρὰ
1594 2443 1718 2498 Φιλίππου
1728 2447 1804 2515 φόόον

211 2526 261 2573 τῶν
273 2523 296 2573 δ’
308 2521 487 2593 ἀμφισόήτησιν
501 2521 682 2592 έπιδεχομένων
697 2520 744 2574 έτι.
781 2521 816 2574 (λῖν
829 2521 985 2592 μήνάπολεί-
1032 2523 1073 2574 καί
1085 2521 1129 2589 τήν
1144 2523 1236 2576 ἐκείνου
1247 2525 1395 2595 πανουργίαν
1413 2525 1569 2587 ύεκῦπτευσε,
1590 2520 1624 2592 μὴ
1642 2523 1697 2585 τοῦς
1708 2528 1804 2595 συμμά·

212 2618 282 2653 πεται
293 2605 338 2652 τοῦ
347 2601 533 2661 κατασκευάζειν
546 2600 587 2652 καί
602 2598 660 2651 αύτδ
674 2598 703 2651 τδ
719 2600 911 2670 προηγούμενον·
929 2600 987 2653 ἀλλ’
1031 2618 1091 2668 χους
1104 2600 1182 2653 αύτῶν
1205 2602 1346 2673 διαφθείρη,
1369 2602 1435 2654 λύων
1453 2602 1551 2661 τούτους
1568 2600 1623 2662 τοῦς
1641 2601 1742 2670 φόόους,
1765 2601 1805 2652 καί

212 2680 271 2731 όταν
285 2679 459 2751 προκαταλάόη
479 2696 506 2731 τι
524 2678 566 2731 τδν
587 2675 709 2748 ἀκροατήν
735 2678 779 2731 καὶ
795 2677 987 2751 ἀναδεδεγμένον
1032 2678 1123 2739 δεικνύς
1134 2678 1388 2748 τηνάλλωςσοφιστήν
1402 2679 1518 2750 ἐσόμενον
1532 2679 1674 2743 Φίλιππον,
1694 2677 1715 2732 εί
1729 2680 1805 2750 μόνον

212 2754 256 2821 τήν
267 2756 379 2810 ύπόθεσιν
394 2755 452 2828 ίδῃ,
468 2757 524 2809 τότε
539 2756 581 2808 καί
598 2756 653 2826 περὶ
671 2762 719 2809 τῶν
732 2760 763 2827 τῇ
775 2756 818 2827 μίν
829 2758 897 2827 φύσει
910 2777 986 2829 προη-
1031 2755 1055 2807 υί
1068 2758 1175 2826 πρέσόεις
1193 2758 1216 2810 οί
1230 2763 1279 2810 τῶν
1292 2756 1423 2825 Ἀθηναίων
1442 2759 1618 2829 παραγένοιντο
1631 2758 1671 2809 καί
1690 2756 1805 2827 ίπαγγεί·

211 2836 353 2904 γουμένων,
373 2839 405 2906 τῇ
424 2835 451 2888 δέ
468 2834 532 2896 τάξει
546 2836 662 2904 δευτέρων
675 2836 769 2887 πείθειν
788 2835 918 2905 ίπιχειρεῖ,
939 2837 987 2908 ούχ
1031 2833 1099 2887 λαιεν
1119 2834 1163 2901 τὴν
1180 2837 1310 2906 βοήθειαν,
1333 2835 1430 2897 εἰκότως
1449 2836 1507 2906 πρδς
1520 2835 1633 2887 σύστασιν
1646 2838 1736 2905 χρῆται
1749 2837 1804 2888 τού-

212 2911 287 2973 ούτως
310 2914 430 2967 διδάσκων
446 2916 528 2985 μέντοι
547 2913 580 2976 ὡς
602 2913 773 2984 αίτιιίιμενοςή
796 2916 926 2980 νουθετῶν,
947 2918 988 2969 καί
1031 2931 1080 2974 τοις
1092 2917 1144 2976 τοῖς
1152 2915 1251 2985 λόγοις,
1264 2914 1308 2966 ούκ
1317 2914 1515 2985 ἀπολογούμενος
1523 2913 1580 2982 ύπέρ
1593 2919 1641 2965 τῶν
1659 2911 1803 2978 Ὀλυνθίων,

213 2991 277 3053 δλως
291 2991 412 3054 τοιαύταις
430 2995 608 3063 μεταχειρίσεσι
625 2993 679 3046 κατ’
704 2992 781 3045 αὐτῶν
796 2992 835 3046 ἀεί
849 2997 984 3065 χρώμενος·
1032 2988 1097 3042 ἀλλὰ
1109 2992 1220 3054 συνιστὰς
1238 2991 1271 3062 μή
1288 2992 1457 3063 άλωσσμένους
1469 2994 1523 3053 ταῖς
1536 2995 1580 3043 τοῦ
1592 2990 1731 3052 Μακεδόνος
1742 2990 1805 3044 άπά·

212 3073 271 3141 όπερ
283 3071 406 3125 κάνταῦθα
417 3072 558 3137 πεποίηκεν.
600 3068 856 3132 Ἐνίσταταιδίεύθῦς
873 3070 896 3133 ίξ
910 3071 988 3142 ἀρχῆς
1031 3088 1090 3131 ταις,
1129 3069 1206 3141 Ὅπερ
1219 3071 1335 3137 πεποίηκε
1348 3071 1413 3123 καλό
1427 3071 1571 3140 Κερκυραῖος
1591 3067 1647 3139 παρ’
1674 3067 1805 3135 ’λθηναίοις

206 3149 269 3220 πρδς
278 3148 408 3203 ἀντίθεσιν.
449 3146 549 3213 Ἐπειδή
563 3148 610 3220 γάρ
625 3149 716 3202 δέδοικε
730 3146 763 3219 μὴ
782 3148 867 3220 ξενικῷ
884 3151 986 3217 πάλινή
1031 3148 1195 3217 δημηγορῶν,
1210 3147 1236 3201 ἐν
1258 3142 1296 3209 οίς
1314 3148 1386 3217 φησίν
1405 3150 1443 3200 ότι
1463 3147 1487 3198 σί
1508 3146 1577 3198 αύτοί
1596 3146 1710 3216 πολέμιοι
1731 3146 1803 3217 ήμῐν,

212 3231 281 3293 πόλις
294 3230 416 3300 χρήσηται
433 3227 475 3280 καί
489 3226 528 3281 έπί
541 3246 596 3280 τινα
609 3227 701 3293 συνήθη
720 3227 872 3296 παραμυθίαν
888 3229 985 3300 δράμῃ,
1031 3224 1089 3293 ὅπερ
1110 3227 1246 3293 σαφεστάτη
1271 3225 1365 3288 πίστις,
1392 3225 1434 3277 καί
1455 3219 1525 3277 ούτοι
1539 3223 1582 3277 ούκ
1603 3224 1727 3291 ἀσθενεῖς,
1743 3226 1804 3279 ἀλλ’

211 3310 243 3361 δι’
257 3311 286 3376 ήν
301 3307 462 3361 ἀπολώλεσαν
472 3305 514 3358 καί
525 3305 549 3357 οί
562 3306 705 3375 σύμμαχοι,
715 3305 875 3375 ύποτέμνεται
887 3305 931 3372 τήν
944 3310 987 3359 ἀν·
1032 3302 1111 3355 δεινοί
1124 3303 1179 3364 τοὺς
1193 3304 1356 3374 μεταστάντας
1370 3302 1468 3373 βλέψαι·
1485 3302 1511 3355 Ἃ
1525 3302 1572 3373 γὰρ
1584 3302 1675 3364 έῑέῖνῡς
1688 3304 1804 3370 πεποίηκε

211 3388 317 3451 τίθεσιν,
337 3385 409 3448 ἀξιῶν
426 3385 539 3455 βοήθειαν
560 3386 660 3453 πέμπειν
684 3382 711 3437 έκ
723 3386 766 3449 τῆς
781 3383 885 3445 πόλεως,
924 3383 987 3438 Εἶτα
1031 3380 1073 3432 τδν
1088 3382 1234 3451 Κερκυραῖον
1248 3381 1421 3451 λέγονταύπὲρ
1438 3381 1540 3447 ἑαυτοῦ,
1556 3386 1632 3434 ταῦτα
1644 3381 1715 3443 αύτδς
1728 3382 1742 3434 ό
1755 3384 1804 3449 Ar„

211 3468 297 3519 τούτου
312 3470 356 3518 τοῦ
375 3465 460 3535 μέρους
474 3462 625 3532 ἀπαλλαγείς
645 3462 787 3532 έπισυνῆψεν
801 3462 868 3524 εύθὶις
889 3463 917 3516 τδ
931 3483 987 3534 πρε-
1032 3459 1215 3530 μυσθένηςύπέρ
1230 3458 1364 3513 Ὀλυνθίων
1380 3459 1462 3529 λέγει,
1477 3458 1588 3520 συνιστὰς
1602 3457 1635 3528 μή
1655 3461 1684 3510 ἀν
1704 3458 1741 3512 έτι
1759 3458 1804 3525 τήν
1875 3470 1878 3475 ’

210 3545 293 3596 σόείαν
315 3546 414 3613 πέμπων
439 3542 498 3612 πμδς
527 3539 667 3603 Ὀλυνθίους
687 3541 728 3593 καί
741 3543 883 3612 συμμαχίαν
905 3543 987 3605 αὐτοῖς
1031 3541 1074 3589 τοῦ
1096 3538 1221 3592 Φιλίππου
1243 3540 1390 3608 πανουργίαν
1405 3538 1512 3607 ίσχύσειν
1531 3538 1740 3607 πρεσόευσαμένης
1762 3544 1804 3604 τῆς

211 3621 413 3692 ἐπαγγέλλεσθαι.
433 3620 480 3672 ίίαί
501 3619 566 3681 άξιον
585 3618 780 3689 ἐπισημήνασθαι
795 3621 851 3690 παρ’
869 3620 985 3689 όληντήυ
1030 3615 1132 3676 πόλεως·
1184 3616 1238 3676 Πῶς
1257 3618 1286 3668 ἂν
1300 3611 1343 3669 οὖν
1363 3614 1401 3682 εἴη
1420 3619 1495 3667 ταῦτ’
1510 3619 1553 3680 τῆς
1570 3613 1724 3680 έθῖῑθέθῑως,
1744 3619 1802 3681 ῖῆς,

209 3699 339 3763 ύπόθεσιν,
361 3704 409 3752 τῖεν
424 3698 471 3769 πρδ
482 3697 552 3768 ήμῶν
566 3697 752 3767 ἐξηγησαμένων
775 3696 892 3750 εἰπόντων
907 3698 984 3751 άπάν-
1030 3694 1087 3747 ἀλλ’
1099 3697 1137 3749 ότι
1149 3696 1245 3750 άπιστοι
1261 3695 1398 3759 Ὀλύνθιοι,
1411 3695 1442 3760 ἣν
1454 3693 1548 3755 ίαυτοῖς
1558 3693 1613 3763 [σί]
1628 3692 1805 3763 ἐξηγησάμενοι

210 3797 259 3830 των
272 3777 361 3847 σχεδδν
375 3778 388 3802 *
402 3776 537 3847 πρεσύείαν·
555 3774 621 3827 ἀλλά
635 3774 775 3827 τούναντίον
791 3774 863 3836 αύτδς
877 3776 986 3846 φαίνεται
1030 3774 1193 3839 πλάττοντας
1219 3776 1318 3827 «Ταῦτ’
1340 3769 1384 3826 ούν
1399 3773 1539 3844 ἐγνωκότες.
1564 3796 1574 3821 ο
1596 3772 1731 3841 ίίληρώοας
1744 3773 1802 3842 άχρι

210 3856 337 3926 πρεσύείαν
352 3855 423 3918 ἀξιῶν
434 3855 571 3924 ίκπέμπειν,
583 3854 625 3905 καί
638 3851 682 3918 τὴν
690 3852 768 3906 αἰτίαν
777 3853 904 3916 ἀποδιδούς
915 3856 947 3907 δι’
957 3858 985 3922 ἣν
1030 3854 1116 3906 τούτου
1128 3856 1198 3924 μέρος
1211 3873 1235 3906 τι
1245 3858 1288 3907 τοῦ
1308 3854 1485 3923 συμφέροντος,
1505 3849 1530 3902 ἐν
1543 3846 1565 3920 ᾧ
1579 3847 1623 3913 τήν
1637 3847 1758 3919 [αίτίαν],
1771 3850 1803 3901 δι’

211 3934 346 4005 ἀναγκαῖον
361 3934 409 4001 ήδη
430 3934 614 4004 πρεσθεύεσθαι,
630 3932 658 3984 τδ
675 3933 790 3985 δύνασθαι
805 3932 847 3986 τδν
861 3934 986 3988 Φίλιππον
1030 3934 1060 3997 ἣν
1076 3933 1191 3999 προσήκει
1204 3932 1409 4002 πρεσῦεύσασθαι,
1421 3928 1558 4001 προύθηκε,
1570 3927 1611 3980 καί
1628 3928 1757 3993 συνίστησι
1775 3928 1804 3980 τδ

211 4012 357 4079 ίξαπατῆσσι
370 4013 411 4066 καί
419 4012 620 4082 παρασπάσασθαί
629 4031 652 4064 τι
662 4017 710 4064 τῶν
721 4013 871 4081 πραγμάτων
882 4013 986 4079 σκήπτε·
1031 4010 1063 4081 μὴ
1074 4010 1294 4076 ἐξαπατηθήσεσθαι
1304 4009 1360 4071 τοῦς
1378 4008 1531 4069 Ὀλυνθίους,
1548 4006 1604 4075 μηδ’
1619 4006 1649 4056 δν
1661 4005 1804 4070 δυνήσεσθαι

209 4110 259 4143 ται.
269 4091 368 4158 θίηθείη
379 4091 423 4163 μίν
432 4086 476 4145 σύν
486 4090 516 4143 ἀν
522 4110 558 4152 τις
566 4094 638 4144 τοῦτο
646 4094 689 4142 τοῦ
697 4091 857 4160 συμφέροντος
870 4089 944 4154 εἶναι,
958 4093 986 4146 τδ
1030 4089 1153 4143 Φίλιππον
1165 4087 1302 4157 παραλῦσαί
1313 4107 1336 4140 τι
1345 4091 1387 4152 τῆς
1396 4085 1493 4139 ἐκείνων
1506 4084 1625 4149 σπουδῆς,
1638 4081 1659 4136 εί
1672 4083 1747 4153 μόνον
1761 4081 1805 4133 ἀν·

210 4174 262 4225 δεῖν
280 4172 406 4242 πρεσόείαν
421 4172 558 4242 ἐκπέμπειν.
597 4169 654 4224 Ὅτι
671 4169 718 4240 γάρ
733 4171 845 4239 συμφέρει
858 4173 985 4240 πρεσόεύε-
1031 4170 1127 4238 τέχοιτο
1147 4172 1195 4219 τῶν
1209 4166 1360 4236 πραγμάτων
1373 4165 1389 4230 ίη
1403 4165 1473 4225 πόλις
1488 4164 1530 4216 καὶ
1547 4163 1601 4223 τοῦς
1619 4162 1726 4232 πρίσύεις
1744 4164 1804 4231 πέμ·

210 4252 265 4303 σθαι
283 4251 465 4312 κατασκευάζει.
478 4249 525 4300 Καὶ
539 4244 584 4302 ούκ
596 4250 625 4300 ἂν
646 4247 749 4319 ἀμάρτοι
764 4267 798 4307 τις
811 4247 891 4317 λέγων
905 4247 986 4302 ἔντεῦ·
1029 4245 1101 4315 ψειεν·
1115 4244 1140 4298 έν
1152 4238 1189 4304 οίς
1202 4243 1304 4296 ἔλαττον
1319 4242 1362 4312 μίν
1374 4242 1402 4295 rb
1412 4244 1548 4313 συμφέρον,
1564 4240 1638 4293 πλέον
1652 4240 1677 4292 δέ
1693 4239 1720 4291 τδ
1731 4241 1804 4291 δυνα·

210 4332 251 4382 θεν
263 4327 328 4383 εἶναι
341 4327 385 4394 τὴν
401 4325 540 4398 εἰσαγωγήν
554 4332 598 4381 τοῦ
615 4328 792 4397 συμφέροντος,
814 4326 847 4387 όνς
867 4326 924 4395 πρδς
942 4326 985 4391 τὴν
1030 4323 1072 4376 τδν
1087 4323 1245 4392 ἐξείργασται.
1286 4319 1411 4373 Ἐντεῦθεν
1423 4321 1560 4391 μεταῦαίνει
1572 4318 1608 4372 ἐπ’
1625 4318 1690 4369 ἀλλο
1700 4320 1806 4388 τιμέρος

210 4407 347 4471 ἀντίθεσιν,
360 4410 377 4475 ἣ
389 4408 450 4480 μετὰ
464 4408 549 4478 μικρὸν
563 4406 727 4476 δειχθήσεται.
768 4405 796 4457 Αἱ
809 4408 891 4475 μέντοι
905 4425 933 4475 γε
948 4405 985 4457 αί·
1030 4406 1072 4453 τοῦ
1085 4400 1158 4453 αύτοῦ
1171 4400 1320 4469 κεφαλαίου,
1335 4400 1402 4469 λέγω
1416 4403 1460 4452 τοῦ
1470 4400 1645 4469 συμφέροντος,
1660 4396 1804 4465 συμπλέκων

209 4488 259 4538 τίσι
270 4487 394 4556 σύμπασαι
407 4488 447 4538 καί
463 4485 609 4538 κατασκευαί
620 4488 664 4536 τοῦ
678 4485 781 4535 δυνατοῦ
796 4485 824 4535 ἀν
839 4483 899 4537 εἷεν.
917 4484 990 4536 Ιίοιεῖ
1031 4480 1072 4550 μὲν
1087 4479 1155 4531 οὐδὲν
1169 4473 1243 4544 ήττον
1255 4477 1376 4531 κάνταῦθα
1386 4478 1414 4531 τδ
1426 4479 1536 4531 δυνατόν·
1551 4475 1608 4527 ἀλλ’
1623 4478 1704 4545 ὥσπερ
1715 4473 1740 4528 ίν
1755 4481 1807 4536 τοῖς

210 4565 236 4616 δέ
248 4569 320 4617 τοῦτο
334 4565 374 4617 καὶ
385 4564 548 4629 θουκυδίδης,
563 4564 707 4635 συμπλέκων
722 4566 849 4631 πανταχοῦ
870 4562 900 4615 τὰ
914 4565 985 4633 κεφά-
1029 4561 1209 4630 προειρημένοις
1216 4559 1244 4611 εδ
1256 4558 1358 4611 δυνατδν
1370 4558 1500 4620 έπλεόναζε
1514 4557 1555 4609 καί
1566 4555 1639 4609 αύτοῦ
1650 4552 1680 4621 ήν
1690 4555 1722 4616 έις
1732 4574 1806 4624 προη·

210 4641 278 4697 λαια,
317 4642 363 4694 ίίαί
376 4647 448 4695 τοῦτο
465 4641 571 4711 εύρήσεις
584 4642 608 4694 έν
625 4642 704 4711 τούτῳ
718 4647 752 4711 τῷ
767 4640 845 4710 λόγῳ.
883 4639 931 4701 Τάς
939 4640 987 4712 γάρ
1030 4644 1159 4714 γούμενον,
1177 4642 1267 4695 ούτωσὶ
1288 4642 1329 4694 καὶ
1347 4641 1372 4695 ἐν
1395 4645 1447 4702 τοῖς
1470 4640 1551 4710 ἐφεξῆς
1573 4639 1601 4692 εδ
1624 4639 1665 4708 μὲν
1686 4640 1804 4707 συμφέρον

211 4719 283 4781 αύτάις
294 4720 387 4781 έννοίας
397 4721 439 4773 καί
451 4724 495 4772 τοῦ
510 4723 670 4791 συμφέροντος
684 4719 779 4772 καὶτοῦ
792 4721 896 4771 δυνατοῦ
910 4719 986 4783 εἴποις
1031 4722 1127 4791 μᾶλλον
1146 4722 1306 4791 προηγεῖται,
1325 4721 1353 4773 τ“ο
1364 4721 1390 4773 δέ
1401 4719 1501 4772 δυναεδν
1516 4720 1607 4771 ἕπεται.
1649 4738 1659 4764 α
1681 4715 1742 4767 Νυνὶ
1757 4714 1805 4783 γὰρ

211 4801 241 4850 ἀν
252 4799 326 4853 είναι.
363 4798 492 4868 Θαυμάσαι
502 4799 528 4852 δέ
547 4799 614 4859 ἀξιον
629 4803 671 4864 τῆς
690 4800 844 4864 δεινότητος,
859 4800 897 4850 ότι
910 4800 986 4868 φόθου
1033 4822 1044 4847 ε
1058 4801 1073 4851 δ
1086 4801 1173 4860 πάντες
1182 4798 1296 4869 ἐθρύλουν
1310 4803 1355 4870 (p.
1376 4817 1423 4861 ιο,
1438 4815 1472 4866 29
1484 4801 1502 4864 ).
1522 4819 1532 4844 ν
1550 4796 1617 4861 Αύτη
1631 4793 1723 4858 έστίνή
1738 4793 1806 4855 λύσις

210 4878 265 4931 τινά
278 4879 410 4948 θαυμάσιον
425 4877 559 4948 περιίστησι
573 4880 625 4937 τοῖς
637 4876 764 4941 ἀκούουσι,
779 4877 822 4929 τδν
836 4878 925 4946 τρόπον
938 4879 986 4931 διε·
1030 4882 1073 4943 τῆς
1087 4877 1242 4942 ἀντιθέσεως,
1255 4881 1297 4943 τῆς
1309 4878 1364 4939 ότι,
1380 4874 1449 4927 Ἀλλ’
1467 4875 1511 4928 ούκ
1529 4872 1618 4934 οἰκεῖος
1634 4871 1719 4942 ἧμῖνό
1733 4871 1807 4924 πόλε-

210 4955 266 5017 ξιὼν
281 4961 324 5009 τοῦ
339 4957 481 5017 Μακεδόνος
493 4956 534 5009 καί
553 4954 581 5007 ού
601 4951 645 5021 τὴν
665 4953 767 5025 ῥύμην,
789 4959 833 5007 τοῦ
854 4953 887 5026 μή
908 4975 985 5026 παρα·
1031 4976 1085 5028 μσς.
1124 4958 1172 5009 Ἢν
1187 4956 1231 5009 ούκ
1246 4956 1317 5023 έθηκε
1336 4955 1375 5006 διδ
1388 4955 1533 5024 προείπομεν
1550 4952 1574 5005 ἐν
1594 4950 1807 5021 θεωρήματι,ἵνει

210 5037 334 5097 σκευάζειν
345 5035 430 5098 αύτούς
436 5034 594 5105 ἀπαγορεύειν
605 5034 713 5104 πρδςτάς
721 5033 814 5104 πράξεις
827 5032 853 5087 ἐκ
860 5038 903 5100 τῆς
912 5034 983 5105 ύπερ-
1032 5033 1065 5105 μὴ
1079 5036 1157 5087 δοκῶν
1170 5031 1185 5106 ή
1199 5035 1254 5104 περὶ
1274 5032 1505 5104 ἀμφιοόητουμένων
1533 5031 1670 5100 μάχεσθαι,
1691 5027 1748 5079 άλλ’
1768 5028 1807 5079 ότι

211 5114 286 5179 όσλῆς
298 5120 346 5166 τῶν
355 5114 451 5185 φόθων,
463 5112 529 5166 ἀλλά
540 5118 584 5166 τοῦ
596 5113 736 5183 προτρέπειν
746 5111 787 5163 καί
799 5114 875 5164 κινεῖν
892 5111 931 5166 έπὶ
944 5114 987 5165 τδν
1030 5114 1151 5185 προῦλαύε
1165 5116 1207 5167 τδν
1222 5111 1359 5184 ἀκροατήν,
1379 5112 1421 5165 καὶ
1441 5110 1514 5170 ἔδειξε
1534 5106 1568 5178 μή
1590 5107 1807 5174 ἀπατηθησύμενυν

213 5191 399 5264 ύμοιονζῆλον.
438 5189 502 5245 Εἶτα
522 5192 553 5244 δι’
568 5188 603 5245 ὧν
617 5191 703 5261 φοόεῖ,
719 5189 759 5242 διά
782 5190 873 5244 τούτων
888 5192 929 5244 καί
941 5211 986 5245 πα·
1031 5194 1073 5246 τδν
1099 5196 1244 5266 σύμμαχον,
1268 5193 1311 5245 ἵνα
1334 5193 1465 5262 φαίνωνται
1487 5188 1595 5260 μονονοὶι
1618 5187 1659 5239 καί
1684 5185 1809 5255 εύξάμενοι
