3967 5967
263 444 321 495 ἀῖό
805 434 946 494 ΣΧΟθίΑ
969 434 1033 494 ΕΙΣ
1054 434 1326 495 ΔΗΜΟΣΘΕΝΗΝ.

261 565 291 620 τύ
306 568 349 632 τῆς
362 565 457 627 πόλεως
466 564 632 636 συμφίρον·εί
643 564 691 636 γάρ
705 564 767 634 μήτε
777 567 859 619 τοῖσδε
872 565 933 637 μήτε
943 565 1042 629 ἰκτίνοις
1088 587 1144 637 μιν·
1171 590 1182 616 ι
1203 567 1247 620 ἵνα
1265 566 1408 637 εύπορῆτει
1433 566 1493 638 φησί
1510 568 1576 619 «καί
1591 567 1621 621 τά
1639 554 1836 637 δίονταποιῆτι.ἱ
1855 592 1869 620 κ

261 643 738 790 ἀίᾟεῖίίπῗίἰρίξίδίῖῆίἕί
754 646 792 779 ῗί
809 644 1042 795 ᾗέ”“”·ἤήὲζὶἶ’
1087 645 1175 795 3135
1176 645 1291 779 ῗῖιῖἰίι
1301 645 1480 780 ἀιῖἶίῗόθ
1481 648 1555 777 λῖίἶ
1555 648 1874 794 ῗίέίείσήίζῖίῗωῖ

1034 769 1040 779 .
1264 765 1269 778 .
1407 764 1414 779 .
1828 749 1861 781 κα

261 802 337 857 Ὅθεν
359 801 388 869 δὴ
407 803 449 857 καί
461 805 514 865 τοῖς
529 744 689 874 ἀεποτρέπουσι
706 746 877 874 τηοοστίθετίἰίαιι
890 745 938 876 οἰίχ
959 805 1042 867 ἀτελῶς
1085 803 1129 870 τήν
1146 803 1256 874 ἀνάγκην
1270 808 1314 858 τοῦ
1333 805 1385 857 δεῖν
1402 803 1488 866 αύτούς
1508 744 1692 875 στβατεόεάθαι,
1713 813 1808 877 πρῶτον
1824 808 1871 878 μὲν

260 882 288 936 δέ
300 883 470 953 προστίθεται,
486 882 553 934 ἀλλά
570 882 630 953 μετὰ
645 888 689 936 τοῦ
701 882 870 937 ἀποδεικνύναι
887 890 960 937 τοῦτο
973 885 1042 937 λυσι-
1087 883 1119 945 είς
1131 884 1186 945 τούς
1197 884 1276 945 ξένους
1287 884 1329 936 καί
1339 885 1395 945 τούς
1406 884 1573 955 στρατηγούς,
1587 886 1630 936 ’ίνα
1642 883 1676 955 μή
1689 892 1767 948 κακῶς
1781 893 1873 940 ποιῶσι

260 962 347 1015 τελοῦν
372 964 403 1033 τῇ
423 962 494 1016 πόλει
507 962 549 1014 καί
563 963 696 1033 χρήσιμον.
735 961 808 1016 Ὅσοι
823 963 866 1033 μὲν
889 963 937 1034 γάρ
951 965 1043 1036 θατέρῳ
1084 961 1141 1022 τούς
1162 964 1322 1032 συμμάχους,
1348 962 1410 1032 μηδὲ
1432 962 1502 1015 αύτοί
1525 962 1581 1033 παρ’
1599 962 1658 1033 ύμῖν
1674 967 1818 1034 κρίνωνται·
1837 965 1873 1028 εἰς

262 1044 328 1112 μέρει
342 1043 497 1095 συνίστανται
511 1041 585 1095 αύτοῦ
609 1045 653 1094 τοῦ
676 1042 760 1112 μόρους
773 1042 802 1094 τό
824 1042 947 1105 λυσιτελὲς
966 1045 1041 1115 μόνον
1086 1040 1168 1109 ῖτερον
1178 1041 1216 1106 δὲ,
1225 1042 1268 1093 ἵνα
1281 1047 1328 1093 τῶν
1347 1039 1478 1107 Ἑλλήνων
1492 1043 1600 1111 ἀρχητε,
1613 1044 1700 1115 φησίν·
1713 1043 1742 1096 ού
1753 1044 1801 1115 γάρ
1814 1043 1872 1098 οἷόν

261 1123 403 1187 ζητοῦντες,
425 1116 493 1173 ούτοι
513 1118 639 1181 παντελῶς
656 1121 768 1173 δοκοῦσιν
793 1120 895 1192 ἀμελεῖν
909 1125 952 1175 τοῦ
971 1126 1043 1193 κοινῇ
1086 1138 1112 1172 τε
1135 1118 1199 1172 εἰναι
1219 1124 1262 1186 τῆς
1282 1120 1325 1191 μίν
1346 1119 1481 1190 ίγγεμονίας
1497 1120 1687 1185 ἀντιποιεῖσθαι,
1711 1125 1830 1194 μηδαμῶς
1844 1125 1873 1177 δέ

261 1200 422 1270 συμφίροντος
444 1198 587 1270 εἰρημένου,
604 1199 663 1268 ὅπερ
676 1197 722 1251 κάν
740 1198 819 1272 τούτῳ
835 1200 877 1252 καί
898 1199 923 1253 ἰν
945 1199 1044 1262 ἐκείνοις
1087 1199 1189 1269 δύναμιν
1208 1199 1301 1253 οἰκείαν
1323 1199 1463 1271 ἰκπίμπειν.
1501 1198 1571 1263 Εἶθ’,
1590 1201 1635 1253 ἵνα
1648 1201 1712 1274 δείξῃ
1727 1203 1766 1254 ότι
1785 1202 1872 1255 πολλά

260 1280 466 1350 διαπραττόμενος
486 1279 606 1348 φαίνεται.
643 1278 760 1332 Τοιοῦτόν
782 1278 832 1333 ἰστι
853 1280 882 1333 τό
907 1279 1043 1351 λεγόμενον
1087 1278 1165 1331 ἀτοπα
1179 1278 1243 1348 παρὰ
1257 1277 1302 1345 τήν
1317 1277 1434 1332 ἀπουσίαν
1446 1279 1873 1352 αύτῶνσυμόαίνει,τάςσυμφοράς

260 1358 316 1428 παρ’
330 1357 405 1411 αύτοῦ
418 1358 471 1410 κατ’
486 1355 606 1427 Αἰσχίνου
628 1355 653 1409 ἐν
671 1362 707 1428 τῷ
721 1357 776 1428 πιρί
799 1362 841 1426 τῆς
854 1359 1044 1429 παραπρεσόείας
1086 1358 1270 1429 καταριθμεῖται
1295 1363 1344 1410 τιῖιν
1366 1356 1405 1411 ἐπὶ
1419 1361 1463 1424 τῆς
1484 1356 1559 1420 Ἀσίας
1585 1357 1734 1425 Ἑλλήνων,
1758 1360 1872 1428 Μυτιλη-

260 1436 346 1508 λόγιρ,
361 1438 400 1490 δτι
414 1436 592 1508 βουλευομένης
603 1439 649 1502 τῆς
659 1436 753 1498 πόλεως
769 1436 798 1489 τδ
809 1438 865 1509 περί
878 1441 922 1491 τοῦ
940 1439 1043 1509 πότερον
1087 1437 1161 1489 ναίων
1175 1437 1216 1490 καὶ
1233 1434 1351 1502 Ῥοδίων,
1364 1433 1400 1489 ὧν
1413 1436 1549 1506 ἀναγκαῖόν
1563 1456 1636 1507 φησιν
1649 1438 1735 1500 αύτούς
1752 1442 1871 1509 προεστά-

260 1516 434 1569 δεῖΦίλιππον
448 1513 607 1586 Ἀμφικτύονα
619 1513 765 1585 ἐγγράφειν,
779 1515 794 1581 ἢ
811 1514 858 1586 μὴ,
872 1514 887 1568 ό
899 1516 941 1587 μέν
956 1516 1045 1587 Αἰαχί·
1087 1534 1136 1568 νει.
1175 1513 1239 1567 Εἶτα
1253 1515 1380 1586 ἐπειδήπερ
1390 1515 1557 1586 ἐμνημόνευσε
1570 1514 1689 1579 Ῥοδίων,
1704 1517 1791 1569 ἔλαθεν
1801 1516 1871 1570 ἀντι·

261 1594 382 1662 νηςοόδίν
396 1600 445 1648 τῶν
459 1597 631 1666 συμφερόντων
643 1594 756 1649 ούδέτῦίν
768 1595 928 1664 βλαπτόντων
943 1595 988 1662 τήν
998 1599 1043 1651 πό-
1086 1597 1175 1649 πῖπτον
1196 1596 1223 1649 ἐκ
1240 1598 1283 1661 τῆς
1296 1594 1420 1666 ἐργασίας·
1446 1593 1511 1647 ’ἀλλ’
1529 1593 1614 1665 ἐχθροί
1633 1614 1663 1665 γε
1677 1594 1740 1666 ἡμῖν
1760 1594 1869 1662 Ῥόδιοι,

260 1671 300 1723 λιν
311 1672 476 1743 σκοπούμενος
489 1672 554 1725 οῦτω
574 1673 703 1743 συνηγόρει
718 1677 753 1744 τῷ
774 1673 913 1738 Μακεδόνι,
927 1675 1044 1740 δηλονότι
1086 1674 1144 1743 φαίη
1168 1692 1203 1735 τις
1226 1675 1274 1738 ἀν’,
1301 1675 1460 1743 φανήσονται.
1500 1672 1530 1724 Εἰ
1547 1672 1590 1743 μέν
1608 1669 1652 1727 ούν
1675 1675 1734 1745 πρὸς
1756 1675 1816 1728 δλον
1841 1678 1872 1730 εδ

260 1752 463 1824 ἐγκωμιάζων,ή
481 1754 523 1805 καί
540 1753 623 1824 φοόῶν
636 1753 692 1814 τούς
710 1750 858 1816 ἀκούοντας,
873 1753 890 1819 ή
908 1754 937 1807 τδ
949 1754 1043 1806 δίκαιον
1086 1751 1262 1822 κεφάλαιον,ἢ
1282 1752 1341 1822 πρός
1357 1752 1386 1805 τδ
1399 1751 1516 1804 πλεῖστον
1530 1754 1615 1822 μέρος,
1635 1752 1711 1815 οῦτως
1728 1753 1872 1825 ἀνθυπήγα-

259 1834 410 1903 προτείνων,
426 1833 464 1885 θτι
476 1831 566 1885 ἀτοπον
575 1837 624 1885 τῶν
634 1831 719 1884 ἀλλων
729 1830 795 1893 ἀξιον
808 1831 881 1886 σύτδν
893 1834 1044 1903 νομιζόντων
1086 1850 1145 1901 γον·
1172 1829 1238 1884 ’ἀλλ’
1251 1830 1321 1884 ούδίν
1334 1830 1395 1903 ἡμῖν
1409 1835 1517 1901 προσῆκε
1531 1831 1691 1902 προΐστασθαι
1709 1838 1757 1885 τῶν
1774 1833 1813 1887 ἀπί
1827 1838 1872 1902 τῆς

259 1909 324 1980 ἡμεῖς
337 1912 424 1982 μόνους
437 1910 604 1964 ἀνθίστασθαι,
647 1906 677 1963 ‘0
691 1910 717 1964 δέ
730 1907 986 1982 Δημοσθίνηςείςτὴν
1001 1911 1044 1965 ab·
1092 1907 1169 1971 Ἀσίας
1197 1907 1343 1977 Ἐλλήνων·
1369 1908 1520 1974 λελυπήκασι
1542 1910 1590 1981 γάρ
1618 1910 1682 1982 ήμας
1706 1910 1869 1975 ἀποστάντες·

259 1988 304 2056 τήν
317 1990 431 2044 ύπόθεσιν
442 1989 524 2050 καθείς
532 1989 561 2042 τδ
574 1988 618 2060 μέν
628 1988 704 2043 εἰπεῖν
714 2009 736 2043 τι
751 1990 805 2061 περὶ
818 1988 946 2042 Φιλίππου
954 1989 1042 2057 καλδν,
1087 1986 1206 2051 ἀντίθεσις
1220 1991 1250 2041 ἀν
1262 1986 1292 2054 ήν
1307 1988 1355 2042 ἀπδ
1366 1991 1409 2041 τοῖν
1422 1990 1598 2059 συμφέροντος,
1611 1990 1670 2060 πρδς
1680 1991 1743 2043 ἀπαν
1757 1990 1871 2045 ἀνθιστα-

259 2068 412 2142 ήαίσχρδν,
427 2068 443 2135 ἤ
458 2088 482 2122 τι
499 2072 611 2121 τοιοῦτον
628 2065 682 2120 οίον
697 2067 830 2139 Αἰσχίνης,
850 2068 975 2131 παντελῶς
989 2068 1045 2123 ἀπέ-
1089 2072 1149 2141 μίνη
1168 2069 1196 2123 τδ
1208 2069 1354 2140 κεφάλαιον·
1371 2066 1452 2132 ἰπειδὴ
1467 2068 1493 2121 δί
1506 2067 1598 2131 εἰδικῶς
1612 2069 1666 2139 περί
1683 2067 1786 2122 Ῥοδίων
1802 2068 1871 2141 εἴρη·

260 2168 349 2219 χεται,
362 2147 421 2202 αύτδ
435 2147 461 2201 δί
475 2148 503 2201 τδ
515 2151 558 2214 τῆς
569 2148 665 2210 πόλεως
674 2150 793 2219 συμφέρον
807 2150 972 2220 σκοπούμενος
986 2148 1044 2204 ἀπέ-
1087 2169 1141 2213 ται,
1162 2147 1306 2204 ἀντιπῖπτον
1332 2147 1391 2200 αύτδ
1415 2146 1464 2218 χρὴ
1483 2147 1592 2217 νομίζειν
1619 2144 1693 2200 εἰναι.
1730 2149 1824 2211 Σκοπδς
1842 2148 1872 2203 δί

260 2226 336 2290 δειξεν
362 2227 395 2289 ὣς
425 2227 565 2290 ἀλυσιτελὲς
587 2225 753 2280 ἐναντιοῦσθαι
784 2229 816 2299 τή
839 2233 888 2280 τῶν
913 2227 1044 2294 Ἐλλήνων
1088 2227 1153 2299 αύτῷ
1161 2225 1563 2299 καίιτοίνςῬοδίουςέλευθερίῖνσαι.
1601 2225 1689 2297 Διόπφ
1699 2232 1876 2300 προαναφωνεῖ

259 2309 359 2377 γνώμη.
397 2304 427 2356 Εἰ
441 2304 484 2375 μὲν
499 2300 543 2358 σύν
557 2303 682 2358 κάνταῦθα
698 2304 741 2366 τάς
752 2308 853 2376 γνώμας
864 2305 908 2368 τάς
917 2313 967 2361 τῶν
984 2307 1045 2361 ἀπό-
1087 2306 1314 2377 καίπροδιοικεῖται
1327 2305 1470 2375 τδνλόγον.
1507 2305 1564 2359 Ὅτι
1577 2306 1599 2358 δ’
1616 2300 1788 2361 ούνούκίστιν
1802 2309 1872 2363 ἀντί-

261 2406 311 2457 ρων
329 2384 507 2454 ἀποδεξάμενος
530 2382 637 2437 ἐποιεῖτο
657 2384 700 2436 τίιν
720 2384 817 2455 λόγον,
840 2385 938 2449 εἰκότως
962 2386 992 2438 ἀν
1009 2407 1044 2449 τις
1088 2388 1165 2452 θεσις,
1179 2387 1257 2453 δῆλον
1268 2385 1363 2439 αύτίκα.
1400 2384 1871 2461 Οδδέἰπέμεινετῇλύσει,ἀναδραμὼν

260 2464 334 2517 αύτδν
355 2463 400 2534 ἔφη
416 2467 460 2529 τῆς
474 2462 572 2516 ἐκείνων
588 2463 684 2533 μερίδος
705 2461 808 2533 ἀκριῦίῖις
826 2462 900 2518 εἰναι.
942 2462 1043 2531 Ἐπειδὴ
1088 2465 1155 2527 εύθίις
1168 2466 1243 2519 πάλιν
1265 2464 1304 2519 ἐπί
1321 2464 1364 2517 τδν
1378 2465 1433 2534 περί
1447 2465 1579 2527 συντάξεως
1598 2464 1685 2536 λόγον.
1723 2469 1826 2521 Δοκυῦσι
1843 2469 1872 2523 δί

259 2543 286 2597 δέ
300 2544 328 2596 τδ
344 2542 387 2614 μίν
400 2544 455 2596 κατ’
467 2541 570 2604 ἐκείνους
582 2545 671 2613 σιωπᾷ,
684 2542 744 2612 φησί
757 2542 783 2596 δί
796 2546 922 2615 συμφέρειν
932 2548 964 2616 τῇ
973 2545 1045 2600 πόλει
1089 2546 1196 2616 μάλιστα
1209 2545 1255 2599 ύπδ
1269 2544 1371 2598 Ῥοδίων
1385 2543 1528 2611 ἠδικῆσθαι,
1545 2542 1698 2614 ἰσχυσάντων
1709 2566 1736 2600 τε
1749 2548 1811 2601 κατά
1826 2550 1871 2601 θά·

259 2623 288 2675 τδ
303 2622 358 2683 τούς
373 2621 546 2692 λαμόάνοντας
560 2620 603 2673 καί
615 2623 695 2673 ποιεῖν
712 2639 736 2673 τι
749 2627 798 2675 τῶν
812 2623 932 2684 δεόντων,
946 2621 1045 2684 εἰκότως
1087 2625 1180 2679 λατταν
1193 2626 1235 2679 καί
1247 2626 1382 2679 πεισάντων
1395 2625 1450 2686 τούς
1464 2623 1553 2686 ἀλλους
1569 2623 1705 2692 ἀποστῆναι
1714 2629 1870 2698 συμμάχους.

259 2702 289 2753 ἀν
302 2702 386 2769 δοκοίη
401 2705 445 2754 τοῦ
455 2701 498 2772 μίν
510 2702 653 2772 χαρίζεσθαι
666 2704 719 2763 τοῖς
730 2702 913 2772 διανεμομίνοις
925 2703 1044 2769 καθεστη·
1088 2704 1157 2757 Μετά
1170 2709 1246 2758 ταῦτα
1260 2704 1383 2775 ἀπήγαγεν
1402 2705 1440 2756 ότι
1452 2703 1567 2774 διελέχθη
1584 2705 1625 2757 καί
1639 2706 1694 2776 περί
1704 2707 1795 2760 τούτων
1806 2707 1871 2761 ωλ-

259 2781 326 2833 κέναι
343 2779 441 2849 πόρρω,
459 2784 503 2832 τοῦ
517 2779 589 2852 δίτῇ
608 2780 680 2833 πόλει
690 2780 877 2843 λυσιτελοῦντος
889 2780 1042 2851 ἀντέχεσθαι.
1089 2783 1173 2847 λάκις,
1187 2783 1246 2854 πρδς
1261 2784 1320 2853 ὅπερ
1333 2782 1410 2836 ἔοικεν
1428 2781 1564 2836 ἀντιπεσεῖν
1578 2782 1724 2846 ὐπόνοιάτις
1741 2784 1806 2857 αύτῷ
1825 2791 1871 2840 τοῦ

259 2857 307 2911 Kal
320 2862 396 2911 ταῦτα
408 2858 490 2929 λέγων
502 2861 554 2921 τοῖς
564 2858 662 2931 ἀπόροις
674 2859 703 2912 ού
716 2859 792 2913 ταύτά
805 2860 886 2931 λέγειν
898 2861 975 2913 δοκεῖ.
1014 2861 1045 2914 Οί
1089 2860 1245 2933 ἀσυμφόρου,
1262 2862 1300 2915 δτι
1312 2860 1340 2913 ού
1351 2860 1478 2913 λυσιτελεῖ
1486 2860 1534 2931 γάρ
1547 2859 1563 2926 ίγ
1576 2861 1765 2931 συμόούλευσις,
1777 2864 1817 2917 καί
1828 2862 1871 2917 διά

260 2937 483 3010 μίνγάρύνςίδιον
498 2940 647 3010 συμφόρονή
663 2940 753 3010 βλάόος
772 2938 924 3010 ἐγύμναζον,
945 2940 959 2992 ό
977 2939 1044 2995 δέτδ
1088 2944 1160 2993 τοῦτο
1179 2940 1207 2993 ού
1221 2934 1363 3010 πεισόμεθα.
1402 2938 1477 2992 Ὅθεν
1494 2938 1536 2991 καί
1550 2938 1668 3010 ἐπήνεγκε
1685 2942 1866 3012 δυσχεραίνων·

258 3019 313 3071 κατ’
326 3016 430 3081 ἐκείνους
449 3018 573 3089 παρείςτδ
596 3021 629 3090 τῇ
653 3019 725 3072 πόλει
749 3021 869 3090 συμφόρου
892 3018 1044 3089 εἰσηγεῖσθαι
1091 3040 1101 3068 ιι
1125 3018 1198 3085 Ὃδή
1215 3038 1257 3089 μοι
1268 3019 1365 3072 πάντων
1379 3017 1496 3084 πλείστην
1509 3015 1613 3088 ἀθυμίαν
1627 3020 1764 3089 παρέσχεν,
1779 3020 1867 3074 ἅπαντ’

258 3097 495 3169 κατεπαγγάλλεται.
532 3097 789 3171 Εἰδὼςδδίαυτῷτδν
803 3098 880 3170 λόγον
893 3099 1043 3154 ἐπικίνδυνον
1091 3097 1170 3168 «ἐρῶ
1184 3097 1369 3169 πρδςύμάςκαί
1383 3096 1427 3149 ούκ
1447 3095 1628 3167 ἀποτρέψομαι,
1642 3100 1693 3162 δτι,
1707 3098 1807 3152 πολλῶν
1828 3101 1872 3154 καί

258 3175 319 3229 ὄντα
330 3176 372 3230 καί
385 3175 523 3247 σφαλερόν,
536 3178 639 3249 τῷτοίυς
662 3177 795 3240 ἀκούοντας
814 3176 847 3250 μή
866 3177 953 3249 βρδίως
968 3199 1045 3250 παρα·
1091 3198 1102 3227 ι
1124 3177 1240 3248 μεγάλων
1261 3178 1302 3229 καί
1320 3177 1403 3229 καλῶν
1423 3177 1502 3228 όντων
1519 3173 1554 3229 ὧν
1572 3177 1741 3247 συμῦουλεύω,
1757 3184 1805 3231 τῶν
1826 3178 1870 3248 μὲν

258 3254 373 3324 δέχεσθαι
388 3255 479 3322 ταύτην
496 3253 542 3321 τὴν
562 3256 683 3328 γνώμην,
698 3255 787 3322 ήθικῶς
804 3256 953 3328 εἰσηγεῖται,
963 3257 1043 3320 ,ἀξιῶν
1091 3278 1102 3307 ι
1123 3258 1209 3310 ἀλλων
1221 3257 1319 3319 ούδενδς
1338 3256 1416 3318 ούδείς
1431 3256 1567 3326 μέμνηται,
1580 3260 1634 3309 τοῖν
1648 3259 1716 3310 δυοῖν
1734 3257 1756 3309 δ’
1766 3257 1871 3311 όῦολοῖν

258 3331 390 3401 ἐκκλησίαν
403 3331 535 3387 ἀποδοῦναι
546 3335 601 3404 περὶ
613 3336 714 3399 τούτου,
726 3336 769 3387 ἵνα
779 3335 820 3388 καί
834 3335 895 3408 λίγη
909 3337 950 3389 καί
962 3337 1043 3408 λέγων
1091 3362 1103 3383 ι
1121 3338 1223 3399 πάντες·
1244 3359 1254 3387 ι
1273 3336 1440 3406 αἰνιττόμενον
1452 3336 1490 3388 ὅτι
1503 3335 1562 3405 πίάί
1573 3332 1618 3401 ῖθί
1629 3336 1702 3389 αθῖῡῦ
1724 3335 1814 3407 βῡνλθί
1831 3339 1872 3388 5⁰·

258 3413 322 3485 δοκῇ
332 3412 365 3484 μή
378 3412 471 3484 λίγειν.
508 3413 544 3485 ᾞ
566 3414 610 3485 μίν
630 3414 680 3485 γάρ
704 3414 747 3467 οθκ
768 3415 948 3486 ἀποφαίνεται,
962 3419 1044 3488 πόρρω
1087 3417 1257 3487 σχεραίνουσι,
1272 3414 1368 3485 μᾶλλον
1378 3413 1404 3465 δὲ
1417 3411 1473 3466 ούδέ
1484 3411 1593 3466 ἐθέλουσι
1610 3413 1871 3485 μεμνήσθαι,λαμόά-

259 3493 393 3559 καθίστηκε
407 3496 451 3546 τοῦ
465 3494 638 3565 προσκρούειν·
651 3488 667 3565 ᾖ
683 3492 709 3547 δί
725 3493 752 3546 ού
766 3495 894 3565 σεσίγηκε,
909 3497 985 3569 ταύτῃ
997 3516 1044 3550 πα·
1088 3514 1137 3548 νειν
1151 3494 1193 3566 μέν
1209 3493 1400 3557 ἐσπουδακότας,
1415 3492 1529 3562 πράττειν
1541 3493 1569 3544 δέ
1583 3510 1607 3544 τι
1618 3498 1667 3545 τῶν
1686 3491 1825 3563 ἀναγκαίων
1841 3492 1871 3544 ού

258 3574 368 3644 ρήνεσεν.
411 3571 572 3643 Ἆπαλλαγείς
599 3571 625 3626 δέ
653 3576 699 3626 τοῦ
728 3574 858 3644 προοιμίου
884 3574 926 3629 τόν
952 3576 1044 3630 σκοπόν
1087 3574 1301 3644 προαιρουμένους.
1339 3570 1404 3625 Εἰτα
1415 3571 1538 3641 συγκρίνει
1554 3568 1598 3636 τὴν
1614 3570 1701 3624 ἐαυτοῦ
1712 3568 1869 3642 συμόουλὴν,

259 3652 353 3722 ἀθρόως
367 3650 439 3715 εἰπε,
454 3655 497 3718 τῆς
511 3650 661 3722 εἰσηγήσεως
678 3650 787 3704 ἐντεῦθεν
804 3651 947 3724 ἀρξάμενος·
965 3675 976 3705 ι
994 3655 1044 3726 ἐγὼ
1087 3653 1120 3715 όις
1135 3651 1160 3704 ἐν
1184 3655 1330 3723 συμφέροντι
1343 3650 1468 3721 κεφαλαίῳ
1482 3650 1541 3720 πρδς
1563 3649 1592 3702 τδ
1607 3648 1655 3703 ἀπδ
1668 3656 1716 3703 τῶν
1736 3650 1870 3703 διαδόσεων

260 3752 274 3781 ε
295 3731 321 3782 δὲ
335 3730 399 3801 φημί
409 3731 461 3783 δεῖν
475 3730 534 3800 (καί
548 3749 590 3801 μοι
605 3727 638 3801 μὴ
656 3729 806 3800 θορυθήσητε
819 3730 854 3802 ἐφ’
868 3728 890 3804 ᾧ
905 3733 989 3803 μέλλω
1003 3735 1044 3788 λέ·
1088 3730 1129 3783 καί
1143 3732 1269 3801 διανομῶν
1285 3731 1385 3800 κέρδος,
1398 3727 1461 3799 όμοῦ
1476 3727 1519 3798 μέν
1533 3727 1625 3789 κάλλος
1638 3726 1762 3797 ἀμύθητον
1774 3745 1873 3797 προστι·

261 3830 274 3858 ε
295 3809 368 3880 γειν)
382 3810 429 3881 (p.
449 3814 508 3875 167,
522 3812 566 3878 ή).
584 3831 595 3858 ν
612 3809 660 3861 Καί
676 3809 727 3861 ἔστι
740 3814 813 3862 τοῦτο
827 3813 870 3864 τοῦ
884 3814 1045 3883 συμφέροντος
1088 3809 1136 3871 θείς
1149 3809 1279 3881 τῷλόγῳ,
1295 3808 1358 3878 όμοῦ
1369 3807 1395 3859 δὲ
1406 3805 1484 3868 αύξων
1495 3806 1522 3860 ἐκ
1533 3810 1576 3873 τῆς
1587 3807 1733 3875 συγκρίσεως
1744 3803 1789 3871 τήν
1803 3804 1871 3871 εἰσή-

258 3887 391 3958 κεφαλαίου
412 3887 523 3954 ἐπιόολή.
562 3886 627 3941 Εἰτα
647 3886 776 3942 ἀντέπεσεν
795 3889 862 3952 εύθύς
875 3895 906 3962 τῇ
926 3891 1042 3966 ἐπιβολῇ,
1087 3905 1170 3955 ww·
1183 3886 1288 3956 ssapwu
1304 3883 1405 3938 ῧίῡθίἐί
1418 3877 1491 3947 ἧττον
1505 3881 1532 3935 3²
1544 3888 1593 3936 τῶν
1608 3881 1750 3953 ἰῑῖῡμόίωί
1763 3881 1869 3952 ἇίρῆΰῑῑ

258 3967 301 4020 καί
320 3968 386 4029 τίνος
405 3967 476 4020 ἐνεκα
492 3967 675 4039 βουλευσόμεθα
696 3968 751 4039 περί
764 3974 914 4039 παρασκευῆς
936 3971 1044 4044 πολέμου
1088 3967 1126 4017 δτι
1138 3965 1197 4037 πρδς
1207 3965 1380 4018 ἀντιπίπτοντα
1390 3961 1513 4028 ἀπήντηκε
1522 3962 1564 4014 τδν
1577 3960 1670 4031 λόγον,
1686 3960 1724 4013 ότι
1735 3959 1830 4031 ἀρκέσει
1840 3960 1870 4013 τδ

259 4045 302 4099 καί
314 4045 460 4110 συντάξεωςς
475 4046 510 4097 ἵν’
519 4039 563 4099 σύν
576 4047 605 4099 τδ
627 4045 720 4099 λυποῦν
740 4045 861 4119 διαλύσῃ,
875 4046 983 4103 ἀπέδωκε
999 4049 1044 4115 τὴν
1087 4046 1221 4117 λαμόάνειν
1230 4043 1352 4116 μόνον·σίι
1361 4042 1388 4094 δὲ
1395 4040 1490 4112 ἐργώδη
1498 4040 1539 4092 καί
1548 4040 1676 4111 ἀσύμφορα
1685 4039 1868 4110 συμύουλεύεις.

259 4123 340 4177 αἰτίαν
353 4123 421 4186 εύθίνς
434 4123 520 4178 εἰπών·
540 4145 551 4173 ι
566 4125 625 4189 ίνα,
640 4121 662 4178 ἀ
676 4122 813 4193 Ἀθηναῖοι,
824 4130 873 4178 τῶν
889 4125 988 4197 ἀγαθῶν
1002 4128 1045 4191 τάς
1087 4126 1161 4184 Met&
1172 4124 1239 4179 ταῦτ’
1249 4123 1329 4190 ἀλλην
1343 4122 1458 4174 δπόνοιαν
1474 4120 1580 4191 ἀνῄρηκε
1592 4119 1715 4185 τοιαύτην·
1730 4117 1796 4171 Ἀλλ’
1809 4119 1871 4169 όταν

261 4227 275 4255 ε
295 4203 394 4266 ἐλπίδας
404 4204 435 4256 δι’
449 4203 517 4275 ύμῶν
532 4203 610 4257 αύτιῖιν
623 4202 715 4274 ἔχητε,
729 4204 771 4258 καί
790 4203 823 4277 μή
842 4206 884 4259 τόν
900 4207 970 4260 δεῖνα
986 4228 1045 4262 πυν·
1087 4206 1181 4276 ἀνάγκη
1196 4205 1296 4275 γένηται
1308 4202 1350 4253 καί
1363 4201 1435 4270 χρεία
1456 4200 1560 4264 τούτων,
1576 4199 1632 4252 τότε
1653 4198 1708 4269 περί
1719 4200 1873 4267 παρασκευῆς

262 4304 275 4334 ι
296 4285 401 4351 θάνησθε
415 4283 440 4337 τί
450 4284 564 4354 πράττει·
581 4281 730 4350 υάντίτοῦ,
742 4285 786 4337 ἵνα
797 4287 983 4356 στρατευόμενοι
995 4293 1044 4340 τῶν
1088 4285 1278 4356 βουλευσόμεθα.
1313 4281 1413 4347 Ταύτην
1430 4279 1474 4331 ούκ
1488 4278 1560 4345 ἔθηκε
1577 4277 1631 4349 μίν,
1653 4276 1725 4332 έλυσε
1743 4275 1770 4329 δέ
1788 4274 1870 4328 ἐπενε-

260 4362 361 4436 ἀγαθῶν
371 4363 587 4435 μεταλαμθάνητε.
625 4362 672 4416 1ίαί
686 4363 711 4415 αἰ
725 4364 872 4418 κατασκευαί
882 4364 925 4435 μέν
940 4363 1044 4420 ἀπδτοῦ
1087 4367 1177 4435 γκιόν(
1184 4382 1210 4434 p.
1230 4367 1295 4433 169,
1313 4362 1370 4429 13)·
1388 4361 1441 4411 εάν
1458 4358 1500 4429 μὲν
1514 4358 1637 4429 ὓμνῖννῦί
1650 4357 1762 4421 πεισθίἰτε
1776 4354 1870 4406 ῐθθῖω*

233 4496 234 4500 ,
259 4445 376 4496 δυνατοῦ·
389 4442 417 4495 ού
432 4440 520 4514 μήντδ
536 4444 642 4497 δυνατόν
656 4441 706 4497 ἰστι
723 4441 1044 4515 κεφαλαιον,ἀλλ’ἐστιτδ
1091 4443 1201 4513 ικαιρδν
1222 4439 1304 4506 εἶναι,
1325 4440 1384 4492 όταν
1403 4437 1481 4490 αύτῶν
1500 4436 1533 4498 εἰς
1551 4437 1637 4507 χρείαν
1662 4434 1766 4500 ἔλθητε,
1783 4433 1871 4503 ἀτοιμα

261 4522 399 4592 συμφέρον,
412 4522 446 4584 ὼς
465 4521 566 4593 ἔφαμεν.
603 4520 661 4574 Ὅτι
673 4520 721 4593 γάρ
738 4519 787 4593 χρή
807 4522 862 4593 περί
880 4525 924 4574 τοῦ
940 4522 1045 4577 δυνατοῦ
1091 4522 1227 4592 ιθπάρξει·
1251 4519 1293 4573 ἐίιν
1313 4520 1335 4570 δ’
1349 4517 1460 4589 ἀκαιρίαν
1480 4515 1633 4587 ἡγησάμενοι
1654 4513 1786 4584 παρίδητε,
1809 4512 1870 4564 όταν

261 4601 457 4672 βουλεύσασθαι,
476 4606 550 4656 τοῦτο
565 4601 647 4664 αύτοῖς
660 4601 814 4667 ἀποτίθεται,
828 4602 863 4664 όις
875 4601 920 4667 τὴν
936 4601 979 4673 μίν
997 4622 1044 4657 πα-
1090 4603 1159 4675 «δέη
1174 4600 1295 4672 χρῆσθαι,
1309 4600 1364 4653 τότε
1378 4596 1592 4668 ἀναγκασθήσεσθε
1608 4593 1868 4673 παρασκευάζεσθαι.»

260 4684 351 4753 ροῦσαν
373 4681 500 4750 θποθήκην
517 4686 561 4736 τοῦ
575 4683 739 4754 συμφέροντος
753 4680 833 4747 εἰναι,
850 4680 918 4735 τθδέ
940 4684 1045 4752 γενησό·
1089 4681 1159 4751 Ἄχρι
1176 4680 1219 4751 μέν
1239 4677 1269 4744 δὴ
1284 4679 1370 4731 τούτου
1385 4676 1543 4746 πεπλήρωται
1558 4672 1624 4745 αύτῷ
1640 4672 1670 4725 τό
1681 4670 1813 4741 mnam
1828 4673 1872 4735 ῐῆς

262 4777 338 4828 μενον
356 4758 411 4830 περί
424 4760 517 4813 τούτων
530 4757 567 4819 ὧν
580 4761 688 4831 κρίνουσι
700 4766 744 4814 τοῦ
757 4762 869 4816 δυνατοῦ.
907 4758 972 4813 Εἶτα
984 4761 1044 4815 ύπό-
1088 4760 1246 4830 εἰσηγήσεως,
1258 4758 1323 4811 δδιά
1333 4761 1377 4810 τοῦ
1389 4758 1550 4828 συμφέροντος
1558 4752 1754 4824 συμπεραίνεται.
1766 4749 1873 4802 Εἰσόάλ·

262 4856 331 4891 νοεαν
347 4837 417 4902 εύθδς
424 4839 505 4907 ἀλλην
519 4839 630 4910 ἀναιρεῖ,
643 4841 683 4893 δτι
696 4838 754 4892 ἀλλ’
770 4838 864 4911 ἀρκέσει
881 4845 930 4893 τῶν
943 4838 1044 4908 ξίνωνή
1088 4839 1126 4891 λει
1137 4838 1163 4892 δὲ
1174 4837 1261 4892 λοιπδν
1273 4836 1306 4898 εἰς
1314 4837 1417 4902 δίκαιον,
1432 4836 1556 4906 σύγκρισιν
1567 4830 1628 4903 ἰχον
1640 4836 1689 4883 τῶν
1698 4829 1785 4882 ἑαυτοῦ
1797 4828 1871 4881 πολι·

261 4917 377 4989 &myth
393 4918 526 4990 ἐπαγαγὼν
545 4920 603 4991 πρός
623 4918 698 4986 &dv
720 4918 865 4990 τηλαυγῶς,
888 4940 901 4968 ε
917 4920 1045 4989 στρατεύε-
1088 4919 1213 4989 τευμάτων
1227 4917 1269 4970 καί
1282 4922 1331 4970 τῶν
1343 4914 1553 4985 ἀντιτεταγμένων
1564 4912 1606 4965 καί
1619 4908 1870 4978 ἀντιπολιτευομένων

263 5018 277 5046 ι
298 4999 354 5050 σθαι
365 4997 391 5051 δί
403 4997 501 5060 ἰαυτοίυς
509 4999 551 5052 καί
561 4999 648 5070 μηδενί
660 4999 746 5053 τούτου
759 5000 917 5069 παραχωρεῖν
928 5000 966 5069 (p.
983 5003 1043 5067 167,
1089 4996 1154 5068 αύτῷ
1168 4996 1201 5060 ὡς
1218 4995 1244 5049 ἐν
1267 4994 1428 5066 παρεκῦάσει,
1443 4992 1592 5064 βουλόμενος
1608 4990 1640 5043 δι’
1659 4987 1733 5054 αύεῆς
1752 4989 1872 5051 συστῆσαι

263 5098 276 5124 ιι
301 5078 364 5148 ιθ).
381 5099 391 5127 ι
407 5078 454 5130 Καί
467 5079 566 5149 ἕτερον,
579 5081 618 5133 ότι
636 5080 676 5133 δεῖ
690 5102 701 5129 ι
717 5077 763 5146 τὴν
780 5077 882 5148 δύναμιν
896 5082 939 5143 τῆς
951 5078 1046 5141 πόλεως
1088 5076 1224 5147 ότιάριατα
1237 5073 1438 5146 συμύεόούλευκε.
1478 5071 1525 5123 Καί
1535 5069 1582 5141 γάρ
1594 5069 1636 5121 καὶ
1645 5066 1671 5121 ἐν
1686 5064 1798 5138 τῷκατά
1810 5064 1872 5115 δίει-

263 5178 276 5205 ι
295 5157 387 5210 οἰκείαν
406 5156 471 5212 είναι
484 5161 717 5230 κατεσκευασμένην.
737 5179 747 5207 ε
769 5156 815 5209 ίίαί
829 5153 874 5221 τὴν
886 5154 966 5209 αἰτίαν
978 5155 1046 5221 εύθύς
1087 5160 1140 5211 δίου
1153 5157 1237 5228 λόγῳ,
1254 5155 1403 5226 βουλόμενος
1414 5151 1514 5217 αύξῆσαι
1525 5148 1570 5215 τήν
1585 5148 1733 5218 κατηγορίαν
1746 5147 1798 5204 ταῖς
1807 5142 1871 5194 κατὰ

264 5238 407 5309 προστίθησι
422 5239 454 5290 δι’
468 5239 499 5306 ἢν
513 5237 648 5309 ἀναγκαῖον
664 5236 728 5292 εἰναι
746 5239 788 5305 τῆς
804 5235 900 5298 πόλεως
914 5233 959 5303 τὴν
976 5237 1046 5291 δύνα-
1088 5237 1191 5293 Μειδίου
1202 5235 1342 5299 διαῦολαῖς,
1355 5233 1468 5293 πλείονας
1479 5229 1592 5297 ἀνήλωκε
1604 5229 1693 5300 λόγους
1707 5225 1734 5279 έν
1744 5227 1774 5295 τῇ
1784 5240 1869 5294 παρεκ-
