3967 5967
725 467 761 527 X.
784 466 887 528 ΚΑΤΑ
908 466 1102 529 ΦΙΛΙΠΠΟΥ
1123 470 1157 526 Δ.
1686 477 1742 527 569

135 605 261 675 φέροντος,
279 601 320 657 καλ
332 607 367 673 τῷ
380 601 475 673 αἰσχρῷ
486 600 589 654 ἐνταῦθα
602 603 807 672 προσχρώμενος,
823 601 916 662 δεικνύς
961 602 1156 668 καθεστηκότων.
1207 598 1254 653 Ἵν’
1272 594 1315 653 ούν
1335 599 1430 672 ἀφορμὴ
1445 602 1545 673 γένηται
1563 601 1629 674 αύτῷ
1647 602 1744 673 μᾶλλον

136 685 196 750 δσην
209 682 328 751 αἰσχύνην
338 680 473 751 ύφλήσουσι
485 681 527 733 καλ
540 680 638 751 γέλωτα
651 680 846 751 βφθυμήσαντες·
862 680 917 734 εἶτα
961 680 1153 750 προτρέψασθαι,
1170 679 1234 732 ούτω
1249 676 1293 744 τήν
1309 679 1429 731 ἀντίθεσιν
1445 681 1636 751 μετεχειρίσατο.
1675 680 1744 747 Πλη-

136 761 184 816 ἀπδ
200 766 242 829 τῆς
250 761 349 831 κρίσεως
361 765 405 813 τοῦ
419 758 537 830 πολεμίου
551 758 691 823 Φιλίππου,
703 761 741 812 ὅτι
750 758 842 820 ἐκεῖνος
848 758 917 813 ούδέν
962 759 1040 826 ρώσας
1053 757 1078 809 δέ
1089 757 1118 809 τδ
1132 758 1251 827 συμφέρον
1264 759 1361 810 τοῦτοδ
1378 756 1547 829 ἀντεπήγαγεν
1564 757 1597 820 εἰς
1614 758 1683 810 λύσιν
1702 763 1745 824 τῆς

135 841 200 892 ἀλλο
215 860 238 893 τι
251 841 281 892 ἀν
294 838 387 901 εὔξαιτο
400 839 479 892 ποιεῖν
498 835 542 903 τήν
557 836 639 891 πόλιν.
677 837 813 907 Πληρώσας
828 837 854 889 δέ
874 837 917 890 τδν
963 835 1120 899 ἀντιθέσεως,
1141 838 1324 907 προοιμιάζεται
1344 837 1431 890 λοιπδν
1444 837 1503 909 ύπλρ
1518 843 1560 891 τοῦ
1571 838 1649 891 ἀλλου
1661 840 1745 908 μέρους

136 918 252 991 ἐπίλογον
279 919 382 990 άργεται
398 921 441 971 τοῦ
463 918 584 980 δυνατοῦ,
609 915 678 969 ἀνενε
668 917 747 985 εγκὼν
775 914 814 969 ἰπί
837 914 916 986 ἀρχὴν
962 920 1006 968 τοῦ
1024 918 1137 969 δυνατοῦ.
1175 916 1268 977 Σκοπδς
1284 915 1331 987 γάρ
1353 915 1418 987 αύτῷ
1432 916 1518 970 λσιπδν
1536 917 1646 971 ἐντεῦθεν
1663 917 1745 969 διαλε·

135 998 294 1070 ἀρχαιοτέραν
309 1000 351 1052 τδν
364 998 454 1069 λύγον,
466 996 554 1049 άπδ
525 1014 568 1062 της
580 994 668 1056 λέξεως
682 996 769 1095 ταύτης
782 994 827 1060 τὴν
837 994 916 1065 ἀρχην
962 995 1053 1063 χθηναι
1064 994 1119 1064 περ
1134 998 1194 1060 τῆς
1187 994 1245 1065 τρδς
1260 995 1403 1090 βασιλέαπρ
1405 995 1470 1047 τοῦτ’
1450 1015 1506 1056 ειας.
1545 996 1669 1048 Πάλαιδὲ
1660 1015 1744 1066 επρο·

136 1081 298 1151 ποιησάμενος
317 1082 365 1152 (p.
393 1080 454 1145 137,
471 1077 564 1146 1)·ιι
554 1074 648 1127 ιουδὲν
669 1076 780 1138 πώποτε,
796 1070 818 1128 ὦ
835 1076 919 1173 ἀνδρες
963 1073 1102 1144 διῳκήσατο
1121 1072 1243 1144 ἑαυτῷ
1220 1092 1264 1138 την
1272 1073 1340 1171 περὶ
1359 1074 1446 1126 τούτου
1466 1075 1542 1126 πειθώ
1594 1072 1642 1205 Ἀφ’
1657 1070 1746 1144 ουγάρ

138 1158 309 1227 ιἈθηναῖοι,
327 1164 376 1211 τῶν
389 1157 541 1228 πραγμάτων
554 1153 578 1216 έξ
597 1153 674 1224 ἀρχῆς
686 1153 833 1220 ἐνεστήσασθ
836 1173 847 1206 ε
862 1154 918 1207 οὐδὲ
962 1151 1051 1222 ἤρξατο
1064 1153 1280 1225 συμβουλεύειν
1254 1156 1337 1215 αυτοῖς
1353 1172 1384 1204 κα
1384 1116 1562 1223 λδιαλέγεσθάι
1573 1173 1617 1223 περ
1618 1154 1735 1207 λτοῦδε
1710 1173 1746 1205 ειν

138 1236 374 1291 κατασκευάσεσθε
386 1234 504 1304 ὀρθῶς
491 1231 549 1284 »EA
565 1232 591 1285 δὲ
612 1230 654 1283 καλ
669 1248 868 1325 συμπαρομαρτει
886 1235 918 1303 τῇ
963 1231 1078 1303 εἰσφέρειν
1100 1232 1141 1285 καλ
1163 1234 1382 1294 κατασκευάζεσθαι
1414 1234 1550 1331 στράτευμα
1578 1234 1619 1286 καλ
1644 1235 1747 1330 τριήρεις

136 1314 239 1386 ἐργασίᾳ
264 1317 308 1367 τοῦ
328 1311 461 1382 κεφαλαίου
479 1329 567 1364 τουτου
574 1349 582 1375 ,
597 1308 664 1379 λέγω
679 1312 722 1361 τοῦ
749 1309 869 1373 δυνατοῦ,
889 1308 918 1362 τδ
963 1312 1099 1374 καλίππους
1112 1312 1211 1364 καλδσα
1225 1316 1339 1375 τοιαῦτα,
1355 1308 1472 1378 δῆλοςῆν
1486 1311 1573 1366 λοιπὸν
1588 1312 1668 1364 διά
1644 1332 1688 1379 την
1699 1319 1746 1366 τῶν

136 1399 273 1467 συμφέρον,
292 1394 334 1448 καλ
348 1395 486 1446 συννοεῖται
501 1393 554 1454 το”ς
566 1391 721 1460 λεγομένοις
741 1388 837 1441 ούδένθ
798 1407 917 1459 ναυμα-
963 1390 1098 1458 χρημάτων
1120 1388 1250 1459 εἰσφορὰν,
1273 1390 1314 1441 καλ
1342 1390 1425 1458 ἕτερον
1447 1390 1478 1440 δι’
1503 1389 1583 1460 ἐτέρου
1607 1391 1744 1460 προανύων.

136 1479 210 1530 στύν·
227 1476 328 1543 σύνηθες
341 1473 388 1545 γάρ
403 1472 473 1545 αύτῷ
495 1472 526 1526 τά
538 1472 658 1542 κεφάλαια
677 1470 784 1524 πλέκειν.
822 1469 880 1523 Οτι
893 1470 919 1523 δί
966 1467 1031 1523 Ἀλλ’
1058 1470 1111 1524 ἐκεῖ
1138 1471 1180 1541 μέν
1214 1477 1250 1541 τῳ
1274 1472 1355 1524 δοκειν
1380 1470 1548 1540 ἁπλούστερον
1575 1471 1746 1523 συνεδούλευεν

135 1558 278 1628 τῷδυνατῷ
290 1554 387 1626 μᾶλλον
400 1554 589 1625 πρφσκεχωρηκε
599 1550 676 1618 δῆλον
687 1548 754 1603 Ax
723 1570 771 1604 των
782 1550 916 1621 ἐχομένων
964 1549 1048 1611 αύτοῖς
1066 1550 1296 1619 παρασκευάζεσθαι
1326 1549 1545 1619 προκατασκευάζει
1571 1548 1598 1601 δὲ
1618 1548 1686 1601 οὐδὲν
1701 1543 1746 1613 At-

138 1634 205 1696 εύθυς
218 1634 266 1706 γάρ
280 1633 352 1687 ἔλυσε
371 1633 413 1686 καλ
434 1629 620 1701 ἀλθυποφοράν,
637 1629 665 1681 ού
679 1627 767 1690 θελς
741 1648 784 1700 μεν
800 1627 875 1694 αθτὴν
893 1627 919 1681 Aa
964 1649 1008 1683 τον
1022 1630 1101 1701 έαυτῷ
1121 1628 1164 1695 τήν
1189 1630 1299 1698 ἀνάγκην
1319 1634 1363 1682 τοῦ
1383 1630 1510 1694 πεισθῆναι
1531 1628 1616 1691 αύτούς
1636 1650 1664 1683 πε
1667 1630 1735 1701 ρί
1705 1650 1748 1725 της

136 1719 259 1785 φανεροῦ,
271 1713 385 1780 δηλωσας
395 1711 422 1765 ολ
438 1692 541 1763 διάτων
555 1710 664 1761 λύσεων
678 1706 753 1761 Ἀλλὰ
766 1708 920 1778 δυνησόμεθα
964 1728 1023 1779 προς
1037 1685 1138 1778 βασίλέα
1151 1708 1287 1779 πρεσβείας.
1307 1709 1337 1761 Τί
1350 1707 1397 1779 γάρ
1407 1703 1437 1775 ήν
1450 1707 1584 1761 ύπύλοιπον
1599 1728 1677 1761 ποιειν
1693 1729 1749 1772 τους

31 1822 34 1829 ·
139 1795 260 1864 βοηθείαις
278 1795 404 1864 χρώμενοι
427 1789 531 1845 κωλύειν
546 1788 651 1842 ἐκεῖνον.
692 1784 791 1851 Ἐπειδὴ
809 1786 881 1857 γάρ
873 1786 920 1857 ,ρδ
965 1785 1176 1859 ἀναγκαζομένους
1198 1787 1241 1859 μέν
1263 1790 1395 1859 παρέχειν,
1418 1785 1450 1857 μή
1474 1786 1577 1857 ἔχοντας
1601 1788 1641 1851 δέ,
1662 1789 1747 1854 Amt-

139 1874 243 1943 βραχέος
253 1871 397 1943 ἐχρήσατο
388 1890 413 1925 εν
427 1876 463 1941 τῷ
474 1869 579 1922 τέλει
550 1886 592 1933 της
603 1868 737 1928 λύσεως
706 1886 750 1933 της
762 1885 806 1919 του
791 1866 920 1937 νομίμου
967 1866 1049 1921 θέσθαι
1065 1874 1100 1941 τῷ
1114 1868 1281 1922 ύποδεικνύντι
1294 1869 1373 1940 πύρον
1397 1867 1487 1919 ἀλυτον
1509 1867 1551 1920 καλ
1571 1867 1676 1938 ἀζήμιον
1697 1875 1749 1930 τοῖς

139 1951 296 2015 ἀντιθέσεως,
315 1955 359 2016 τῆς
373 1945 598 2020 λιγούσηςδεῖν’
572 1946 646 2000 αυτδν
660 1947 760 2017 γράφειν
776 1965 819 2017 περ
819 1945 920 1999 λπολέ-
965 1946 1089 2013 πολίταις;
1114 1947 1222 2001 ἐντεῦθεν
1247 1948 1338 2019 δμοίως
1362 1945 1531 2018 έρρητθρευσεν
1553 1945 1627 1999 έκ
1597 1967 1641 2014 της
1665 1946 1750 2008 λέξεως

141 2050 188 2101 μου
200 2031 327 2102 ψήφισμα,
339 2032 513 2100 προτροπῇτιν
514 2020 681 2097 λέπιλογικῇ,
700 2025 841 2095 λέγων’μ.
859 2025 919 2094 137,
965 2027 1053 2094 ταύτης
1073 2026 1118 2094 τήν
1134 2026 1250 2093 έπιδολὴν
1271 2026 1435 2097 ποιησάμενος
1449 2031 1492 2096 (p.
1515 2026 1574 2089 138,
1590 2027 1697 2095 23)·«
1714 2026 1749 2076 Τὸ

141 2110 238 2177 mom
248 2109 411 2168 κατασκευάζ
413 2108 468 2159 σθαι
477 2107 614 2177 στράτευμα
623 2124 654 2158 κα
654 2104 776 2167 δπλίτας
787 2105 828 2157 καλ
838 2104 980 2166 ίππέας
969 2106 1041 2176 μέν
1052 2107 1150 2171 τοίνυν
1168 2102 1285 2176 ὦάνδρες
1297 2104 1434 2172 Ἀθηναῖοι,
1449 2104 1507 2174 πρδς
1516 2103 1547 2157 τά
1564 2111 1664 2159 τοιαυτα
1674 2106 1748 2173 δκνν

140 2189 207 2242 καίτ
209 2190 261 2259 ριήρ
263 2207 311 2249 εις,
324 2187 364 2238 διά
378 2205 450 2239 τουτο
461 2186 503 2239 καλ
516 2184 649 2255 προέλαδεν
662 2183 731 2237 ἔκ
702 2203 745 2250 της
754 2182 900 2250 εἰσδολης
876 2203 920 2249 την
969 2187 1163 2254 ιρῶςδιακεῖσθ
1166 2205 1230 2237 αι.»
1248 2184 1312 2252 AAtA
1330 2187 1373 2255 μέν
1392 2184 1484 2249 ἰστινῆ
1502 2183 1600 2250 εἰσύολὴ
1615 2205 1658 2239 του
1672 2187 1749 2255 λόγου

140 2266 220 2321 λύσιν.
259 2266 358 2318 ίίαλνῦν
373 2263 761 2337 ύμοίωςφανερώτερονπρδςτὴν
776 2262 921 2330 αύτήνάπο·
966 2268 1009 2315 τοῦ
1024 2284 1051 2317 πε
1054 2265 1278 2335 ρλτῆςπρεσδείος.
1320 2262 1496 2335 Ρητορεύειδέ
1510 2263 1550 2315 διά
1564 2268 1607 2317 τοῦ
1621 2266 1749 2335 προοιμίου

142 2348 249 2417 μάχεται
271 2345 401 2415 λέγων,ι
391 2344 468 2397 ιούκ
492 2343 570 2397 ἔνεστι
595 2344 716 2413 βοηθείαις
736 2342 917 2414 χρωμένους
893 2363 922 2396 ου
966 2341 1110 2415 αἰτιώμενος
1125 2344 1163 2396 δτι
1180 2342 1213 2414 μὴ
1236 2343 1366 2413 βούλονται
1387 2342 1482 2397 ἀκούειν
1503 2343 1557 2412 περλ
1575 2340 1610 2395 ὧν
1628 2343 1748 2416 ἀνλέγῃ,

143 2428 225 2481 ιδέσν
240 2446 263 2480 τι
279 2424 404 2497 πρᾶξαι.»
393 2424 478 2477 νλίία
496 2409 574 2520 ἀλλμς
588 2423 613 2477 δέ
638 2423 752 2485 ύπονοίας
780 2420 921 2494 ἔλυσε,μή
966 2423 1189 2493 προκαταλαμύάνο
1189 2441 1211 2473 ιν
1233 2421 1310 2494 έαοτῷ
1332 2422 1375 2476 τδν
1397 2422 1428 2474 ἀκ
1430 2420 1519 2493 ροατὴν
1533 2362 1584 2474 ρκαλ
1603 2421 1749 2493 ἀναγκάζων

139 2507 304 2577 διαφθείρηται
327 2504 419 2575 τάχρή
422 2521 503 2574 ματα,
525 2501 573 2634 μὴὶ
585 2504 664 2574 μάτην
683 2502 817 2573 ἀναλωθῇ,
836 2498 904 2555 δι”
886 2522 922 2554 ων
966 2519 996 2552 πε
999 2496 1154 2570 ιθαργεῖν
1126 2522 1163 2562 οις
1178 2501 1248 2552 ἀν
1223 2520 1294 2562 αυτος
1315 2501 1486 2571 συμβουλεύοι.
1525 2499 1588 2555 Εἶτα
1606 2501 1648 2554 καλ
1663 2503 1749 2571 προσέ·

96 2578 99 2583 ’
141 2583 195 2640 εἰπε
209 2587 261 2638 δειν
272 2584 360 2654 ταμίας
375 2583 517 2635 καθιστάναι
531 2582 573 2634 καλ
593 2582 684 2651 λύγους
703 2581 838 2652 λαμβάνειν
857 2581 923 2652 παρά
968 2578 1129 2652 πλεξετούτιμ
1108 2582 1232 2633 ωθτιδεῖ
1244 2582 1467 2650 παρασκευάζεσθαι
1485 2580 1583 2644 αύτούς,
1596 2582 1640 2631 ἵνα
1655 2579 1750 2635 ἀντιπε·

140 2669 189 2717 τῶν
212 2668 368 2733 στρατηγῶν.
405 2660 475 2713 ίίίετά
500 2664 577 2713 ταῦτα
595 2660 668 2713 πάλιν
689 2659 737 2713 άπδ
758 2663 803 2712 τοῦ
819 2661 922 2712 δυνατοῦ
968 2657 1053 2719 σύντος
1065 2659 1103 2711 δτι
1114 2660 1326 2720 καλπιοςδυνατον
1337 2661 1569 2729 παρασκευάζεσθαι,
1582 2657 1614 2730 μὴ
1627 2660 1750 2730 ύπαργύν-

141 2741 269 2794 ἀντέπεσεν
284 2739 419 2801 ἀντίθεσις·
443 2737 517 2791 Ἆλλά
535 2737 635 2808 χαλεπά
658 2737 699 2789 καλ
716 2738 811 2808 ἐργώδη
827 2737 919 2807 λέγεις·
968 2754 1018 2788 των
1032 2738 1182 2807 χρημάτων,
1195 2738 1298 2809 εύχερῶς
1310 2738 1324 2790 δ
1335 2740 1390 2809 περλ
1402 2744 1446 2792 τοῦ
1461 2739 1578 2808 βασιλέως
1596 2738 1692 2811 εἰσελθη
1705 2739 1750 2791 λύ-

141 2820 308 2890 Δημύσθενες·
331 2816 440 2871 εἶναιοὲ
413 2816 440 2870 “A
457 2815 531 2883 αύτήν
556 2820 600 2870 τοῦ
618 2817 721 2868 δυνατοῦ
739 2816 817 2906 φαμίν
832 2816 873 2868 διὰ
895 2816 923 2870 τδ
968 2833 1022 2884 γος
1062 2816 1108 2868 Καλ
1123 2823 1158 2888 τῷ
1174 2818 1316 2889 βουλομένῳ
1338 2819 1363 2871 δέ
1382 2820 1512 2871 κατανοεῖν
1531 2818 1633 2872 πλείονα
1654 2819 1748 2871 τούτων

142 2898 308 2969 πραγματείας
317 2895 393 2950 εἰπεῖν
402 2896 443 2949 καλ
457 2897 554 2957 πόνους.
592 2895 686 2991 Σχεδίον
696 2894 777 2965 γάρ
757 2910 786 2946 το
799 2894 832 2965 μὴ
842 2895 923 2966 ῥᾴδιον
969 2891 1078 2963 ἔγκειται
1089 2900 1120 2966 τῇ
1130 2895 1244 2966 ῥητορεία
1255 2916 1298 2948 του
1284 2897 1440 2967 προοιμίου
1454 2896 1540 2950 τούτου
1554 2915 1597 2949 του
1583 2897 1749 2966 κεφαλαίου

144 2975 211 3029 εἰναι
225 2976 254 3028 τδ
268 2979 370 3073 πρᾶγμα
388 2975 517 3045 σημαίνει,
539 2973 568 3027 οἰι
588 2973 635 3045 μὴν
650 2973 806 3040 ἀπήλλακται
820 2978 864 3027 τοῦ
884 2995 924 3046 με·
968 2970 1177 3043 ύποδείγματοςδ’
1194 2974 1321 3028 ἕνεκενά·
1313 2977 1385 3046 ύχρη
1403 2994 1445 3046 μοι
1459 2976 1501 3028 και
1514 2994 1589 3028 ταυ
1592 2976 1709 3042 ,Λῆξιν
1725 2977 1751 3031 δέ
1855 2986 1859 2994 “

143 3059 224 3125 τέχειν
238 3056 279 3109 καλ
297 3060 339 3108 τοῦ
356 3056 531 3126 συμφέροντος
549 3054 591 3106 καλ
610 3058 685 3106 τοῦτο
705 3054 827 3106 δείκνυται
844 3060 924 3125 σαφῶς
970 3048 1044 3103 έλαύε
1057 3053 1124 3104 τουτί
1143 3054 1172 3105 τδ
1191 3055 1319 3124 προοίμιον
1342 3053 1375 3115 εἰς
1392 3054 1481 3120 ταύτην
1495 3053 1540 3119 τήν
1562 3054 1663 3115 λέξινι
1653 3056 1750 3108 «τοῦτ’

144 3134 170 3188 Ax
193 3140 241 3188 τῶν
259 3135 364 3190 λύσεων.
402 3134 449 3187 ίίαί
464 3134 529 3187 έστιν
552 3131 704 3199 ήάντίθεσις
719 3132 761 3202 (p.
778 3135 837 3200 137,
853 3137 983 3201 πολε
972 3128 1094 3197 ήοη
1059 3151 1138 3185 πασαν
1151 3132 1286 3204 έπιοέγεται
1297 3135 1485 3204 κατηγορίαν
1474 3132 1555 3187 »εἰτα
1568 3141 1752 3208 προκατασκεοῇ

146 3237 157 3262 ι
178 3212 209 3266 Εἰ
222 3215 248 3266 δέ
262 3232 298 3287 τῳ
314 3214 385 3266 δοκεῖ
400 3216 477 3265 ταῦτα
491 3212 533 3265 καλ
544 3214 653 3279 δαπάνης
672 3211 767 3278 πολλῆς
785 3212 826 3266 καί
842 3214 924 3266 πόνων
971 3208 1032 3279 μετὰ
1043 3214 1116 3263 τοῦτο
1129 3215 1229 3281 χρῆται·
1249 3234 1260 3259 ι
1278 3211 1348 3281 ύμεῖς
1365 3212 1445 3264 τοίνυν
1460 3211 1511 3265 οὔτ’
1530 3212 1625 3264 ἀκούειν
1640 3215 1695 3283 πρὶν
1709 3216 1750 3280 ἀν,

146 3317 156 3342 ι
173 3293 274 3347 πολλῶν
287 3293 328 3346 καλ
345 3293 511 3364 πραγματείας
520 3289 599 3356 εἶναι,
615 3291 656 3344 καλ
666 3291 724 3362 μάλ’
732 3291 809 3362 ὀρθῶς
820 3293 896 3349 δοκεῖ.
911 3314 921 3343 ι
972 3290 1078 3359 «θεσπερ
1094 3293 1152 3353 νῦν,
1168 3289 1229 3343 αύτά
1240 3294 1306 3362 παρῇ
1319 3290 1349 3342 τά
1366 3292 1513 3367 πράγματα,
1526 3292 1580 3345 ούτε
1596 3292 1752 3361 βουλεύεσθαι

143 3373 239 3440 Ταύτην
254 3371 325 3425 ίλυσε
339 3373 545 3443 τῷσυμφίροντι,
560 3370 637 3432 δείξας
650 3368 816 3441 έργωδέστερα
830 3371 872 3422 καλ
880 3390 926 3441 για·
973 3367 1056 3437 «περὶ
1072 3367 1169 3430 ούδενδς
1187 3368 1287 3422 εἰώθατε
1304 3368 1340 3440 ἐφ’
1359 3368 1470 3440 ἡσυχίας.
1495 3391 1506 3419 ι
1529 3372 1611 3424 Ταῦτα
1632 3374 1679 3443 γάρ
1701 3372 1752 3426 ἔστι

142 3451 269 3521 λεπώτερα
282 3449 313 3503 τά
332 3450 521 3521 συμβησόμενα,
540 3448 561 3502 εἰ
584 3448 617 3520 μὴ
634 3449 689 3510 τούς
708 3448 806 3520 μικρούς
827 3450 926 3512 τούτους
970 3449 1184 3518 προδιοικουμένου
1197 3448 1238 3500 καλ
1256 3452 1537 3518 προκατασκευάζοντος,
1550 3453 1603 3503 δεῖν
1622 3450 1752 3522 ἀνέχεσθαι

143 3529 253 3589 καλτσίις
266 3528 365 3598 ὀλίγους
378 3528 769 3598 ίθελήσαιενύκομεῖναιπόνοος.
809 3528 926 3580 ίίαλάλλσ
970 3526 1085 3596 λέγοντος
1098 3528 1140 3580 καί
1153 3528 1360 3597 συμδουλεύοντος
1376 3530 1430 3599 περλ
1441 3533 1484 3595 τῆς
1496 3531 1620 3600 πρεσθείας
1633 3533 1677 3595 τῆς
1696 3531 1754 3600 πρδς

144 3608 170 3659 δέ
182 3627 206 3659 τι
217 3609 286 3677 μέρος
297 3606 350 3660 λύει
361 3610 405 3672 τῆς
418 3606 491 3672 αύτῆς
502 3606 658 3671 ἀντιθέσεως,
676 3607 734 3676 θπερ
748 3606 776 3660 ού
787 3608 891 3660 τέθεικεν
899 3606 926 3660 ἐκ
970 3607 1013 3659 τδν
1028 3607 1125 3673 Μῆδον.
1173 3608 1208 3660 TA
1228 3608 1404 3673 καταπλήττειν
1427 3609 1454 3662 δέ
1472 3610 1571 3675 αύτούς,
1592 3609 1754 3681 ἀπροαιρέτως

144 3690 188 3739 τοῦ
203 3690 357 3756 προφανοῦς,
371 3686 535 3757 ώσπερίντῷ
547 3687 701 3751 Διοπείθους,
717 3685 801 3757 έκρυίιε
815 3685 851 3751 δέ,
864 3688 926 3739 διότι
972 3683 1075 3753 ἔχοντας
1094 3687 1334 3756 παρασκευάζεσθαι,
1349 3690 1393 3752 τῆς
1414 3686 1488 3753 αύτῆς
1508 3688 1593 3758 έχεται
1617 3687 1752 3758 ῥητορείας.

144 3764 188 3818 οθκ
201 3761 231 3830 ήν
242 3764 396 3835 εύπρύσωπος
406 3763 461 3817 ούδλ
474 3765 574 3826 πιθανδς
587 3764 642 3817 ούδί
656 3764 782 3827 δυνατδςύ
799 3765 854 3834 περὶ
870 3766 925 3817 τού·
971 3764 1042 3836 Ὄσῳ
1053 3765 1101 3836 γὰρ
1113 3768 1143 3818 ἀν
1157 3764 1289 3831 ἐνδείξηται
1309 3765 1406 3835 μᾶλλον
1420 3765 1482 3837 μήτε
1500 3768 1755 3837 παρασκευαζομένους

145 3863 187 3897 του
203 3844 287 3914 λύγος.
325 3842 367 3904 Τίς
386 3842 433 3913 γάρ
456 3842 513 3912 θπίρ
536 3841 673 3913 ἀλλοτρίων
687 3843 767 3896 είλετο
781 3844 925 3896 κινδυνεύειν
973 3845 1034 3914 μήτε
1049 3845 1162 3915 πράττειν
1174 3842 1317 3907 ἐθέλοντας,
1331 3844 1441 3915 τοσούτῳ
1455 3842 1499 3910 τὴν
1516 3844 1594 3897 αἰτίαν
1608 3846 1753 3916 τούτωνφα·

145 3922 186 3973 καλ
199 3922 325 3985 δαπανᾶν,
342 3920 367 3973 αί
379 3921 462 3992 μέντοι
474 3939 503 3990 γε
517 3920 597 3982 λύσεις
609 3920 710 3990 έχοοσαι
723 3921 776 3991 μεθ’
793 3919 884 3974 έαυτῶν
898 3923 926 3975 τὸ
972 3924 1261 3993 νερωτέρανκατασκευάζ
1247 3925 1293 3985 ζ,ει
1307 3923 1373 3993 λέγω
1382 3922 1427 3990 τὴν
1440 3930 1488 3977 τῶν
1499 3926 1633 3996 χρημάτων
1646 3924 1752 3991 ίνδειαν,

146 4001 281 4071 ἀναγκαῖον
294 4006 343 4054 τῶν
357 3999 436 4070 ἔργων
448 3998 682 4070 καλκραννυσαι
658 4018 702 4065 την
713 4001 846 4070 πρότασιν
863 3999 926 4053 εἰκό-
970 4003 1005 4055 ίν’
983 4002 1106 4073 νλύπερ
1123 4002 1240 4072 βασιλέως
1255 4001 1389 4065 ἀκόλουθος
1401 4004 1478 4075 λόγος
1490 4002 1534 4069 τήν
1547 4003 1626 4075 ἀρχὴν
1644 4004 1725 4058 έντεῦθ
1713 4006 1753 4058 θεν

146 4099 191 4140 τως
203 4078 246 4144 τὴν
259 4077 578 4150 παρρησίαντῷσυμδούλῳ
589 4080 744 4150 παρέχουσιν.
785 4078 928 4150 Ἐχρήσατο
971 4080 1048 4153 λάδη.
1089 4078 1159 4134 Ἧδέ
1181 4080 1283 4147 ἰπιδολὴ
1304 4081 1377 4149 αθτής
1397 4082 1529 4154 τῆςείσηγ
1530 4084 1608 4149 ήσεως
1630 4083 1733 4154 μετά“
1709 4103 1754 4149 την

146 4162 206 4227 γοῦν
220 4158 382 4230 θουκυδιδείῳ
400 4152 514 4221 λύσει,
499 4177 559 4230 ῃπερ
574 4159 832 4257 ύΛέσδιοςχρώμενος
845 4161 927 4230 φαίνε-
972 4160 1170 4229 προκατασκευήν
1157 4163 1232 4230 ν(.μ
1251 4162 1418 4229 139,16)ι
1440 4160 1498 4226 δδὴ
1517 4163 1604 4215 λοιπόν
1623 4161 1690 4226 ἰστι,
1713 4163 1754 4214 καλ

147 4256 202 4301 ται,
214 4238 301 4307 ίίτιτῷ
317 4236 455 4307 μλνδοκεῖν
478 4237 536 4308 υπέρ
549 4237 635 4290 ἀλλων
643 4258 695 4310 τη
710 4238 736 4291 οε
750 4237 853 4309 ἀληθεία
869 4239 986 4309 ύπέρι
976 4237 1362 4309 ιπάλαιμλνέδειδιαφεύγειδέ
1371 4238 1478 4293 ουδένῦν
1482 4244 1575 4304 ,τοῦτο
1592 4240 1674 4310 ἀροῦν
1664 4238 1753 4294 ιΕἰτα

147 4275 254 4384 ίγρὶύν
231 4332 260 4366 τα
274 4316 403 4386 γινόμενα.
439 4316 516 4383 Καλὴ
535 4316 604 4378 λύσις
622 4278 768 4386 έίαργήςηι
786 4316 807 4370 εἰ
823 4317 866 4388 μέν
880 4321 927 4389 γάρ
972 4315 1044 4379 αύτδς
1063 4316 1176 4388 έαυτῷ
1153 4336 1196 4382 την
1216 4316 1335 4371 ἀντίθεσιν
1355 4324 1462 4388 φανερῶς
1481 4316 1663 4387 συνομολογεῖ,
1684 4316 1755 4372 ίναύ

152 4416 163 4441 ι
180 4392 231 4445 ἰστί
243 4413 278 4455 τις
294 4392 481 4465 έγγυητήςίγμῖν
496 4397 573 4459 θεῶν,
584 4395 613 4448 ού
626 4396 674 4467 γάρ
689 4395 821 4466 ἀνθρώπων
841 4416 871 4467 γε
889 4399 928 4450 οὐ·
972 4399 1047 4468 λόγος
1061 4397 1215 4467 εὐπρόσωπον
1230 4395 1308 4467 ἀρχὴν
1323 4397 1363 4449 καλ
1373 4395 1488 4463 εἰσβολὴν
1498 4396 1667 4465 προσήκουσαν
1676 4396 1752 4467 λάθῃ.

153 4474 238 4534 ιδείς.
253 4495 264 4521 κ
280 4472 326 4524 Καλ
338 4473 411 4526 πάλιν
425 4475 542 4542 προίὼνδ
555 4475 634 4545 λύγος
643 4476 732 4545 φησίν·
749 4498 759 4523 ι
777 4474 798 4528 εί
816 4475 842 4529 δέ
861 4479 929 4546 πρύῖ-
974 4479 1015 4538 Τίς
1034 4471 1108 4541 οὖνὴ
1127 4474 1310 4544 συνομολογίας
1334 4497 1344 4523 ι
1366 4474 1463 4537 οἰνδενδς
1486 4480 1534 4526 τῶν
1559 4475 1656 4526 πάντων
1677 4474 1754 4537 ούτως

153 4576 164 4600 ι
182 4570 242 4622 σμεν
262 4550 365 4611 ἀπαντες
384 4551 422 4603 δτι
443 4552 495 4619 ὅσῳ
512 4554 540 4603 ἀν
560 4553 681 4606 πλειόνων
697 4553 807 4624 ἐάσωμεν
835 4554 928 4608 ἰκεῖνον
976 4577 987 4603 ι
1002 4554 1035 4615 ὡς
1051 4555 1186 4623 χρημάτων
1203 4553 1243 4603 δεῖ
1255 4555 1285 4623 τῇ
1296 4552 1368 4606 πόλει
1381 4552 1440 4622 πρδς
1458 4553 1545 4607 τὰνῦν
1564 4550 1663 4605 ἰπιδντα
1676 4554 1754 4622 πράγ·

153 4631 292 4697 ιγενέσθαι
311 4629 406 4699 κύριον,
421 4629 529 4701 τοσούτῳ
546 4631 711 4704 χαλεπωτέρῳ
724 4634 766 4686 καί
783 4633 929 4706 ἰσχυροτέρῳ
977 4652 1108 4703 ιματα.»
1148 4631 1180 4682 Ὃ
1197 4630 1246 4701 γὰρ
1262 4630 1392 4697 ἀντέθηκεν
1412 4632 1477 4704 αύτῷ
1493 4632 1508 4685 θ
1524 4630 1658 4702 ἀκροατὴς,
1682 4637 1755 4685 τοῦτο

153 4708 325 4781 ιγρησύμεθα
345 4706 435 4779 ἰχθρδζι,
462 4729 472 4757 ι
499 4707 556 4762 Ἐπί
569 4710 661 4773 τούτοις
679 4711 806 4767 ἀντέπεσεν
825 4713 873 4767 ἀπὸ
887 4719 929 4782 τῆς
973 4711 1104 4782 προλαύὼν
1117 4710 1280 4781 ὡμολόγησεν
1293 4710 1374 4773 αἰετός.
1416 4711 1579 4766 Ἐνδείκνυται
1595 4711 1643 4782 γάρ
1656 4712 1698 4764 καλ
1711 4710 1755 4777 τὴν

150 4790 263 4862 ἐργασίας
286 4791 329 4840 τοῦ
346 4788 509 4858 συμφέροντος
524 4787 627 4842 ύπύνοιά
649 4810 684 4852 τις
703 4792 780 4860 [τοῦ]
796 4792 929 4864 ἀναγκαίου
974 4791 1085 4862 ἀνάγκην
1097 4792 1138 4845 καλ
1154 4790 1198 4857 τὴν
1214 4793 1317 4860 χρείαν,
1334 4794 1376 4845 καὶ
1397 4795 1451 4864 περλ
1465 4800 1512 4846 τῶν
1527 4793 1670 4863 μελλόντων
1685 4792 1754 4863 ἔκφο-

151 4869 239 4922 πάλιν
263 4866 330 4920 Ἀλλ’
352 4868 410 4920 θταν
429 4865 527 4963 ἀνάγκη
544 4869 644 4938 γένηται
659 4869 700 4921 καλ
720 4868 755 4940 ἔφ’
777 4869 842 4941 ἡμᾶς
868 4872 929 4945 ἔλθη
974 4872 1053 4936 δει,ί
1054 4891 1084 4923 να
1102 4870 1196 4942 ἀνάγκη
1219 4874 1308 4937 μείζων
1330 4875 1404 4943 γένητ
1405 4893 1447 4936 αι,
1466 4893 1497 4926 κα
1497 4873 1653 4943 λέκπλαγελς
1675 4891 1711 4941 τῳ
1703 4892 1755 4925 νεε

151 4948 289 5011 Φίλιππος,
304 4946 402 5016 συφής;
412 4949 485 4999 τοῦτο
496 4946 764 5040 γάρ,κατεσκευάζετο
780 4951 818 5004 δτι
827 4952 909 5004 καλ
882 4972 929 5023 γαρ
975 4952 1114 5023 μεγέθει
1083 4969 1131 5004 των
1143 4953 1200 5006 τότε
1209 4956 1287 5007 ὄντων
1299 4954 1341 5004 καλ
1354 4973 1384 5025 τη
1372 4955 1575 5024 προσδοκία·
1545 4973 1592 5005 των
1613 4953 1756 5023 μελλόντων

154 5024 196 5078 ἰάν
209 5027 300 5086 πάντας
289 5025 392 5097 λάθῃ,
406 5023 466 5095 ἀφ’*
455 5024 594 5095 ημᾶςῆξεῃ
606 5027 662 5078 τύτε
677 5025 750 5079 αύτδν
763 5027 927 5100 ἀμυνούμεθα.
975 5029 1219 5160 AAxpoatAAtoeAtAv
1233 5029 1308 5085 ούσαν
1323 5034 1400 5103 μάνην
1413 5033 1570 5100 καταδέξηται
1583 5032 1628 5098 τήν
1645 5052 1755 5105 παραμυ·

152 5102 229 5155 θλ
202 5122 259 5232 μηνἱ
263 5102 423 5168 οθτωςαύτην
436 5102 507 5170 ἔθηκε
525 5109 666 5174 προφανοῦς,
681 5103 739 5155 ἀλλ’
756 5104 852 5158 ἀντλ
823 5126 865 5174 της
877 5107 930 5179 ἀμ
975 5109 1038 5161 θίαν·
1066 5128 1119 5180 φημ
1119 5110 1172 5162 λδὲ
1193 5128 1238 5176 την
1265 5110 1324 5180 πρδς
1344 5109 1445 5177 βασιλέα
1464 5110 1601 5180 πρεσδείοιν,
1640 5108 1704 5164 Εἶτα
1716 5112 1757 5164 καλ

153 5182 259 5244 ξεως
219 5201 249 5234 κα
267 5200 311 5233 του
324 5179 439 5234 έλθειν
415 5202 498 5245 ειπεν
509 5183 567 5234 ὅταν
578 5179 749 5255 ἀναγκαιονή
760 5203 789 5236 το
775 5184 846 5255 γάρ
854 5185 929 5258 ἀναγ
975 5187 1103 5258 ἰπειοήπερ
1113 5187 1217 5259 ἔμελλεν
1230 5189 1378 5242 ἀντιπίπτειν
1390 5187 1457 5240 αύτω
1470 5208 1528 5259 προς
1540 5194 1627 5243 τουτον
1639 5190 1667 5243 τδ
1679 5191 1756 5259 λόγον

100 5278 108 5288 ·
153 5279 224 5313 καιον
238 5259 337 5315 δύναται
354 5261 436 5313 κοινὸν
451 5257 515 5313 εἰναι
533 5260 574 5313 καλ
593 5263 636 5326 τῆς
650 5258 735 5331 έφύδου
755 5262 796 5315 καλ
811 5269 859 5316 τῶν
881 5267 931 5318 νυνλ
977 5266 1095 5329 ἀντίθεσις
1107 5266 1154 5322 ἀτδ
1166 5288 1208 5321 του
1223 5270 1342 5321 δυνατοῦ
1364 5267 1429 5320 Ἀλλ’
1442 5267 1560 5323 ἀουνατύν
1570 5269 1634 5323 ἔστιν
1646 5270 1745 5325 υπάττ
1725 5291 1757 5331 ως
