3967 5967
718 466 783 529 εκ.
808 468 911 529 συοε
930 469 1139 531 Asamum.
1523 456 1525 465 ’
1673 483 1730 536 ιιι

125 598 214 672 πόλιν]
227 600 268 652 δτε
283 597 363 651 τοίνυν
383 595 413 651 τδ
427 596 470 668 μέν
484 596 607 669 χρήσιμον
629 598 732 665 ἀπεστι,
758 599 862 672 πληροῖς
880 598 908 654 δέ
954 600 1071 673 χείρημα.
1109 600 1165 655 Ἵνα
1180 601 1206 655 δέ
1219 602 1261 655 καί
1283 604 1345 675 δοκῇ
1358 598 1536 675 ἀπολογεῖσθαι
1562 604 1620 675 ύπίρ
1639 608 1682 657 τοῦ
1695 603 1738 657 ἀν·

125 684 173 731 τῶν
193 678 326 748 αἰσχίστων
339 674 384 742 τήν
401 677 489 741 πάλιν,
510 676 574 748 ἀφες·
595 675 694 745 λοθήτω
706 679 794 732 θᾶττον
805 679 820 732 6
833 680 908 750 νόμος
952 678 1022 749 δρδς,
1044 679 1179 750 μέλλοντος
1191 679 1335 753 ἀποστερεῖν
1347 689 1396 735 τῶν
1411 689 1508 753 πυρῶν,
1527 683 1639 756 τῇπόλει
1651 684 1736 737 δίδωσι

124 762 215 830 ‘W
236 756 381 827 καθημένων
401 755 481 827 ψήφῳ.
531 755 577 807 ίίαί
590 756 630 808 σοί
644 755 686 826 μέν
709 758 804 828 με’τεατι
817 761 860 824 τῆς
873 756 908 810 αί-
952 755 998 823 τὴν
1011 757 1091 812 αἰτίαν
1104 760 1145 813 καί
1158 758 1203 825 τὴν
1226 758 1336 831 ἀνάγκην
1358 760 1601 833 τοΰσυμόησομίνου
1621 764 1737 833 περὶτῆς
1797 772 1799 779 “

123 838 188 902 είας,
201 837 217 889 6
229 837 307 907 δῆμος
317 835 344 889 δέ
356 839 400 902 τῆς
411 835 564 906 βλασφημίας
573 835 705 906 ἐλεύθερος.
743 836 795 890 θύκ
806 837 907 909 άφίστα-
952 840 1055 902 πόλεως·
1067 839 1129 894 ἐἶτα
1143 840 1242 914 [ποιεῖ]
1255 843 1448 915 πρεσθευόμενον
1464 842 1506 895 καί
1520 845 1677 915 μεμφόμενον
1694 846 1737 896 καὶ

123 934 163 968 ται
176 915 202 968 δί
215 917 258 981 τῆς
271 913 378 979 ίννσίας,
393 917 427 982 πῆ
443 914 486 987 μίν
500 915 529 969 τδ
543 914 642 977 ίνδοξον
655 918 858 982 κατασκευάζων,
873 920 906 984 πῆ
952 918 1111 981 ὀνειδίζοντα·
1126 918 1182 974 εἶτα
1206 921 1246 975 ίπί
1258 922 1351 986 τούτοις
1372 923 1442 995 μόλις
1459 921 1652 995 ἀφαιρούμενον,
1673 924 1738 977 ίίιστε

124 996 150 1049 δέ
163 993 312 1047 τούναντίον·
330 993 355 1048 ίν
367 990 389 1067 ᾧ
401 992 443 1047 καί
456 993 552 1048 πλείοσι
566 995 684 1065 κέχρηται
697 995 730 1057 ὡς
743 993 768 1048 έν
783 999 909 1067 καταφορᾷ
953 998 998 1066 τήν
1021 1000 1171 1071 κατηγορίαν
1194 1003 1280 1072 μηκέτι
1294 1000 1360 1056 εἶναι
1373 1007 1416 1056 τοῦ
1439 1004 1580 1068 Λεύκωνος,
1604 1001 1671 1055 ἀλλά
1693 1010 1738 1057 τοῦ

123 1076 175 1135 τοῖς
189 1072 307 1145 ἀνύμασιν
315 1111 323 1137 ,
337 1070 456 1145 αἰσχύνην
468 1072 510 1126 καί
522 1070 634 1126 ἀπιστίαν
649 1071 729 1143 λέγων
744 1073 785 1126 καὶ
797 1072 906 1136 ἀδοξίαν.
952 1077 1043 1149 δήμου.
1057 1078 1138 1134 w.

123 1156 204 1208 ch,
988 1161 1051 1222 466,
1065 1173 1107 1212 11.
1125 1156 1169 1210 'Ev
1191 1157 1218 1211 δέ
1239 1163 1334 1230 τῷτίῦν
1348 1158 1438 1229 ξίνων]
1461 1158 1515 1229 περί
1532 1158 1670 1224 Λεύκωνος,
1690 1158 1737 1229 άρ-

159 1229 221 1295 466,
239 1247 265 1287 1.
276 1229 370 1284 Ούκούν
389 1230 430 1283 δτε
442 1228 545 1298 πολλῷ]
563 1226 705 1301 Ὁμολογεῖ
720 1230 764 1302 μὲν
777 1231 819 1283 καὶ
837 1231 909 1294 αδτδς
952 1254 1043 1306 χονεος
1056 1236 1192 1306 Βοσπόρου,
1207 1238 1238 1289 Β.

123 1310 243 1382 ιίιφίλιιάν
257 1328 312 1363 τινα
330 1309 471 1381 επεμδαίνειν
492 1309 547 1380 περί
567 1312 611 1362 τοῦ
632 1312 723 1380 νόμου,
748 1308 815 1367 ἀλλά
832 1313 908 1382 μείζω
988 1319 1051 1379 466,
1070 1330 1112 1369 τα.
1126 1313 1325 1386 ’Λφαιρεῖταικαί
1338 1315 1453 1369 Λεύκωνα
1468 1315 1649 1387 τύνάρχοντα]
1667 1313 1741 1388 Ὀφίς

124 1393 168 1457 τῆς
181 1388 300 1460 ὠφελείας
312 1384 376 1441 εἶναι
389 1388 479 1454 ταύτην
491 1385 538 1453 τῆύ
552 1387 656 1458 βλάθην.
668 1389 721 1446 ΤΡ.
953 1394 1015 1460 θσην
1026 1392 1068 1445 καί
1087 1391 1132 1459 τὴν
1150 1393 1253 1466 ἔμφασιν
1273 1393 1472 1464 συνεισήνεγκενς
1497 1392 1552 1447 εἶτα
1570 1395 1681 1467 προσθείς
1698 1396 1741 1448 καὶ

161 1472 224 1534 466,
241 1473 268 1531 4.
284 1466 340 1519 'Eu
354 1466 396 1530 δέ,
417 1463 537 1538 ὦάνδρες
548 1468 676 1536 δικασταί]
689 1468 766 1522 Δοκεῖ
782 1472 826 1522 τοῦ
840 1469 908 1540 νομί·
953 1470 982 1524 τδ
998 1471 1136 1542 Βοσπόρου,
1151 1471 1259 1543 μονονού
1275 1471 1371 1540 βλέπειν
1391 1471 1477 1533 αύτούς
1496 1470 1595 1539 ίποίησε
1613 1477 1656 1525 τοῦ
1670 1473 1739 1526 σίτου

127 1568 175 1621 μου
190 1547 322 1619 κεφαλαίου
336 1544 417 1613 εἶναι,
433 1545 477 1601 ούκ
487 1546 539 1600 ίστι
551 1545 591 1612 δέ,
608 1545 674 1600 ἀλλά
684 1552 729 1601 τοῦ
749 1549 910 1619 συμφίροντος
954 1549 998 1614 τάς
1009 1550 1115 1613 όλκάδας
1138 1551 1233 1623 μεστάς·
1258 1552 1323 1603 ὥστε
1344 1550 1420 1620 λιμοῦ
1439 1551 1563 1621 παραίτιος
1587 1551 1602 1603 6
1621 1552 1739 1619 Λεπτίνης

126 1627 232 1700 μᾶλλον.
272 1627 345 1680 Ἔστι
356 1626 382 1680 δέ
393 1626 422 1679 τδ
432 1626 579 1697 ἐπιχείρημα
590 1624 638 1679 ἀπδ
648 1631 693 1680 τοῦ
705 1626 877 1693 ίλλείποντος,
888 1628 908 1696 ’ῆ
954 1629 1098 1701 γενήσεται,
1115 1631 1147 1683 δι’
1165 1626 1202 1684 ὧν
1214 1628 1351 1701 ἀφσιρεῖται
1365 1632 1408 1699 τῆς
1421 1628 1531 1692 ἀτελείας
1540 1630 1584 1684 τόν
1598 1630 1738 1702 άνθρωπον.

124 1708 173 1763 ἀπδ
186 1712 229 1762 τοῦ
247 1707 395 1778 ἀδιορίστου.
414 1708 529 1764 BFSYP.
554 1706 633 1759 Τοῦτό
650 1726 713 1769 τινες
732 1705 826 1761 οἴονται
845 1705 910 1761 εἶναι
959 1707 1041 1763 TCV.

124 1793 167 1842 τοῦ
185 1789 291 1860 νομίμου
311 1787 453 1858 κεφαλαίου·
469 1786 566 1858 μᾶλλον
585 1786 612 1839 δέ
634 1785 774 1858 ἀποφαίνειν
795 1787 810 1840 6
829 1786 910 1860 ῥήτωρ
990 1787 1054 1852 466,
1080 1789 1122 1842 τ6.
1151 1784 1210 1838 Κατ’
1225 1783 1357 1856 ούδίτερον
1375 1786 1397 1838 δ’
1416 1785 1498 1859 αύτῷ]
1521 1785 1576 1840 ούτε
1600 1787 1633 1849 ιὀς
1648 1786 1739 1860 πολίτῃ

125 1869 237 1939 πειρᾶται
248 1865 345 1933 πολλὴν
360 1866 479 1937 ἐσομένην
495 1866 616 1920 σιτθδιιαν
636 1865 678 1917 καί
693 1865 805 1937 βλάύην,
825 1864 852 1919 ίκ
865 1869 908 1931 τῆς
956 1861 1012 1917 ούτε
1027 1864 1061 1926 ύις
1079 1863 1152 1936 ξίνιμ·
1169 1865 1337 1934 στερίσκονται
1349 1863 1398 1935 γάρ
1414 1863 1556 1936 ἀμφότεροι.
1570 1866 1653 1921 TCV.

125 1946 240 2017 ἀσαφείας
253 1946 282 1999 τδ
297 1944 433 1999 ἀποθαῖνον
445 1943 668 2015 πολυπραγμονῶν.
719 1942 826 2014 ’Λελγάρ
840 1943 855 1996 6
867 1942 910 2014 δή
990 1944 1054 2006 466,
1068 1958 1112 1997 αι.
1131 1942 1197 1995 ’ίστε
1208 1941 1257 2014 γάρ
1275 1942 1368 2014 δήπου]
1383 1942 1452 2005 Λύξει
1467 1942 1512 2010 τὴν
1533 1943 1672 2014 εύτργεσίαν
1694 1949 1739 1999 τοῦ

125 2044 175 2096 τωρ
188 2024 217 2078 τδ
229 2027 317 2078 δοκοῦν
332 2023 419 2095 ἀσαφὲς
438 2022 478 2078 έπί
498 2024 528 2077 τό
546 2023 666 2094 συμφίρσν
690 2020 792 2093 ἀνάγει,
807 2020 852 2088 τήν
870 2021 910 2076 ἀπ’
957 2018 1095 2083 Λεύκωνος,
1111 2016 1139 2072 ίκ
1154 2024 1204 2072 τῶν
1222 2016 1339 2073 έναντίων
1358 2016 1404 2085 τὴν
1422 2021 1509 2075 σπάνιν
1522 2023 1653 2092 προφέρων
1696 2020 1741 2074 Ἐν

124 2104 199 2159 αὗςοΰ
214 2104 309 2175 βλάὸην
323 2103 510 2171 ὀηλῶν.,Τ(]ν.
956 2095 1005 2167 γάρ
1017 2100 1072 2161 ταῖς
1089 2096 1191 2161 ίνδείαις
1205 2098 1247 2152 καί
1259 2098 1290 2152 τά
1301 2098 1374 2170 μικρά
1392 2104 1447 2153 τῶν·
1457 2101 1547 2171 κερδῶν
1565 2099 1663 2172 μεγάλα
1675 2098 1741 2154 εἶναι

160 2188 222 2248 466,
236 2188 263 2239 6.
272 2182 401 2249 Μήτετῶν
412 2182 539 2249 ίσοτελῖῦν,
551 2182 612 2255 μήτε
626 2186 674 2235 τῶν
687 2181 771 2251 ξένων]
782 2180 912 2245 ’ίσοτελτῖς
957 2176 1036 2231 δοκεῖ.
1074 2175 1152 2230 Ὅταν
1172 2177 1200 2231 δέ
1218 2178 1355 2232 καὶτοῦτο
1378 2179 1492 2250 μέγιστον
1511 2174 1543 2251 ᾖ,
1564 2180 1637 2233 ποίαν
1653 2179 1742 2233 λῠῑπῦθ

126 2263 169 2335 μίν
181 2263 311 2334 λίγεετοδς
320 2263 400 2325 ξένους
413 2263 469 2324 τούς
480 2262 644 2332 τετυχηκότας
659 2264 702 2328 τῆς
712 2259 765 2329 ίσης
776 2265 848 2334 τιμῆς
859 2266 911 2326 τοῖς
956 2255 1082 2310 ίπολείπει
1099 2263 1151 2321 τοῖς
1172 2255 1302 2311 ἀκούουσιν
1321 2257 1475 2329 ύπερθολήνς
1491 2256 1546 2312 είτα
1561 2258 1604 2312 καί
1619 2260 1742 2330 συγκρίνει

124 2342 243 2404 πολίταις.
280 2341 355 2404 Τέλος
366 2341 414 2413 γάρ
427 2341 469 2396 καί
481 2340 526 2407 τὴν
538 2347 588 2395 τῶν
597 2340 726 2412 ἀρχόντων
736 2339 810 2414 τιμήν
819 2341 912 2414 ὄνομά.
957 2335 1000 2389 τδν
1015 2335 1064 2390 ἀπδ
1077 2341 1121 2390 τοῦ
1137 2336 1233 2390 Πόντου
1249 2340 1318 2393 σῖτον
1332 2337 1390 2409 πρὸς
1404 2339 1500 2393 ἅπαντα
1513 2339 1555 2392 τδν
1570 2339 1742 2410 ἁπανταχόθεν

125 2424 221 2489 ζουσιν,
234 2424 315 2492 ὥσπερ
326 2420 369 2474 καί
383 2420 531 2489 θουκυδίδης
541 2421 610 2492 λέγει
624 2422 823 2492 Λακεδαιμονίων
838 2441 912 2475 κατα·
958 2414 1042 2479 αὖτθῗς
1053 2416 1229 2488 mutat-2⁸20*-
1241 2417 1324 2471 TCV·

125 2500 205 2571 λίγων
217 2499 247 2555 τά
258 2500 332 2568 τέλη,
345 2500 402 2563 τούς
415 2500 535 2571 ἄρχοντας
543 2498 674 2570 ὀνομάζων
687 2498 776 2553 αθτῶν.
825 2502 913 2564 Ξίνους
994 2499 1056 2559 466,
1070 2496 1115 2549 αδ.
1138 2495 1174 2548 Ού
1196 2495 1244 2566 γάρ
1262 2497 1339 2567 μόνον
1365 2495 1406 2549 διδ
1428 2495 1458 2551 τδ
1474 2496 1518 2550 τδυ
1536 2498 1612 2551 τόπον
1632 2499 1740 2570 τοῦτον]

125 2580 153 2633 δέ
166 2579 234 2651 λέγει
245 2580 301 2641 τούς
314 2578 358 2635 οῦκ
373 2577 517 2649 ἐγχωρίους.
553 2577 599 2630 Διά
614 2572 712 2647 μένούν
729 2583 778 2631 τῶν
797 2598 911 2651 προεερη-
960 2571 1061 2639 Ἐπειδὴ
1074 2574 1212 2646 καθαίρεσιν
1223 2573 1275 2628 είδι
1287 2576 1744 2649 παραπεμπυμίνηντῷθτωρήματι-

127 2661 206 2733 μένων
218 2658 414 2729 έπιχειρημάτων
423 2656 596 2710 κατεσκεύασεν
614 2658 652 2709 δτι
666 2655 735 2710 οδδίν
747 2657 834 2729 ὄφελος
846 2678 912 2730 περι-
957 2653 1031 2706 δοκεῖ
1040 2652 1088 2724 γὰρ
1099 2653 1171 2716 αύτδς
1183 2653 1280 2725 μᾶλλον
1295 2653 1444 2724 ἀφελεῖσθαι
1457 2654 1472 2707 6
1490 2656 1592 2726 πέμπων
1610 2656 1654 2709 τόν
1672 2658 1742 2710 σῖτον

126 2739 220 2812 γίνεται
235 2740 267 2809 τῇ
281 2736 367 2799 πόλει,
380 2737 491 2807 κειμένου
503 2737 548 2788 τοῦ
563 2738 648 2806 νόμου·
660 2733 701 2787 διὰ
716 2735 742 2788 δέ
758 2740 802 2789 τοῦ
821 2737 912 2806 παρόν-
956 2731 973 2798 ῆ
991 2728 1037 2796 τὴν
1047 2731 1120 2785 πόλιν
1131 2731 1284 2802 σἰφελιῖν-,
1296 2730 1402 2805 ἀνῄρηκε
1415 2731 1456 2785 καί
1469 2736 1542 2786 τοῦτο
1558 2733 1588 2787 τδ
1597 2731 1743 2788 ἀντιπῖπτον

127 2838 168 2881 τος
183 2814 370 2887 ίπιχειρήματος
379 2815 417 2867 δτι
430 2810 642 2884 καίβλάπτεταεῆ
656 2813 736 2875 πόλις.
784 2814 814 2866 Τί
825 2812 873 2885 γάρ
883 2815 912 2867 ἀν
957 2808 1152 2881 καλύπττίμιτο.
1196 2809 1239 2874 Ὧς
1248 2810 1297 2882 γάρ
1308 2817 1357 2865 τῶν
1367 2810 1507 2865 ἀκουόντων
1517 2811 1643 2882 λεγόντων
1653 2814 1692 2866 δτι
1702 2813 1743 2865 διά

128 2897 173 2952 καὶ
187 2898 283 2967 γένοιτο
304 2896 391 2967 μεῖζον
408 2892 499 2965 βλάθος
521 2894 654 2957 σιτοδείας;
676 2893 730 2963 περὶ
750 2886 778 2958 ής
797 2893 812 2946 6
828 2895 913 2965 παρὼν
958 2886 987 2941 τδ
999 2886 1118 2941 πλείστου
1138 2889 1249 2960 γίνεσθαι
1269 2890 1339 2943 σῖτον
1355 2889 1381 2945 ίν
1402 2892 1456 2953 τοῖς
1472 2892 1555 2952 τόποις
1570 2895 1643 2944 τοῦτο
1660 2894 1741 2957 ποιεῖ,

130 2972 196 3046 αύτῷ
206 2974 331 3042 κεκίνηται
344 2973 429 3045 λόγος.
443 2973 524 3026 TCV.
961 2967 1045 3040 [κατὰ]
1063 2966 1200 3040 συνδρομὴν
1221 2967 1328 3042 ἀνῄρηκε
1339 2975 1376 3043 τῷ
1387 2969 1479 3034 είπιῖν,
1491 2969 1526 3022 θύ
1544 2968 1592 3041 γὰρ
1607 2971 1684 3042 μόνον
1700 2971 1742 3035 διὰ

166 3057 229 3119 466,
245 3070 271 3123 7.
287 3052 328 3120 Μὴ
349 3052 483 3124 διειρῆσθαι
495 3051 522 3104 δί
544 3052 602 3104 θτου
618 3050 761 3125 ἀτελῆ]Τίγ“ι
777 3051 914 3108 ίλλείποντι
958 3048 988 3101 τί)
1001 3048 1044 3101 τδυ
1060 3048 1136 3102 τόπον
1150 3052 1236 3103 τοῦτον
1253 3053 1322 3103 σῖτον
1333 3049 1450 3103 πλεῖστον
1460 3048 1528 3120 ἔχειν
1539 3053 1613 3103 τοῦτο
1630 3049 1741 3121 γίνεται,

131 3130 310 3204 κίχρηται,μὴ
326 3130 565 3204 διειρῆσθαιλέγων,
581 3129 762 3202 τδάδιάκρετον
774 3136 817 3200 τῆς
829 3132 915 3197 λέξεως
959 3125 1026 3180 ἀλλά
1039 3127 1080 3181 διά
1095 3128 1125 3183 τδ
1147 3128 1258 3183 ἀτέλειαν
1273 3128 1333 3201 ύμῖν
1355 3129 1428 3183 αύτδν
1445 3130 1594 3195 δεδωκέναι,
1612 3129 1654 3183 διά
1669 3136 1743 3186 τοῦτο

130 3208 358 3283 ίπεσημαινόμενος.
403 3209 493 3263 Πολλά
512 3209 535 3260 δ’
554 3208 740 3282 ίπισημαίνεται
759 3211 792 3273 ὡς
809 3213 916 3283 παραλε-
958 3207 1225 3279 τροτιμᾷτῶνάλλων
1240 3207 1418 3279 ίμπόρωντούς
1432 3207 1670 3275 Ἆθηθαίῡυς.ΤίΝ.

129 3288 248 3362 λειμμένα
262 3290 304 3343 καί
321 3290 440 3360 ἀορίστως
459 3288 573 3360 εἰρημένα
586 3294 622 3360 τῷ
632 3291 764 3363 νομοθέτῃ.
813 3291 914 3363 Πρῶτον
996 3289 1058 3352 466,
1071 3303 1116 3356 29.
1133 3286 1221 3357 Ἔχων
1235 3287 1284 3358 γάρ
1303 3287 1396 3350 ίκιῖνος
1409 3286 1503 3359 ίαυτίρ]
1521 3286 1698 3359 Συλλογίζεταε
1713 3288 1743 3342 τό

129 3366 156 3422 δί
171 3368 267 3435 έκεῖνο,
279 3369 319 3420 δτι
330 3372 379 3421 τῶν
394 3366 467 3431 ξένων
486 3367 560 3421 ιίπὼν
572 3366 601 3421 ού
612 3368 737 3436 δεδήλωκε
751 3371 854 3440 πότερον
865 3376 915 3424 τῶν
959 3366 1042 3436 κέρδος
1055 3370 1087 3438 τῇ
1098 3368 1216 3435 ποσότητι
1229 3365 1275 3433 τὴν
1285 3366 1428 3438 φιλοτιμίαν
1448 3365 1566 3438 δγείοων,
1579 3365 1628 3421 ἀπδ
1644 3371 1688 3421 τοῦ
1701 3386 1743 3421 συ·

129 3446 261 3501 οίκούντων
279 3446 419 3517 Ἀθήνησιν,
432 3447 448 3514 ἢ
460 3447 574 3518 περὶτῶν
590 3446 728 3517 ἀλλαχόθι·
742 3442 852 3518 δεύτερον
871 3448 898 3503 δί
905 3488 913 3515 ,
961 3445 1050 3512 νήθους
1061 3445 1103 3498 καλ
1118 3447 1269 3517 τεταγμένου
1279 3445 1364 3508 τέλους
1375 3447 1405 3500 τό
1418 3446 1502 3516 κέρδος
1513 3446 1607 3512 δηλῶν.
1624 3447 1706 3500 TCV.

130 3527 189 3579 δτου
202 3525 290 3594 ἀτελῆ.
326 3525 362 3580 Ού
376 3526 424 3599 γάρ
440 3524 495 3580 εἷπε
509 3526 538 3580 εδ
555 3524 621 3589 εἶδος
632 3529 675 3593 τῆς
692 3524 817 3591 ἀτελείας,
836 3547 915 3599 χορη-
998 3528 1060 3593 467,
1079 3540 1102 3580 1.
1116 3525 1195 3579 Τοῦτο
1212 3524 1239 3579 δέ
1255 3522 1343 3592 ἡλίκον
1361 3523 1743 3597 ίστλῙΤῆκηλικότητικέγρη·

130 3605 185 3675 γίας
197 3606 213 3673 ἢ
225 3606 290 3667 τινδς
300 3605 379 3659 ἀλλου
392 3605 476 3668 τίλους
489 3606 609 3669 τοιούτου,
623 3605 693 3668 τίλος
703 3604 784 3676 λέγων
793 3604 916 3660 κάνταῦθα
959 3621 1015 3669 ται,
1028 3602 1072 3656 ίνα
1085 3601 1119 3675 μη
1133 3605 1210 3676 μόνον
1222 3606 1275 3666 τοῖς
1282 3603 1330 3674 πρδ
1340 3607 1385 3658 τοῦ
1396 3604 1539 3675 πράγματος
1550 3602 1659 3677 αύξήση,
1676 3602 1744 3656 ἀλλά

130 3683 174 3746 τδς
190 3683 330 3748 καταόολάς
355 3685 398 3738 καί
416 3684 546 3746 τελωνείσς
571 3683 615 3746 τδς
633 3683 699 3756 παρά
718 3690 767 3738 τῶν
786 3683 915 3756 ίμπόρων,
961 3680 1004 3734 καί
1019 3682 1051 3733 δι’
1066 3680 1140 3749 αύτῆς
1153 3686 1197 3749 τῆς
1212 3684 1357 3750 ποσότητος.
1393 3681 1473 3754 ίάίρος
1483 3680 1533 3754 γάρ
1552 3681 1595 3736 καί
1610 3686 1684 3736 τοῦτο
1701 3684 1744 3749 τῆς

131 3760 173 3814 καί
183 3761 213 3815 τδ
226 3760 260 3825 είς
273 3763 332 3833 δπερ
344 3761 416 3816 αύτδν
428 3763 470 3816 δεῖ
480 3762 605 3816 επιντελεῖν
617 3766 775 3834 χορηγοῦντα
787 3766 820 3836 τῇ
833 3764 914 3829 πόλει,
960 3760 1135 3829 πηλικότητος.
1148 3762 1230 3816 TCV.

130 3840 164 3904 ύνς
177 3842 293 3914 καὶπερὶ
316 3843 345 3896 τδ
360 3842 429 3906 τίλος
443 3841 509 3896 ιίναι
523 3840 569 3909 τήν
588 3840 715 3913 ἀσάφειαν.
752 3843 791 3910 Πῆ
808 3843 851 3915 μίν
867 3841 917 3914 γάρ
998 3844 1060 3912 467,
1080 3860 1107 3911 9.
1126 3839 1260 3912 Ἐμπόριον
1281 3838 1435 3912 θευδοσίαν]
1455 3838 1574 3894 θιυδοσία
1587 3839 1685 3911 χωρίον.
1698 3839 1745 3892 Ro·

130 3922 201 3985 τίλος
214 3922 312 3994 λέγεται
325 3920 341 3990 ίη
361 3921 494 3988 τελωνιία,
508 3926 542 3990 πῆ
558 3921 585 3976 δέ
602 3922 644 3975 καὶ
663 3922 693 3976 τδ
712 3922 871 3993 λειτουργεῖν
885 3927 917 3995 τῆ
962 3921 1063 3991 σπόρου.
1077 3923 1108 3974 Ρ.
1122 3919 1157 3972 Tb
1170 3918 1213 3990 μέν
1227 3920 1307 3991 ὄνομα
1320 3925 1357 3992 γῷ
1371 3918 1480 3991 ίμπορίιμ
1492 3919 1509 3986 ἢ
1523 3917 1571 3973 ἀπδ
1584 3922 1627 3984 τῆς
1638 3916 1745 3988 ἀδελφῆς

130 4000 212 4056 πόλει.
254 4000 325 4058 Ἐπεὶ
336 3996 380 4055 σύν
392 4001 516 4056 συνίδαινε
524 4001 568 4056 τδν
580 4001 695 4056 Λεύκωνα
705 3999 771 4056 είναε
782 4000 868 4068 ἀτελῆ,
882 4006 916 4070 πῆ
961 3999 1045 4066 ἢάπδ
1065 4004 1109 4067 τῆς
1122 4003 1245 4071 γαμετῆς·
1261 4001 1420 4071 διαφωνεῖται
1433 4001 1491 4072 γάρ.
1528 3999 1638 4052 Δείκνυσε
1658 3996 1685 4051 δί
1702 4000 1745 4051 καί

132 4078 175 4151 μίν
189 4079 230 4132 διὰ
243 4080 286 4134 τδν
299 4081 424 4152 τιθέμενον
436 4080 512 4151 πυρόν
525 4080 550 4136 έν
566 4081 739 4153 τῷίίτιραεεῖ,
754 4083 787 4147 πῆ
802 4079 828 4133 δέ
839 4078 916 4152 τδμή
960 4079 1026 4133 ούτω
1046 4078 1091 4146 τήν
1116 4078 1227 4146 εὔνοιαν,
1250 4080 1289 4133 δτι
1307 4079 1443 4151 ἁμιλλᾶται
1461 4078 1520 4149 πρὸς
1538 4077 1623 4130 ίαυτδν
1647 4073 1673 4129 έν
1690 4078 1746 4138 ταῖς

131 4161 250 4230 χορηγεῖν
262 4158 328 4222 ξένον
339 4161 412 4226 ὄντα,
425 4158 532 4213 αίτιεῖται
542 4160 576 4222 ίυς
588 4160 697 4222 διδόντος
711 4162 756 4213 τοῦ
769 4161 846 4230 νόμου
855 4157 917 4211 κατὰ
962 4158 1079 4223 εύποιίαις
1094 4159 1179 4231 ύμῶν·
1196 4159 1236 4212 διὰ
1250 4162 1323 4213 τοῦτο
1335 4158 1384 4230 γάρ
1398 4157 1463 4219 αύξει
1474 4155 1516 4209 καὶ
1536 4154 1594 4209 αύτδ
1617 4154 1646 4209 τδ
1667 4153 1744 4225 ίμπό·

131 4233 177 4301 τὴν
202 4234 318 4307 ἀσάφειαν
336 4238 427 4306 ταύτην
449 4238 533 4309 καιρόν
556 4244 592 4311 τῷ
609 4237 752 4309 βουλομένῳ
772 4235 859 4289 καλεῖν
884 4233 917 4298 εἰς
962 4259 1031 4310 ριον,
1047 4241 1092 4293 ίνα
1106 4239 1139 4312 μὴ
1152 4239 1233 4311 φαύλη
1248 4237 1453 4309 τιςίηπροσθήκη
1466 4238 1539 4307 φανῇ.
1555 4236 1636 4289 ch.

132 4313 917 4460 336¹⁷25312⁶33⁰23‡:f363⁷30‡23{3362‘24656
962 4322 1060 4450 {⁷6⁷
1076 4321 1118 4449 ’.θ’
1136 4310 1747 4468 {pnssffffflpssssx‘ffff“26⁷'‘{p'6‘233f1ss-,2

132 4488 181 4541 γει·
197 4471 300 4541 πότερον
312 4468 414 4523 κατάτδ
427 4469 520 4539 μηδένα
531 4469 607 4538 ἀτελῆ
621 4476 669 4525 τῶν
683 4478 810 4542 χορηγιῶν
821 4472 917 4544 τυγχά-
962 4474 1099 4547 εύεργεσίσς
1112 4472 1157 4540 τήν
1170 4415 1307 4542 ἀίσθησίιίι.ρ
1334 4415 1410 4527 'lg
1411 4472 1460 4548 γάρ
1471 4415 1549 4540 δήποίε
1561 4449 1746 4543 τοῦτο,φησίν,

133 4566 200 4614 νειν,
213 4546 229 4614 ἢ
244 4544 306 4603 κατά
326 4545 355 4600 τδ
368 4544 401 4619 μὴ
416 4549 468 4601 δεῖν
483 4549 556 4603 αὖτὀν
574 4550 749 4617 τελωντῖσθαι,
765 4551 917 4605 κατακλείων
962 4557 1017 4619 ὅτι,
1028 4558 1071 4620 τῆς
1082 4552 1225 4624 οἰκουμένης
1234 4552 1329 4620 ἀπάσης
1342 4558 1377 4624 τῷ
1388 4551 1455 4625 λιμῷ
1465 4552 1616 4619 πιεσθείσης,
1632 4551 1734 4622 μετέστη

133 4626 167 4689 είς
180 4625 210 4680 τδ
227 4623 316 4688 ίξιῖναι
328 4631 366 4697 τῷ
381 4626 523 4699 βουλομένῳ
536 4628 633 4702 τιλεύνῃ
644 4632 765 4700 χορηγεῖν
779 4631 821 4683 καί
832 4631 917 4684 καλεῖν
962 4653 1004 4687 σαν
1014 4633 1073 4704 ύμῖν
1086 4631 1226 4703 τῆεύπορίφ
1237 4629 1282 4698 τήν
1296 4633 1430 4703 συμφοράν.
1468 4631 1530 4685 Τότε
1540 4635 1636 4702 πρῶτον
1648 4628 1732 4701 είδομε

133 4705 167 4768 είς
180 4705 302 4777 χορηγίαν
317 4707 360 4759 τδν
375 4706 500 4760 Λεύκωνα.
549 4706 690 4780 Ἐχρήσατο
703 4708 730 4762 δί
743 4709 786 4763 καλ
797 4712 851 4774 τοῖς
868 4728 919 4781 τρι·
962 4714 1083 4768 σιεόδειαν
1109 4714 1226 4766 ποιοῦσαν
1253 4711 1296 4766 καί
1320 4710 1429 4767 πλοῦτον
1456 4709 1498 4768 καί
1521 4710 1605 4780 κόρον.
1648 4706 1746 4763 Ἧκέτω

133 4785 172 4838 σίν
185 4784 307 4857 δνάμασι,
329 4790 365 4856 τῷ
385 4785 452 4855 [τῶν
465 4786 574 4840 πολιτῶν
593 4786 650 4858 καί]
672 4792 721 4840 τῶν
743 4785 859 4841 ίσοτελιῦν
877 4788 919 4841 καὶ
963 4791 1130 4858 Καλλισθένης
1143 4790 1232 4861 μάρτυς
1247 4788 1341 4856 ἀληθὴς
1353 4793 1396 4856 τῆς
1403 4787 1542 4860 φιλοτιμίας
1553 4791 1597 4855 τῆς
1609 4786 1745 4851 Λεύκωνος,

133 4870 182 4919 τῶν
192 4866 282 4931 ξένων,
297 4870 333 4937 τῷ
344 4865 387 4919 τὀν
400 4867 515 4920 Λεύκωνα
527 4872 576 4920 τῶν
584 4871 657 4938 τριῶν
667 4867 778 4937 μετέχειν
790 4867 915 4919 δύνασθαι·
963 4871 1058 4942 λεγέτω
1070 4875 1120 4923 τῶν
1132 4869 1260 4941 ταλάντων
1274 4869 1318 4923 τδυ
1330 4867 1434 4939 άριθμδν
1446 4869 1505 4923 δεον
1516 4869 1548 4937 τῆ
1559 4865 1656 4935 πατρίδι
1669 4884 1746 4935 περιε·

133 4945 235 5013 πολίτης
250 4944 293 5017 μίν
307 4946 355 5017 γάρ
375 4945 433 5000 ἐστι’
448 4951 480 5020 τῇ
498 4948 609 5015 ποιήσει,
631 4945 743 5013 ίσοτελὴς
763 4947 789 5001 δί
803 4953 834 5019 τῇ
846 4952 916 5020 τιμῇ,
962 4950 1063 5017 ποίησε.
1073 4950 1154 5001 ΤίΝ.

134 5023 199 5086 ξένος
212 5023 239 5078 δί
252 5030 288 5095 τῷ
302 5026 364 5095 μήτε
373 5027 437 5097 γίνει
451 5027 514 5098 μήτε
527 5027 596 5099 φύσει
607 5027 710 5094 πολίτης
721 5026 795 5082 εἶναι.
841 5028 921 5082 Λυπεῖ
999 5032 1061 5099 467,
1074 5044 1118 5081 αι.
1135 5026 1246 5098 ίίαίμηδ’
1261 5021 1748 5099 ἀνμεταδόξη],Εύδιόρθωταποιεῖτοῖς

133 5100 162 5155 δί
181 5102 309 5176 τούτῳτῷ
328 5106 394 5175 μέρει
403 5107 505 5177 σφόδρα.
542 5106 573 5161 Τί
592 5105 641 5180 γάρ
665 5108 695 5159 ἂν
714 5108 810 5178 γένοιτο
832 5109 918 5177 μεῖζον
967 5105 1143 5176 ’Λθηναίοιςτίε
1156 5104 1370 5177 πλημμελήματα.
1408 5102 1535 5174 Ἥμαρτον
1549 5102 1652 5174 όδῆμος
1668 5106 1747 5161 κακῶς

134 5186 243 5251 ταραχῆς
252 5180 331 5235 αίτιον
343 5186 374 5255 τῆ
382 5184 454 5239 πόλει
464 5188 507 5253 τῆς
520 5187 629 5250 σπάνεως
641 5186 715 5258 [καί]
727 5190 769 5253 τῆς
783 5187 917 5252 σιτοδείαςς
965 5187 1177 5259 βουλευσάμενοςς
1197 5186 1268 5256 ἀφες·
1289 5187 1321 5256 τῆ
1338 5183 1455 5256 μετανοίᾳ
1472 5182 1542 5236 λύσει
1553 5181 1584 5236 τά
1596 5181 1745 5252 πταίσματα.

135 5260 191 5315 ὅθεν
206 5258 247 5313 καί
260 5258 293 5323 είς
316 5261 345 5315 τδ
359 5267 401 5330 τῆς
423 5263 517 5333 βλάθης
530 5266 603 5337 μέρος
616 5264 809 5330 τοῦτοίίετάζει
827 5266 856 5320 τδ
870 5264 920 5322 ίπι-
968 5265 1043 5322 ’Λλλά
1055 5271 1129 5323 τοῦτο
1145 5264 1190 5320 οδε
1209 5263 1247 5319 ίτε
1260 5263 1367 5331 ίΕέσται,
1382 5263 1424 5319 έάν
1442 5263 1456 5317 6
1472 5263 1547 5336 νόμος
1574 5261 1690 5317 Λεπτίνου
1705 5279 1749 5314 κυο
