3967 5967
245 443 302 492 010

244 563 357 631 ἀκηκοὼς
366 561 399 625 ὡς
409 562 522 634 βούλεται
533 564 687 629 σπείσασθαι,-
700 564 777 626 οῦτως
791 562 937 637 ἀπήγγειλε.
947 566 1029 619 TCV.

282 645 344 708 344,
360 645 405 698 23.
425 644 520 698 Γίνεται
535 650 585 697 τῶν
605 645 727 716 πρίσύεων
740 643 828 717 οὗτος]
847 646 917 718 ίίαρά
938 647 1030 718 χρόνον

245 723 425 795 [ἐναλλαγῆ]
445 723 497 777 ἔστι
511 723 559 795 γάρ
578 724 633 778 ἀντὶ
647 730 689 778 τοῦ
703 724 810 797 ἐγένετο.
830 726 936 798 Ὅμοιον
955 725 982 779 δέ
996 731 1031 797 τῆν

245 802 411 855 Βουκυδίδου·
430 826 441 854 ι
459 803 583 858 ἐπαινοῦσι
594 806 637 859 τ“ον
648 809 801 879 προσθέντα,
818 834 828 860 ν
841 809 896 863 ἀντὶ
907 813 961 875 τοῦ,
975 811 1031 879 ε’πῆ·

245 902 327 938 νεσαν.
347 885 428 939 TCV.

281 965 352 1029 344,
367 968 412 1027 54.
440 963 494 1035 Ούχ
510 965 544 1026 ὡς
558 967 623 1033 τῶν]
642 963 836 1036 ’Βγκατάοκευος
852 968 979 1038 διήγησις,
997 966 1030 1027 ὡς

243 1046 297 1104 ταῖς
315 1042 402 1105 αἰτίαις
422 1047 668 1116 κατασκευαζομένη,
690 1047 753 1098 διότι
775 1045 827 1099 ἐστί
847 1047 966 1117 σύντομος
988 1045 1030 1099 καί

243 1122 368 1188 πολιτικῆ.
383 1125 451 1177 BFY
452 1127 482 1178 P.
521 1125 555 1176 Τί)
575 1125 727 1195 συμόεόηκδς
739 1125 801 1179 κατά
820 1126 931 1195 ἀρνησιν.
947 1127 975 1179 Β.

283 1200 503 1275 Ἀποδωσομένων]
519 1202 596 1274 ἤγουν
611 1204 814 1274 ἰμπολησόντων.
835 1209 865 1259 Ρ.

280 1283 389 1346 344,ει5.
406 1283 616 1355 ίίεπιστευκότων]
631 1284 798 1355 πληροφορίαν
808 1284 918 1355 ἐχόντων
933 1281 1028 1351 δηλαδὴ

242 1368 291 1415 τῶν
312 1362 459 1416 εὐνοούντων
478 1369 514 1434 τῷ
526 1363 653 1435 Φιλίππη).
671 1366 702 1417 Ρ.

787 432 927 495 ΣΧΟΑΙΑ
949 434 1014 494 ΕΙΣ
1034 433 1312 497 ΔΗΜΟΣΘΕΝΒΝ.

1075 583 1114 619 ται
1127 565 1231 620 ἐνταῦθα
1240 565 1254 620 ό
1263 566 1358 638 ρἤωρ·
1376 565 1391 619 ό
1404 565 1448 638 μέν
1462 567 1510 640 γάρ
1523 567 1639 640 Αἰσχίνης
1651 571 1680 624 εδ
1698 572 1798 643 άκαιρον
1816 575 1863 628 τοῦ

1077 646 1205 716 μιμεῖσθαί
1217 665 1283 707 τινας
1296 652 1344 699 τῶν
1363 648 1492 717 προγόνων
1506 647 1577 720 ἔλεγε
1589 650 1768 721 φυλάττεσθαι,
1781 651 1862 705 αἰνιτ·

1075 724 1177 794 τόμενος
1190 725 1245 787 τοῦς
1258 723 1284 778 έν
1296 725 1396 796 Σικελίᾳ
1409 728 1510 797 μόνους·
1519 729 1548 780 ού
1559 728 1607 799 γὰρ
1617 728 1688 801 ἐλεγε
1697 731 1751 800 περὶ
1762 733 1863 785 πάντων

1076 807 1123 854 τῶν
1146 804 1292 873 προγόνων·
1314 803 1369 857 όδέ
1390 804 1471 877 ῥῆτωρ
1490 812 1526 878 τῷ
1540 806 1665 879 καθολικῷ
1687 808 1791 880 όνόματι
1810 816 1862 863 τῶν

1074 883 1203 952 προγόνων
1217 883 1346 937 διαόάλλει
1358 884 1401 936 τδν
1412 883 1502 956 λόγον.
1516 887 1690 941 ACDBRTV.

1111 960 1173 1025 345,
1189 980 1232 1032 27.
1249 962 1335 1033 Νύμον
1348 981 1373 1015 τε
1384 963 1486 1035 θῆσειν]
1504 963 1570 1016 ’ίδοῦ
1581 965 1623 1017 καί
1635 967 1770 1036 νομοθέτην
1783 966 1860 1020 αύτδν

1075 1039 1217 1110 ἀποφαίνει,
1232 1044 1387 1112 πανταχόθεν
1399 1042 1477 1104 αὔξων
1492 1040 1536 1108 τὴν
1546 1046 1672 1115 φρόνησιν.
1688 1048 1768 1098 TCV.

1110 1122 1179 1187 345,
1203 1126 1247 1177 κθ.
1262 1123 1356 1189 Δίηδενί
1369 1129 1418 1176 τῶν
1442 1122 1590 1196 Ἑλλήνων]
1608 1126 1729 1196 Παραινεῖ
1741 1130 1772 1198 τῆ
1787 1126 1861 1180 πόλει

1074 1198 1118 1266 τίην
1142 1200 1216 1254 αύτοῦ
1230 1203 1380 1273 δωροδοκίαν
1403 1205 1556 1275 μιμῆσασθαι
1568 1205 1610 1258 καί
1627 1206 1715 1276 μισθοῦ
1738 1206 1862 1276 βοηθῆσαι

1073 1282 1125 1341 τοῖς
1137 1279 1256 1347 Ἕλλησι.
1266 1283 1347 1336 TCV.

1111 1361 1176 1425 346,
1196 1379 1219 1417 ι.
1234 1361 1371 1432 Σχέτλιος]
1387 1363 1517 1432 δυστυχῆς.
1533 1365 1565 1418 Ρ.

280 1435 342 1499 344,
354 1440 398 1489 αό.
410 1433 456 1486 Διά
466 1432 514 1504 γάρ
524 1434 579 1497 τούς
590 1435 777 1506 προειρημένους
783 1435 884 1506 λόγους]
892 1436 1028 1505 συγγνώμη
1110 1438 1156 1491 ίίαί
1174 1444 1250 1493 ταῦτα
1264 1440 1278 1492 ὁ
1293 1440 1423 1512 σχέτλιος]
1443 1440 1558 1511 εὐκαίρως
1576 1438 1700 1510 έπιφύεται
1717 1441 1772 1495 κατ’
1785 1440 1861 1495 αύτοῦ

243 1517 287 1581 τῆς
301 1515 454 1585 χειροτονίας
467 1512 593 1585 Αἰσχίνου.
610 1516 638 1568 Β.
1074 1519 1136 1592 μετὰ
1150 1518 1195 1586 τὴν
1209 1521 1321 1574 δείνωσιν
1339 1522 1389 1577 BF.

284 1596 346 1660 344,
366 1600 410 1650 28.
425 1592 519 1662 Δόξαν]
533 1594 664 1668 ύπόληψιν.
677 1596 707 1650 Ρ.
1110 1601 1171 1665 346,
1189 1602 1213 1655 5.
1227 1601 1344 1671 Δεύτερον
1357 1598 1429 1671 μέρος
1440 1604 1484 1666 τῆς
1496 1601 1675 1662 καταπόσεως.
1689 1601 1717 1653 S.

247 1665 256 1674 ⁵
278 1674 427 1745 Ιίροσελθίυν
438 1675 518 1728 τοίνυν
534 1674 591 1746 ἐμοί
604 1674 665 1747 μετά
678 1674 774 1745 ταῦτα]
789 1674 859 1746 ίίαρδ
877 1679 920 1728 τοῦ
936 1673 1028 1728 ἀντιδί-
1109 1680 1176 1744 346,
1201 1697 1227 1749 7.
1247 1680 1395 1751 ίίατίτριψι]
1411 1678 1487 1751 ἤγουν
1499 1680 1580 1750 ἀργῶς
1599 1679 1642 1732 καί
1654 1679 1751 1750 ἀμελεῖς
1771 1680 1861 1751 διετρί·

242 1774 286 1806 κου
299 1755 419 1826 λαμόάνει
428 1758 472 1822 τῆς
482 1754 572 1816 οἰκείας
580 1755 651 1824 δόξης
662 1755 704 1808 καί
710 1756 870 1826 προαιρέσεως
880 1756 1025 1827 μαρτυρίαν·
1073 1757 1143 1812 όασε.
1157 1760 1187 1813 Ρ.

242 1834 323 1893 ούδενί
336 1834 384 1906 γάρ
395 1841 443 1887 τῶν
458 1834 581 1905 πρέσῦεων
593 1835 648 1907 περί
663 1836 783 1906 σωτηρίας
800 1838 951 1908 πραγμάτων
967 1835 1028 1890 Αἰσ-
1109 1839 1174 1905 346,
1205 1856 1246 1892 10.
1264 1835 1329 1891 Ἀλλ’
1352 1836 1434 1904 ἐπειδὴ
1456 1836 1530 1891 πάλιν
1555 1836 1665 1908 ἤκομεν]
1681 1836 1716 1888 'Po
1732 1834 1798 1898 εἶδος
1815 1841 1860 1890 τοῦ

241 1913 313 1983 χίνης
334 1915 444 1986 φαίνεται
461 1913 651 1986 διαλεγόμενος,
676 1913 697 1967 εί
712 1913 745 1985 μὴ
769 1916 844 1985 μόνον
868 1920 906 1986 τῷ
927 1914 1024 1985 ρῆτορι·
1073 1916 1151 1989 λόγου
1175 1918 1347 1989 περιόλητικδν
1362 1916 1425 1971 κατά
1447 1915 1492 1982 τὴν
1514 1917 1628 1985 μέθοδον.
1666 1916 1700 1968 Tb
1717 1920 1778 1986 γοῦν
1798 1916 1860 1969 ἀνα·

241 1996 305 2048 ὥστε
317 1994 360 2047 τδν
374 1992 475 2047 έπαινον
487 1992 530 2047 τδν
538 1992 630 2046 οἰκεῖον
643 1992 769 2063 ἀνιπαχθῆ
782 1993 909 2063 γενέσθαι,
925 1990 959 2064 μὴ
970 1996 1028 2064 παρ’
1073 1999 1180 2067 στρέφειν
1194 1998 1226 2051 τὰ
1240 2000 1374 2069 πράγματα
1391 1996 1434 2050 καί
1444 1996 1475 2049 rb
1487 1996 1586 2065 δεύτερα
1598 2001 1682 2066 πρῶτα
1695 1995 1787 2066 λέγειν,
1803 1995 1859 2049 είτα

243 2071 317 2127 αύτοῦ
326 2072 474 2145 λεγόμενον,
494 2071 561 2125 ἀλλά
571 2071 636 2145 παρὰ
657 2075 700 2126 τοῦ
720 2071 844 2126 ἀντιδίκου
861 2073 1028 2145 μαρτυρούμε·
1073 2074 1236 2147 ίπεμόάλλειν
1248 2075 1279 2129 τά
1292 2082 1392 2146 πρῶτα,
1404 2073 1535 2146 περιῦολῆς
1548 2073 1621 2130 ἴδιον.
1636 2075 1813 2128 ACDGRTV.

242 2163 294 2197 νον.
307 2146 388 2197 ch.
1108 2156 1170 2219 346,
1189 2172 1229 2209 12.
1244 2153 1366 2224 Εύθυναι]
1378 2152 1511 2218 ἐξετάσεις,
1522 2153 1625 2224 ἐρευναι.
1641 2155 1672 2206 Ρ.

278 2225 345 2303 344,
367 2242 413 2294 29.
438 2222 622 2292 ΣυνετάΠῑῐθ]
638 2224 786 2294 Φθῑθώίῑῑι
817 2222 948 2295 παρῑῦάίῑῑ
967 2223 1028 2296 ὅμθ·
1108 2236 1169 2299 346,
1184 2241 1227 2299 14.
1239 2234 1286 2288 ίίαί
1295 2234 1527 2306 προσδοκηθέντων]
1544 2233 1617 2304 Ὑπὲρ
1630 2240 1678 2287 τῶν
1688 2235 1742 2306 περὶ
1755 2233 1860 2305 Αριστό-

243 2307 393 2377 γνωμονεῖν.
409 2306 439 2359 P.
1072 2313 1151 2384 δημον
1166 2313 1234 2385 λέγει
1249 2313 1291 2367 καί
1302 2314 1488 2385 Νεοπτόλεμον.
1500 2316 1628 2367 ΑΒΤΟΡ.

278 2387 340 2449 345.
358 2403 381 2440 1·
405 2384 452 2437 ίίᾱί
465 2384 530 2446 ὅπως
544 2384 588 2437 Φν
601 2385 705 2455 βαρύν]
720 2384 818 2451 Ἄνῦῑᾶ,
837 2385 912 2457 φησί,
924 2389 967 2439 τοῦ
982 2385 1026 2452 δύ·
1108 2393 1170 2458 346,
1188 2395 1228 2450 ι5.
1245 2394 1292 2446 ίίαί
1311 2394 1405 2447 τούτων
1420 2392 1508 2464 ἕτερα]
1522 2392 1567 2459 τὴν
1586 2393 1684 2465 Βράκην
1700 2392 1768 2463 λέγει
1789 2394 1851 2448 ΑΒ.

244 2485 291 2535 μου
305 2464 386 2530 πολλὴ
398 2505 406 2530 ,
422 2462 445 2517 εἰ
453 2484 483 2535 γε
498 2464 587 2536 Ιἤδεσαν
601 2464 634 2527 ὡς
649 2466 771 2536 προδότης
788 2462 818 2534 ἦν
830 2465 845 2519 ό
858 2466 1015 2537 Φιλοκράτης
1070 2472 1151 2530 Τον,

242 2543 300 2597 Ὀτι
316 2544 342 2597 bb
353 2543 495 2615 ἀμφοτέροις
507 2541 593 2614 ἐχθρδς
606 2543 621 2595 ό
632 2543 787 2615 Φιλοκράτης
805 2544 922 2616 Αἰσχίνης
937 2545 1028 2617 όμολο·
1107 2552 1169 2616 346,
1185 2555 1226 2603 16.
1241 2551 1409 2624 ίίροσῄειμεν]
1420 2552 1521 2623 Πρῶτον
1531 2551 1579 2623 γὰρ
1590 2551 1639 2605 έδει
1650 2549 1769 2605 εἰσελθεῖν
1784 2550 1809 2604 ἐν
1825 2555 1858 2623 τῆ

242 2628 294 2696 γεῖ.
316 2625 370 2687 Πῶς
383 2618 427 2677 ούν
441 2623 591 2695 καλούμενος
602 2623 642 2678 ἐπί
653 2620 697 2690 τὴν
716 2625 848 2695 μαρτυρίαν
858 2623 1027 2694 Φιλοκράτους
1072 2632 1165 2702 βουλῇ,
1182 2631 1237 2684 εἶτα
1249 2631 1274 2685 ἐν
1287 2638 1323 2703 τῷ
1336 2632 1418 2704 δήμῳ,
1434 2633 1606 2686 ACDGRW

244 2703 363 2775 Αἰσχίνης
379 2706 450 2775 σιγᾷ·
472 2702 513 2756 καί
532 2701 596 2769 τίςῆ
617 2704 734 2756 κοινωνία
746 2707 789 2770 τῆς
803 2703 898 2771 πολλῆς
912 2704 1027 2774 προνοίας
1106 2712 1174 2776 346,
1191 2715 1232 2768 18.
1248 2713 1282 2765 Tb
1297 2711 1345 2784 γὰρ
1356 2712 1528 2783 βουλευτήριον
1543 2711 1650 2782 μεστόν]
1663 2709 1713 2776 Τῆν
1728 2709 1857 2781 ἐπιθυμίαν

242 2784 300 2857 ίιπίρ
313 2785 479 2856 Φῑδῡκρᾶῐῡυς
492 2782 572 2850 “51'13
587 2788 638 2846 πῶς
648 2783 675 2837 δί
685 2780 781 2849 πθλλθί
791 2782 848 2855 θπέρ
859 2782 933 2837 αὖϊθῧ
947 2786 1026 2837 πῦῑεῖ·
1071 2789 1202 2845 αἰνίττεται
1215 2797 1259 2846 τοῦ
1281 2794 1381 2863 μαθεῖν·
1403 2791 1431 2843 ού
1450 2790 1498 2861 γὰρ
1515 2789 1643 2860 ἀνέμειναν
1660 2786 1705 2854 τήν
1724 2789 1856 2855 ἐκκλησίαν

243 2884 282 2919 ται
302 2866 433 2936 πρόνοιαν;
454 2862 509 2915 τίνα
531 2862 558 2916 δέ
574 2862 653 2919 ἀλλον
676 2864 835 2934 παρεχόμεθα
856 2864 964 2935 μάρτυρα
982 2866 1026 2915 τοῦ
1070 2869 1132 2921 κατὰ
1151 2870 1179 2924 rb
1194 2870 1261 2936 ἔθος,
1281 2869 1338 2921 ἀλλ’
1354 2868 1522 2941 ἀνεμίχθησαν
1537 2868 1561 2921 οί
1578 2867 1672 2920 ἰδιῶται
1690 2869 1742 2929 τοῖς
1756 2866 1857 2936 βουλευ-

241 2945 360 3018 πολεμεῖν
378 2943 444 3016 αύτῷ
457 2943 616 3014 Δημοσθένη,
639 2948 720 3012 σαφῶς
733 2942 774 2995 καί
787 2943 918 3013 διαρρῆδην
939 2961 1027 3014 μαρτυ·
1071 2951 1133 3009 ταῖς,
1146 2950 1227 3001 TCV.

242 3030 342 3097 ροῦντος
361 3024 501 3097 Αἰσχίνου;
527 3022 599 3077 ἀνοια
617 3017 671 3087 οῦν,
690 3023 724 3086 ὡς
748 3021 855 3094 εἴρηται,
880 3028 924 3078 τοῦ
946 3024 1026 3095 δῆμου
1107 3028 1169 3093 346,
1184 3045 1229 3081 20.
1249 3027 1414 3098 ίίατηγόρηαα
1430 3025 1539 3094 τούτων]
1552 3024 1587 3077 Ού
1602 3023 1671 3095 λέγει
1684 3023 1739 3094 περί
1752 3025 1852 3078 πάντων

242 3102 341 3178 πολλὴ,
356 3103 381 3158 εἴ
391 3124 421 3176 γε
433 3102 523 3165 εἰδότες
535 3103 567 3165 ὡς
584 3104 704 3174 προδότης
716 3102 886 3175 Φιλοκράτης,
902 3102 1026 3175 ἐχειροτό-
1070 3110 1119 3159 τῶν
1133 3108 1265 3176 πρέσύεων,
1280 3104 1346 3158 ἀλλά
1361 3112 1408 3159 τῶν
1422 3103 1518 3159 αἰτίων.
1534 3103 1710 3158 ACDGRTV.

244 3206 320 3254 νησαν
336 3187 419 3241 αύτόν.
459 3184 531 3238 1Ἐστι
552 3183 578 3237 δέ
593 3183 622 3237 ού
643 3187 769 3237 τοιοῦτον·
787 3182 845 3235 ἀλλ’
860 3181 941 3249 έπειδῆ
953 3183 1027 3255 χρεία
1106 3188 1169 3251 344,
1187 3192 1231 3240 26.
1250 3186 1386 3257 Προὲσοαι]
1405 3186 1547 3256 προδοῦναι.
1560 3185 1590 3237 Ρ.

243 3266 362 3328 πολλάκις
375 3265 400 3320 έν
415 3266 469 3327 ταῖς
483 3263 619 3336 πρεσόείαις
632 3262 788 3335 ἰταμωτίρων
801 3263 843 3316 καί
856 3282 1027 3335 παρρησιαστι-
1106 3266 1168 3331 346,
1184 3282 1228 3336 ²7·
1244 3263 1450 3337 Αναρτωμένοιις]
1465 3264 1666 3335 ἐκκρεμαμένους.
1681 3261 1710 3314 Ρ.

242 3351 302 3410 κῶν,
320 3346 363 3398 ἵνα
379 3343 412 3416 μῆ
427 3344 458 3398 τά
476 3345 558 3397 δίκαια
579 3342 620 3395 διά
633 3341 678 3409 τῆν
693 3343 822 3398 ἐπιείκειαν
843 3346 965 3414 πρόωνται
982 3348 1026 3409 τῆς
1105 3343 1167 3409 346,
1183 3346 1227 3398 28.
1243 3343 1284 3406 Βίς
1295 3342 1448 3414 τοῦσχατον]
1463 3341 1596 3395 ἀπύλειαν.
1611 3342 1641 3393 Ρ.

241 3427 351 3490 πόλεως,
367 3425 445 3478 ἐδόκει
459 3424 486 3478 δέ
499 3428 609 3485 τοιοῦτος
621 3423 635 3476 ό
649 3423 822 3494 Φιλοκράτης,
839 3424 920 3478 ἕνεκεν
938 3425 1026 3478 τούτου
1105 3424 1166 3487 346,
1181 3439 1226 3492 κο.
1246 3421 1344 3490 Ἐπειδὴ
1364 3422 1390 3481 δέ
1404 3416 1462 3489 ἤκεν
1476 3419 1493 3487 ἤ
1508 3419 1640 3490 ἐκκλησία]
1658 3417 1780 3471 Ἐνταῦθα
1790 3416 1854 3470 ἀπο-

241 3504 342 3558 είλοντο
353 3504 436 3558 αἰετόν.
478 3501 520 3564 Ὧς
532 3500 574 3555 οῦν
587 3502 673 3573 εύχερῆ
684 3503 744 3554 όντα
755 3501 788 3564 εἰς
797 3502 825 3556 rb
838 3506 1027 3573 μεταπεισθῆναι
1069 3504 1174 3557 δείκνυσι
1186 3507 1229 3569 τῆς
1245 3505 1441 3573 προκατασκευῆς
1453 3499 1481 3552 rb
1495 3499 1606 3568 δεύτερον
1618 3498 1759 3566 κεφάλαιον,
1773 3496 1857 3549 δεύει·

231 3583 284 3637 .καί
306 3585 480 3655 διαφθαρῆναι,
505 3581 560 3635 εἰπε
581 3580 610 3634 rb
630 3581 784 3652 φυλάξωμεν.
821 3583 866 3635 Διά
888 3589 960 3638 τοῦτο
978 3585 1026 3657 γὰρ

231 3663 328 3735 ,μιαρόν
340 3662 382 3716 καί
395 3661 482 3728 ἀναιδῆ
496 3659 621 3725 ἐκάλεσεν,
637 3660 665 3712 ού
680 3662 811 3731 προδότην.
832 3663 913 3717 mv.

278 3742 340 3806 345,
353 3756 380 3796 2.
398 3739 445 3791 ίίαί
458 3739 546 3810 μέχρι]
562 3737 679 3800 Σύστασις
697 3742 740 3790 τοῦ
754 3738 844 3792 οἰκείου
859 3740 905 3812 πρδ
919 3744 962 3807 τῆς
975 3740 1024 3795 ἐπι-

240 3821 342 3892 κρίσεως
353 3823 395 3873 τοῦ
409 3820 634 3891 κατηγορουμίνου.
646 3819 675 3871 Β.

279 3900 340 3966 345,
354 3900 380 3956 5.
398 3900 494 3971 Χωρίς]
510 3899 568 3970 πρός
579 3897 710 3965 διαστολὴν
722 3905 770 3953 τῶν
785 3898 934 3957 ἀκουόντων.
957 3905 988 3957 Β.

278 3978 340 4044 345,
358 3994 399 4032 12.
415 3976 527 4049 Ἄριστα]
542 3977 702 4048 ἰσχυρότερα,
717 3975 905 4051 ῥητορικώτερα.
922 3983 952 4036 Ρ.

279 4058 341 4125 345,
359 4062 400 4111 16.
418 4058 495 4126 Δεῖν]
509 4056 564 4111 ἀντί
576 4061 620 4109 τοῦ
635 4055 771 4128 ἀναγκαίαν
790 4054 865 4112 εἰναι.
878 4059 952 4115 ΑΤΡ.

277 4140 386 4209 Βραχεῖς
398 4157 426 4191 τε
439 4138 480 4192 καί
501 4137 626 4209 μετρίους]
637 4137 672 4189 Tb
686 4135 730 4208 μάν
742 4141 786 4206 τῆς
797 4140 943 4210 συντομίας,
957 4139 986 4193 rb
1000 4141 1026 4194 δέ

242 4219 286 4285 τῆς
301 4216 387 4289 ἀρετῆς
398 4221 447 4270 τῶν
461 4215 604 4288 εἰρημένων.
616 4216 685 4269 ch
692 4257 697 4268 .
713 4216 835 4287 Βραχεῖς,
848 4216 925 4288 ἤγουν
940 4222 1026 4274 συντό-

244 4315 317 4368 μους·
335 4296 457 4369 μετρίους,
472 4294 549 4367 ἤγουν
563 4294 691 4363 ἰπιεικεῖς,
707 4295 898 4367 φιλανθρώπους.
916 4300 970 4354 ἸῬ.

279 4378 349 4443 345,
367 4395 409 4448 19.
425 4377 466 4450 Τῷ
484 4383 532 4431 τῶν
554 4377 713 4449 συμμάχων]
733 4377 767 4439 ὡς
786 4376 808 4430 εἰ
821 4375 922 4449 ἔλεγεν·
937 4380 1025 4434 ἀπασιν

243 4454 360 4529 Αἰσχίνης
380 4455 536 4525 ἠναντιώθη,
556 4462 608 4519 τοῖς
630 4457 770 4529 συμμάχοις
791 4456 833 4508 καί
852 4458 906 4511 νυνὶ
926 4458 953 4512 δέ
974 4467 1027 4523 τοῖς

237 4537 384 4609 ἀκροαταῖς.
403 4540 433 4590 B.

279 4618 357 4683 345,
383 4634 427 4672 κο.
461 4616 659 4687 Συνηγοροῦντος
686 4617 810 4686 δόγματι]
836 4621 1026 4688 συμμαχοῦντος

232 4697 312 4771 ιδόξῃ.
327 4700 358 4751 Ρ.

282 4776 344 4840 345,
360 4791 405 4829 21.
416 4774 583 4846 Βράττοντος]
602 4773 795 4846 ἀγωνιζομένου.
809 4774 839 4827 Ρ.

277 4856 343 4920 345,
359 4871 403 4909 σο.
420 4855 519 4926 Ταῦτα]
533 4854 590 4925 έμά.
604 4856 634 4908 Ρ.

274 4935 341 5000 345,
356 4938 401 4998 α4.
422 4933 556 5006 Συνηγόρει
577 4932 676 5004 ἐκείνῳ]
697 4932 750 5004 μεθ’
763 4930 842 5003 ἐτέρας
860 4933 967 4997 διανοίας
977 4932 1026 4996 ἰξε-

242 5014 312 5076 τάζει
322 5016 365 5065 τοῦ
377 5014 591 5084 κατηγορουμένου
605 5011 636 5064 τά
651 5011 756 5083 ῥῆματα.
772 5011 800 5063 Β.

1069 3604 1113 3654 ρον
1133 3584 1217 3645 τιθείς·
1239 3582 1267 3635 ού
1290 3582 1338 3655 γάρ
1360 3602 1390 3654 τη
1409 3581 1474 3643 τάξει
1492 3578 1615 3649 ἐχρήσατο
1633 3580 1676 3644 τῆς
1692 3575 1854 3645 ἐπαγγελίας,

1070 3663 1136 3716 ἀλλά
1156 3660 1200 3729 τὴν
1223 3662 1290 3725 τάξιν
1310 3664 1417 3733 συγχέας
1435 3665 1485 3714 τῶν
1507 3658 1646 3728 κεφαλαίων
1672 3659 1714 3721 τῆς
1731 3674 1855 3725 προκατα·

1069 3746 1164 3809 σκευῆς,
1173 3740 1258 3812 ούχὼς
1272 3741 1437 3812 ἐπηγγείλατο
1448 3736 1631 3800 κατασκευάζει,
1645 3733 1712 3786 ἀλλά
1721 3737 1764 3800 τῆς
1774 3731 1853 3802 ἐπαγ-

1070 3819 1153 3888 γελίας
1167 3820 1195 3873 rb
1209 3822 1317 3891 πέμπτον
1333 3820 1415 3887 τίθησι
1429 3822 1537 3889 πρῶτον,
1556 3813 1584 3866 rb
1602 3813 1629 3866 δὲ
1645 3813 1758 3883 δεύτερον
1772 3811 1857 3879 τίθησι

1071 3896 1196 3968 δεύτερον·
1207 3898 1382 3958 κατασκευάζει
1394 3895 1419 3949 δέ
1432 3895 1508 3967 μόνον
1520 3893 1550 3946 rb
1564 3891 1675 3963 δεύτερον
1688 3897 1741 3945 νῦν,
1754 3890 1815 3944 ΒΥ.

1104 3976 1198 4048 Ἥκω]
1212 3975 1385 4047 συνηθροίσθη.

1106 4056 1168 4126 347,
1188 4073 1213 4108 1.
1231 4057 1344 4126 Πρῶτος]
1364 4052 1568 4125 ἰνπρωτολογίᾳ.
1582 4053 1612 4104 Ρ.

1106 4137 1167 4205 347,
1186 4152 1213 4190 κ.
1235 4137 1353 4206 Πειρῖισθε
1365 4131 1628 4206 συνδιαμνημονεύειν]
1651 4125 1854 4198 Αίσχυνθῆσεται

1070 4214 1118 4286 γάρ
1137 4217 1238 4277 ἕκαστος
1250 4223 1298 4268 τῶν
1311 4213 1451 4267 ἀκουόντων
1465 4214 1537 4284 μόνος
1549 4209 1725 4279 ἀπολειφθῆναι
1737 4208 1780 4272 τῆς
1793 4206 1856 4276 μνῆ-

1099 4315 1126 4362 ,ς.
1139 4295 1217 4348 TCV.
1785 4298 1787 4301 “

1071 4314 1168 4440 μἰ347,
1185 4376 1211 4427 8.
1227 4371 1390 4443 Βάμπληθες]
1406 4370 1545 4434 παντελῶς,
1559 4368 1633 4428 δλως.

1106 4454 1167 4523 347.
1190 4473 1217 4522 9.
1230 4451 1304 4505 '00⁰’
1323 4452 1444 4522 ἅπαντας]
1463 4449 1518 4503 ἀντί
1531 4453 1575 4502 τοῦ
1589 4445 1714 4505 δουλεύσας
1726 4441 1788 4515 ῦμάς
1801 4444 1855 4504 τοῖς

1069 4531 1138 4599 ἡδέσι
1152 4532 1251 4604 λόγοις,
1266 4533 1347 4602 ὥσπερ
1358 4529 1531 4601 αἰχμαλώτους
1542 4527 1680 4596 ἀπάγαγεν.
1696 4527 1726 4578 Ρ.

1106 4612 1168 4680 347,
1184 4629 1225 4664 10.
1240 4610 1305 4682 Ἔφη
1319 4611 1367 4682 γὰρ
1380 4610 1449 4677 ἤκειν
1463 4609 1598 4678 πεπεικὼς]
1614 4605 1700 4665 ίίαλδις
1715 4600 1784 4656 εἶπεν
1805 4598 1850 4653 ούκ

1070 4688 1182 4756 ἀκηκοὼς
1202 4691 1268 4761 παρὰ
1286 4690 1412 4745 Φιλίππου
1435 4688 1533 4752 ἁπλῶς,
1552 4683 1618 4737 ἀλλά
1633 4682 1752 4743 πεπεικὼς
1765 4679 1856 4733 Φίλιπ·

1070 4789 1127 4835 πον,
1141 4770 1185 4823 ἰ’να
1201 4768 1234 4840 μὴ
1246 4771 1279 4832 ὡς
1290 4768 1448 4837 ἐξαπατηθεὶς
1461 4768 1586 4839 φαίνηται.
1602 4761 1747 4834 Προδιαλύει
1768 4759 1794 4811 δὲ
1812 4757 1855 4810 καλ

1070 4851 1134 4903 ούτω
1147 4852 1176 4903 rb
1187 4855 1290 4921 χρῶμα·
1304 4856 1354 4911 πῶς
1372 4848 1420 4921 γάρ
1434 4848 1448 4901 ό
1459 4848 1515 4902 τότε
1527 4846 1611 4906 πείσας
1621 4841 1745 4908 ὴπάτηταῑ
1754 4859 1761 4901 3
1771 4838 1851 4890 TCV·

1107 4932 1168 4999 347,
1187 4946 1228 4983 ια.
1250 4929 1296 4984 Ιίαί
1309 4928 1364 4999 περί
1374 4936 1422 4982 τῶν
1434 4926 1460 4982 έν
1474 4923 1658 4998 Ἀμφικτύοσιν]
1673 4922 1736 4974 ὣστε
1749 4920 1855 4985 ζητῆσαι

1070 5011 1111 5063 καί
1124 5011 1211 5082 μαθεῖν
1221 5010 1284 5071 τίνες
1294 5007 1416 5076 ἰσύλησαν
1436 5013 1480 5061 τοῦ
1494 5006 1561 5076 ίεροῦ
1575 5003 1605 5057 τά
1616 5001 1744 5073 χρήματα.
1759 4995 1854 5067 Ἐμελε

282 5092 343 5157 345,
357 5094 401 5148 25.
415 5090 458 5155 Ὣς
467 5091 580 5146 ούτε’τῶν
591 5093 719 5164 προγόνων
727 5092 799 5164 ίιμιίς]
814 5089 844 5144 Ὅ
854 5091 897 5163 μέν
907 5090 1028 5163 Αἰσχίνης
1070 5091 1118 5163 γάρ
1138 5093 1190 5152 τοῖς
1213 5089 1365 5163 Ἀμφικτύοσι
1384 5091 1480 5144 τούτου.
1501 5089 1583 5142 TCV.
1604 5085 1662 5137 Ὅτι
1682 5081 1797 5149 Βηῦαίων
1811 5078 1855 5132 καί

244 5171 300 5244 περὶ
312 5177 362 5224 τῶν
374 5172 529 5243 φαυλοτέρων
545 5171 606 5243 ἐφη,
618 5172 658 5234 οῦς
672 5172 714 5225 καί
726 5172 818 5241 ζηλοῦν
832 5170 963 5237 έκώλυσεν,
976 5172 1026 5225 όδέ

245 5258 281 5327 τῷ
292 5251 418 5325 κοινῷτδν
434 5251 512 5323 λόγον
529 5251 656 5323 ἐτράχυνε.
667 5252 744 5306 TCV.
773 5252 864 5307 ’ίατέον
877 5254 914 5306 ότι
929 5253 1024 5324 σοφίζε·

1069 5172 1178 5225 Φωκέων
1188 5171 1362 5242 πολεμούντων
1377 5169 1435 5240 πρδς
1447 5168 1545 5230 ἑαυτούς
1555 5165 1596 5218 διὰ
1605 5164 1649 5230 τὴν
1659 5159 1854 5234 Παραποταμίαν

1069 5256 1128 5323 γῆν,
1142 5251 1165 5303 οί
1181 5251 1287 5319 θηῦαῖοι
1304 5250 1401 5322 μᾶλλον
1413 5249 1574 5320 ίεροσύλησαν
1589 5246 1617 5299 εδ
1631 5245 1655 5299 ἰν
1669 5242 1773 5312 Δελφοῖς
1785 5238 1853 5309 ίερδν
