3967 5967
674 468 714 528 11.
738 466 829 529 ΠΕΡΙ
853 468 1188 531 ΠΔΤΔΠΡΕΣΒΕΙΔΣ.
1682 475 1735 526 νῦν

171 596 224 666 Τὴν
242 598 360 672 θμιτέραν
377 595 474 671 ἀργὴν]
494 597 527 661 είς
543 596 620 671 ἀργὴν
639 598 701 671 ὑμᾶς
723 600 799 671 μόνον
819 602 916 667 κινῆσαι
1001 617 1041 655 ιι.
1060 600 1207 671 Τερατείαν]
1220 599 1299 653 οίονεί
1309 597 1481 670 ψευδολογίαν,
1492 596 1553 652 καθδ
1564 597 1605 651 καὶ
1616 597 1647 652 τά
1656 599 1743 669 τίρατα

137 678 211 732 θίλει.
223 679 263 732 Ι.
960 680 1081 750 γινόμενα
1092 677 1203 749 ψτθδεται
1216 677 1261 744 τὴν
1274 678 1353 748 φθσιν.
1369 679 1451 732 FLM.

176 757 304 820 Ἀπίθανος
320 759 375 825 ὢν]
395 756 424 811 οθ
444 757 526 821 πιστός
545 760 591 823 ῶν,
611 756 646 831 μη
666 759 800 831 δυνάμενος
822 763 913 813 πεῖσαι.
997 754 1032 828 ’ῌ
1044 756 1086 823 δ’]
1100 757 1148 809 Δθο
1163 758 1222 828 μίρη
1236 757 1288 811 ίστλ
1299 761 1342 812 τοῦ
1360 756 1453 827 λόγου,
1470 756 1623 827 σημαίνοντα
1640 758 1695 810 καθ’
1712 758 1742 810 δν

136 834 282 890 Τοθναντίον
298 836 325 890 a&
343 835 457 906 βοθλεται
469 835 561 902 λόγοιν,
580 837 619 891 θτι
636 840 760 910 γνώριμος
774 841 809 890 ὢν
828 837 916 909 ίπλτῇ
962 832 992 900 δν]
1007 836 1105 905 τρόπον.
1122 837 1204 892 FLM.

136 914 203 988 αίτίφ
219 917 295 989 ταύτῃ
315 916 357 970 καί
378 915 585 988 όμολογονμίνως
599 919 744 989 δωροδόκος.
762 919 844 972 BLM.
881 917 916 972 Ἥ
1001 930 1042 968 12.
1062 914 1205 988 Σπονδαῖς]
1221 915 1252 969 Οί
1260 915 1422 987 καταγγελεῖς
1433 920 1481 969 τῶν
1494 913 1597 986 ἀγώνων
1607 914 1742 968 καλοῦνται

136 995 221 1060 οθτως·
237 995 359 1058 ἀπιθάνως
369 995 484 1064 τοιαθτην
497 995 600 1068 θπσθίαν
612 995 669 1069 ίμοί
678 997 805 1069 ίπιφίρων.
816 997 845 1053 Β.
962 995 1123 1066 σπονδοφόροι
1133 996 1197 1049 καίό
1209 997 1299 1068 χρόνος
1310 996 1411 1059 ἐκεῖνος,
1424 994 1479 1048 καθ’
1490 996 1519 1048 δν
1531 995 1634 1065 άγονται
1645 994 1670 1047 οί
1680 992 1744 1065 ἀγῶ·

172 1080 199 1141 ό.
218 1076 471 1149 Ψυχαγωγηθίντες]
492 1074 547 1130 ἀντί
562 1081 608 1130 τοῦ
628 1076 790 1145 ἀπατηθίνεες
807 1076 855 1132 θπδ
875 1082 918 1146 τῆς
962 1090 1014 1137 νες,
1030 1074 1146 1137 σπονδαί,
1167 1074 1209 1127 διδ
1227 1076 1257 1129 τδ
1277 1077 1329 1137 τοῖς
1351 1076 1417 1136 θεοῖς
1432 1075 1488 1127 τότε
1511 1073 1621 1143 γίνεσθαι
1638 1072 1744 1135 σπονδὰς

136 1152 235 1222 ἡδονῆς.
248 1157 301 1209 FL.
338 1155 453 1209 Τουτίστι
465 1157 498 1227 τῇ
510 1160 560 1209 τῶν
572 1155 657 1227 λόγων
669 1154 830 1228 αθτοῦήδονῇ
843 1174 918 1227 παρα-
961 1152 1072 1225 baim
1088 1152 1219 1218 Ἑλλάδος.
1256 1155 1291 1208 Τό
1303 1149 1347 1208 οθν
1358 1151 1383 1206 ἔν
1394 1155 1448 1215 ταῖς
1456 1153 1573 1214 σπονδαῖς
1583 1154 1637 1214 ταῖς
1650 1150 1743 1225 Ὀλυμ·

137 1235 280 1298 πεισθέντες.
291 1236 373 1290 BLM.
962 1229 1312 1307 πιακαῖςίντιῑιχρόνῳῷτά
1324 1226 1622 1304 Ὀλῦμπιαῆγονθῑιίά.
1641 1230 1744 1303 Ἐνγδρ

175 1311 330 1382 Ἀντιθίτοις]
340 1315 392 1377 τοῖς
403 1313 427 1377 ίζ
440 1312 612 1385 ἀντικειμίνων
628 1311 780 1385 λιγομίνοις.
798 1311 918 1367 Ἀντίθετα
962 1314 1017 1375 ταῖς
1028 1311 1154 1383 ἐπισήμοις
1165 1312 1261 1384 ίορταῖς
1277 1312 1421 1368 ίσπένδοντο
1434 1310 1458 1363 οί
1469 1310 1592 1378 Ἕλληνες
1606 1311 1665 1381 πρός
1677 1311 1744 1365 οίον·

137 1391 185 1463 γάρ
196 1392 336 1458 λίγουσιτά
349 1391 375 1446 ίν
389 1394 494 1465 περιόδῳ
510 1392 587 1464 διπλῇ
599 1389 647 1445 ἀπθ
666 1391 850 1465 ἀντικειμίνων,
862 1391 917 1447 οίον
962 1392 1053 1459 δήποτε
1068 1390 1140 1462 εἶχον
1154 1393 1265 1464 πόλεμον
1279 1390 1312 1456 είς
1328 1392 1372 1446 τδν
1384 1392 1475 1462 χρόνον
1487 1393 1530 1456 τῆς
1544 1388 1636 1461 ἑορτῆς.
1651 1392 1731 1445 Bm.

141 1471 229 1534 ντοθς
241 1472 326 1544 φίλους
342 1470 385 1543 μέν
399 1494 411 1523 ν
425 1471 621 1539 λυεεῶν,τοδςδ’
633 1470 735 1544 ίχθροίνς
748 1471 914 1544 εθεργετῶν.ι
1001 1476 1041 1536 τίς.
1067 1470 1292 1545 Ἐπιγραψάμινοι]
1306 1472 1363 1526 ἀντὶ
1375 1475 1420 1525 τοῦ
1432 1470 1616 1542 προγράψαντες
1630 1470 1672 1524 καί
1684 1470 1744 1525 ίπο·

139 1550 211 1605 Ἔστι
232 1551 281 1623 γάρ
308 1556 382 1606 τοῦτο
402 1551 509 1606 δίκωλον
532 1550 708 1622 ἀντικείμενον.
768 1549 874 1619 Ἡδονὴν
894 1553 917 1606 δ’
963 1551 1095 1617 θαλόντες,
1109 1552 1152 1604 ἵνα
1163 1551 1235 1615 αθτδς
1248 1551 1416 1625 κατηγορήσῃ.
1430 1551 1512 1604 ΒΤΜ.

138 1627 192 1699 ίχει
201 1628 230 1683 τό
248 1628 373 1685 ἀντίθετον
389 1634 487 1702 σχῆμα,
500 1626 554 1682 οίον
566 1629 661 1702 (Dem.
674 1647 701 1702 p.
717 1630 778 1696 31⁵,
792 1631 824 1704 θ)
837 1631 917 1685 ίδίδα·
1002 1629 1227 1704 Ἀπολογοθμινος]
1244 1631 1258 1685 ό
1271 1633 1373 1693 Λυκῖνος
1383 1630 1510 1698 δηλονότι.
1525 1631 1555 1684 F.

138 1724 193 1769 em
202 1708 351 1779 γράμματα,
368 1705 419 1779 ίγάυ
431 1707 458 1761 δλ
469 1705 581 1779 ίφοίτινν.
596 1728 608 1757 ν
622 1707 705 1766 BLM.
1001 1711 1043 1764 15.
1066 1708 1217 1781 Ἱκετηρίαν]
1232 1708 1352 1779 Ἱκετηρία
1373 1712 1415 1781 μίν
1429 1707 1523 1774 ἐστινὴ
1541 1707 1599 1778 θπίρ
1614 1725 1658 1761 του
1676 1727 1745 1780 γινο.

173 1790 201 1845 5.
222 1785 301 1861 Ὗμᾶς
313 1786 356 1859 μέν
370 1783 432 1855 οθν]
444 1788 523 1841 Τοῦτο
535 1785 598 1849 τινδς
610 1786 692 1858 τρίτον
700 1787 918 1863 προοίμιον.Ἕστι
964 1792 1024 1861 μόνη
1045 1790 1140 1857 δίησις,
1157 1788 1267 1859 ίκετηρία
1286 1787 1312 1841 δὲ
1331 1787 1408 1849 οῦτως
1426 1784 1535 1859 ίγίνετο·
1555 1785 1644 1857 ράόδον
1660 1785 1747 1859 θαλλῷ

137 1866 164 1920 δὲ
177 1872 220 1921 τοῦ
230 1869 341 1939 δεντίρον
354 1867 525 1939 συμπίρασμα.
538 1867 599 1921 LM.
963 1867 1046 1930 ίλαίας
1066 1868 1152 1940 στίψας
1169 1869 1279 1935 καθῆστο
1299 1868 1410 1938 κατέχων
1430 1865 1464 1929 είς
1482 1865 1525 1919 τδν
1540 1865 1627 1921 Ἐλόον
1648 1866 1744 1938 βωμόν,

173 1947 355 2023 Διαφερόνεως]
371 1944 426 1999 ἀντί
438 1948 482 1999 τοῦ
495 1944 558 1999 πάνυ
574 1943 618 1997 καλ
627 1943 683 1997 καθ’
694 1942 842 2014 ίνπκρόολην.
856 1946 917 2000 LM.
964 1947 1048 2017 μίχρις
1060 1941 1090 1999 οὗ
1102 1965 1168 2008 τινος
1180 1945 1253 2017 ίτυχε
1265 1951 1312 1999 τῶν
1325 1945 1436 1998 δικαίων.
1449 1945 1530 2000 BLM.

177 2023 300 2095 Ἀνόσιον]
314 2026 359 2080 τόν
380 2027 396 2078 ἀ
409 2040 443 2097 μη
457 2023 625 2095 ίπιτίτραπται
640 2028 775 2078 ποιοῦντα·
788 2025 856 2078 θσιον
870 2024 919 2097 γάρ
1003 2024 1173 2097 Ἀριστόδημον
1183 2028 1193 2094 ]
1203 2022 1282 2087 Οὗτος
1300 2024 1444 2080 ἔακαλεῖτο
1458 2023 1501 2095 μίν
1515 2022 1675 2095 Στεμφόλιος,
1693 2025 1745 2079 Με-

138 2104 167 2158 τθ
180 2103 207 2158 lx
218 2109 266 2158 τῶν
281 2106 365 2176 νόμων
377 2103 594 2175 δτιτετραμμίνον.
608 2104 688 2159 BLM.
962 2106 1108 2167 ταποντῖνος
1117 2105 1140 2157 δ’
1151 2099 1182 2172 ἦν
1193 2105 1223 2158 τδ
1233 2105 1317 2175 γίνος,
1336 2102 1377 2156 καί
1391 2102 1457 2156 ίνίκα
1468 2103 1504 2165 δλς
1515 2101 1554 2157 ἐπὶ
1567 2104 1689 2171 θηναίων·
1705 2105 1746 2158 διὰ

174 2188 201 2236 θ.
221 2183 375 2256 Παράδοξος]
393 2183 489 2251 Ταύτην
504 2183 528 2236 οί
540 2183 596 2255 περί
608 2182 781 2254 Μαρκελλῖνον
796 2203 919 2256 προκατα·
963 2182 1008 2249 τὴν
1022 2185 1126 2256 γνώμην
1139 2182 1165 2237 δὲ
1178 2180 1234 2250 ἤτοι
1247 2187 1338 2253 γνῶσιν
1351 2182 1367 2248 ἢ
1379 2182 1500 2247 διάνοιαν,
1519 2181 1553 2243 ὣς
1570 2182 1640 2245 ὄντος
1651 2181 1746 2255 ἀγαθοῦ

139 2263 226 2330 σκευήν
238 2282 320 2334 φασιν·
337 2263 390 2318 ίστι
404 2263 431 2317 δά
444 2264 525 2335 τρίτον
536 2263 675 2336 προοίμιον.
691 2263 772 2319 BLM.
965 2263 1028 2320 LM.

177 2340 327 2415 Ἐπηρῦτα]
340 2343 423 2397 Ταῦτά
434 2362 507 2415 φησιν
519 2342 638 2414 είρηκάναι
649 2344 817 2414 Δημοσθένην,
829 2344 920 2418 ἀ[οθκ]
956 2388 961 2393 .
1002 2344 1044 2398 ιθ.
1067 2339 1133 2395 Ἀλλ’
1156 2341 1277 2412 ίφθασεν]
1292 2338 1335 2393 ‘fl'
1346 2338 1455 2401 οθνταζίς
1473 2340 1548 2406 ἔστιν,
1571 2340 1629 2393 ἀλλ’
1642 2340 1745 2412 ίφθασεν

140 2419 285 2488 ἀπαιτητέον
305 2421 331 2475 ἔτι
348 2421 484 2494 τοῦλόγου
501 2426 545 2475 τοῦ
566 2422 761 2494 Δημοσθενικοῦ·
775 2423 860 2478 πολλὰ
871 2424 920 2497 γάρ
964 2418 1038 2473 αθτδν
1055 2418 1196 2492 Ἰατροκλῆς
1210 2418 1289 2474 ίλθιδν
1308 2418 1335 2473 ίκ
1350 2418 1520 2485 Μακεδονίας,
1541 2420 1569 2482 δς
1588 2418 1747 2491 αἰχμάλωτος

138 2499 201 2562 είκδς
210 2499 286 2554 εἰπεῖν
300 2500 373 2555 αθτδν
385 2500 411 2555 ίν
422 2500 542 2574 τῷάγῶνι
550 2501 593 2555 καί
600 2501 747 2573 παραλιπεῖν
755 2502 781 2556 ίν
791 2502 915 2577 α’μλόγῳ,
964 2502 1097 2573 γενόμενος
1110 2500 1196 2572 ἀφείθη
1206 2499 1254 2554 θπδ
1266 2499 1392 2553 Φιλίππου
1405 2498 1463 2552 ἀνευ
1474 2498 1580 2570 λύτρων.
1597 2501 1658 2554 LM.

137 2580 304 2650 δοκιμάσαντα
316 2580 469 2653 θιςπιριττά.
485 2581 566 2636 affl.
1003 2596 1044 2649 17.
1064 2578 1116 2645 Τὴν
1130 2578 1239 2650 βουλὴν]
1251 2578 1487 2632 τῶνπεντακοοίων.
1503 2579 1533 2631 F.

177 2656 349 2729 Ἀπογνῶναι]
364 2657 419 2713 οἷον
435 2657 469 2732 με]
483 2658 710 2730 καταθηφίσασθαι·
728 2659 777 2714 ἀπδ
794 2664 879 2714 κοινοῦ
893 2660 920 2715 δά
1002 2660 1045 2714 18,
1065 2658 1121 2711 Τῶν
1135 2658 1193 2712 δίκα
1206 2656 1328 2729 πρίσθεων
1338 2659 1348 2724 ]
1360 2655 1415 2707 Τῶν
1430 2655 1488 2709 δότε
1504 2654 1613 2728 ρητόρων
1633 2656 1648 2709 ό
1663 2658 1747 2728 σκάρι-

138 2736 167 2790 τδ
182 2735 205 2790 εί
214 2735 270 2790 οίόν
283 2756 319 2792 τε.
333 2738 415 2793 rm.
964 2757 1020 2809 φος·
1038 2737 1128 2800 Ἰσαῖος
1136 2737 1227 2809 λόγους
1238 2735 1271 2803 α’,
1288 2733 1428 2807 Ὑπερείδης
1438 2734 1529 2806 λόγους
1542 2734 1590 2806 ρο’,
1607 2733 1748 2807 Ἰσοκράτης

177 2814 246 2888 Ἐγὼ
259 2815 299 2886 δ’]
313 2813 344 2869 Ἦ
356 2816 438 2879 λθσις·
454 2816 506 2870 ίστι
517 2814 581 2870 δάτδ
592 2819 679 2888 σχῆμα
686 2818 827 2888 περιτροιπί.
837 2819 919 2875 rm.
964 2816 1055 2888 λόγους
1067 2818 1100 2881 α’,
1117 2814 1230 2887 Ἀντιφῶν
1244 2813 1334 2886 λόγους
1349 2812 1380 2880 ν’,
1394 2813 1527 2883 Δείναρχος
1546 2811 1637 2883 λόγους
1649 2814 1683 2879 ν’,
1701 2816 1747 2867 Δυ·

176 2894 328 2968 Ἀπογνοθς]
339 2894 354 2947 ό
367 2893 400 2967 μὴ
414 2895 639 2968 καταψηφιζόμενος
652 2894 739 2948 ίαυτοῦ
748 2893 850 2963 ἀδικίαν,
861 2897 920 2950 ἀλλ’
965 2901 1018 2963 σίας
1030 2900 1121 2971 λόγους
1134 2903 1167 2971 Τι’,
1190 2901 1327 2969 Λυκοῦργος
1339 2896 1430 2967 λόγους
1442 2895 1478 2964 η’,
1497 2895 1634 2964 Ἀνδοκίδης
1656 2896 1747 2969 λόγους

139 2974 255 3029 ἀπολθων
267 2982 302 3048 τῷ
316 2974 350 3048 μὴ
362 2975 495 3029 συνειδίναι
507 2973 584 3047 ίαντῳ
595 2973 728 3028 ἀδικοῦντι.
743 2976 824 3032 BLM.
951 3038 953 3042 Ι
966 2980 1018 3052 μδ,
1034 2979 1150 3050 Αἰσχίνης
1162 2980 1253 3051 λόγους
1269 2976 1305 3049 γ’,
1324 2978 1480 3049 Δημοσθίνης
1494 2977 1584 3050 λόγους
1594 2976 1644 3031 σοι’.
1657 2979 1687 3032 Τ.

173 3059 200 3112 θ.
220 3055 365 3124 Εθόοόλου]
378 3052 615 3127 Οθτοςδημαγωγδς
628 3052 859 3121 ίνδοξοςκατάτοθς
867 3057 922 3128 περὶ
1005 3077 1046 3128 ¹9·
1067 3059 1108 3123 Είς
1124 3058 1155 3113 τά
1168 3059 1322 3130 πράγματα]
1340 3057 1373 3119 εἰς
1385 3055 1414 3112 τδ
1427 3058 1540 3130 γενίσθαι
1556 3055 1664 3128 είρηνην.
1680 3059 1710 3111 Τ.

137 3134 295 3206 Δημοοθίνην
309 3134 420 3207 γεγονὼς
432 3135 544 3206 χρόνους·
561 3130 590 3186 οὗ
603 3132 767 3197 ἀποθανόντος
782 3132 922 3208 Ὑπερείδης
1001 3140 1096 3202 ίίίτινες
1108 3170 1143 3181 -
1155 3137 1364 3209 παραιτήσονται]
1378 3136 1455 3191 οίονεί
1467 3138 1618 3208 συγγνώμην
1631 3135 1746 3204 αἴτησον·

137 3215 251 3286 περὶτῶν
265 3221 342 3287 τιμῶν
354 3214 432 3286 λόγον
447 3212 546 3286 ίγραθε.
585 3212 726 3285 Λεγομίνου
745 3213 772 3268 δί
784 3218 828 3269 τοῦ
842 3215 921 3289 λόγον
964 3238 1015 3273 ται.
1028 3220 1110 3273 mi.
1147 3215 1208 3271 Οίον
1227 3215 1286 3287 ίπθρ
1301 3219 1346 3270 τοῦ
1361 3214 1513 3286 χάριναθτῷ
1530 3213 1686 3286 ὁμολογῆσαι
1703 3217 1747 3270 τόν

137 3294 224 3347 τοῦτον
243 3293 282 3349 lul
295 3293 360 3349 τθιιι
374 3293 389 3347 ό
401 3291 523 3365 Αἰσχίνης
544 3290 617 3345 αθτδν
632 3293 752 3346 συνδικεῖν
765 3291 832 3366 dm}
843 3314 920 3367 παρα·
964 3299 1045 3368 δῆμον
1054 3296 1095 3350 διό
1106 3296 1135 3352 τό
1145 3296 1264 3369 ἀγγεῖλαι
1277 3294 1322 3362 τὴν
1334 3294 1442 3365 εἰρήνην.
1459 3296 1488 3349 Τ.

139 3372 222 3427 καλεῖ.
236 3373 319 3427 BLM.
1000 3375 1051 3443 Τὴν
1065 3376 1244 3449 ίκμαρτνρίαν]
1258 3376 1377 3446 μαρτυρία
1391 3376 1434 3444 μίν
1449 3373 1514 3428 ίστιν
1528 3375 1588 3427 όταν
1606 3373 1667 3435 τινὲς
1686 3393 1747 3446 μαρ-

173 3472 201 3522 9.
223 3449 369 3523 Ἀτιμάζει]
384 3449 439 3504 ἀντί
450 3454 494 3504 τοῦ
506 3448 631 3510 εθτελίζει.
649 3450 678 3502 Τ.
965 3455 1086 3526 τυρησωσι
1098 3454 1200 3526 παρόντι
1213 3451 1271 3519 τινί,
1282 3452 1430 3524 ίκμαριυρία
1440 3450 1467 3505 ei
1477 3449 1493 3517 ἢ
1505 3450 1560 3521 περὶ
1571 3449 1675 3512 ἀπόντος
1684 3451 1749 3514 τινός

172 3528 254 3583 Ὅπου
266 3529 354 3601 τίχοι]
369 3527 425 3582 ἀντί
443 3532 488 3583 τοῦ
502 3527 527 3582 ἀν
541 3527 678 3599 οίῳδιίποτε
694 3530 759 3599 μίρει
772 3533 815 3582 τοῦ
831 3529 918 3601 λόγου.
964 3533 1144 3605 ναίάποδημου
1154 3532 1321 3604 ίπάρχοντος,
1336 3531 1450 3602 λέγοντες
1464 3531 1503 3584 ότι
1515 3534 1681 3602 μαρτυροῦμεν
1694 3532 1749 3596 θυι,

139 3607 220 3660 Fffl·
965 3614 1007 3671 ὅτε
1018 3616 1108 3684 παρῆν,
1125 3612 1197 3684 ίλεγε
1210 3612 1276 3668 τόδε.
1305 3610 1458 3675 Ιίαίλοιπθν,
1471 3608 1644 3664 είίπανελθὼν
1657 3608 1749 3673 ἐκεῖνος

176 3701 217 3739 ιο.
241 3683 398 3757 Ἔνεχείρησε
419 3685 462 3754 δ’]
477 3682 517 3739 ίπί
536 3690 585 3738 τῶν
601 3686 732 3753 διαιτητῶν
751 3684 806 3742 είπε
818 3692 892 3743 τοῦτο
907 3690 922 3744 θ
966 3689 1034 3747 εἶπεν
1044 3693 1083 3747 θτι
1093 3691 1162 3746 οθδέν
1172 3690 1254 3757 εἶπον,
1266 3690 1390 3762 ίκρίνοντο
1399 3686 1467 3743 οὗτοι
1476 3690 1629 3760 συκοφάνται.
1644 3689 1746 3746 nrm.

137 3763 306 3834 Δημοσθένης,
320 3763 400 3818 ὠκόκι
416 3764 499 3835 μίντοι
516 3762 558 3816 καί
577 3763 603 3818 ἀν
619 3770 656 3836 τῷ
672 3764 820 3839 δικαστηρίῳ
832 3767 874 3820 διδ
891 3769 920 3823 τδ
964 3771 1036 3826 θέλει
1050 3769 1127 3827 εἰπεῖν
1147 3773 1186 3826 ότι
1199 3770 1340 3842 ἀρρσόῶνας
1351 3765 1382 3838 ἢν
1400 3769 1530 3841 δεξάμενος
1543 3768 1565 3822 ό,
1576 3766 1748 3840 Ἀριστόδημος

137 3841 264 3899 ἀπίθανον.
306 3841 378 3911 Ἐξῆν
391 3844 440 3914 γάρ
457 3860 513 3896 τινα
526 3843 722 3914 παραιτήσασθαι
735 3844 838 3917 ῥηθέντα
856 3847 922 3918 παρά
965 3850 1014 3905 ἀπό
1026 3868 1099 3904 τινων
1115 3850 1213 3906 πόλεων
1231 3848 1331 3921 πρδςτδ
1345 3849 1515 3921 ἀγωνίσασθαι
1526 3847 1551 3901 ἀν
1566 3845 1660 3910 αι’νταῖς.
1685 3848 1748 3901 ’Ἦν

137 3926 189 3985 τοῖς
199 3924 348 3992 διαιτηταῖς,
367 3921 432 3990 πλὴν
445 3928 495 3978 τῶν
513 3920 641 3995 ίγγράφων
656 3924 699 3976 καί
711 3923 883 3995 ίμθληθίντων
895 3927 920 3981 ἀν
964 3931 1013 4004 γόῳ
1023 3931 1163 4003 τραγῳδός,
1176 3929 1220 3984 καί
1229 3930 1277 3984 ίδιι
1285 3929 1382 3996 αθτδνῆ
1389 3927 1556 4000 ἀγωνίσασθαι
1567 3927 1583 3994 ἢ
1595 3927 1695 3981 διπλοῦν
1705 3927 1749 3980 τόν

136 4006 188 4066 τοῖς
200 4003 299 4075 ίχίνοις.
316 4005 397 4057 FLM.
965 4010 1094 4081 ἀρραόῶνα
1103 4008 1269 4067 καταθαλεῖν,
1286 4008 1356 4062 Ἔδει
1367 4004 1411 4060 οάν
1420 4007 1544 4078 πρίοὸεων
1558 4012 1606 4060 τῶν
1617 4008 1748 4061 πεισόντων

176 4081 291 4156 ‘kastel
305 4083 365 4155 Πῦρ]
377 4083 422 4151 ῖθί
436 4082 532 4156 ww
547 4082 699 4156 θίθθθῐθῐῦῖ
716 4081 818 4156 δίῗῐᾶῦ
830 4086 920 4157 Ῐῑῐρά·
965 4090 1008 4152 τὰς
1026 4089 1110 4152 πόλεις
1131 4086 1165 4161 μυ]
1186 4088 1289 4143 διπλοῦν
1303 4088 1346 4141 τόν
1363 4086 1492 4158 άρραθῶνα
1514 4085 1675 4157 κομίσασθαι,
1692 4085 1749 4141 ἀλλ’

136 4164 194 4233 φθαι
212 4160 342 4234 Ἱμεραῖος.
379 4165 481 4236 Τίμαιος
493 4162 542 4236 γάρ
556 4161 579 4218 ίν
591 4167 624 4236 τῇ
639 4164 698 4238 ίκτη
711 4164 808 4236 ίστορεῖ
816 4166 921 4236 γυναῖκά
965 4169 1187 4224 άτλοῦν.“ΒΤΙ,Μ.
1228 4166 1393 4239 Ἐκμαρτυρία
1403 4165 1468 4219 ἐστίν
1479 4166 1538 4218 όταν
1553 4163 1667 4235 μὴεῖδὼς
1678 4164 1749 4227 αίιτδς

137 4260 192 4295 τινα
205 4241 233 4294 τό
246 4242 316 4313 γίνος
331 4240 454 4314 Ἱμεραίαν
469 4241 530 4297 ίδεῖν
542 4243 602 4314 όναρ
614 4242 730 4297 ἀνιοῦσαν
743 4242 818 4309 σίντην
831 4241 864 4307 είς
877 4244 920 4298 τόν
966 4251 1092 4320 μσρτυρῇ,
1106 4246 1173 4299 ἀλλά
1183 4248 1263 4320 φάσκῃ
1276 4245 1416 4314 ἀκηκοέναι.
1431 4244 1534 4306 Ἀλλως.
1559 4240 1590 4296 Ἥ
1604 4242 1691 4314 τοῖιμή
1701 4263 1749 4297 ποι·

136 4318 240 4390 οίιρανδν
253 4320 295 4373 καί
308 4322 366 4391 πρός
377 4340 442 4384 τινος
455 4322 557 4394 ἀγεσθαι
575 4322 726 4395 θεασομίνην
738 4320 781 4383 τάς
798 4327 847 4375 τῶν
859 4323 920 4379 θεῶν
965 4330 1051 4399 ρόντος
1069 4326 1189 4399 μαρτυρία
1197 4325 1310 4382 καλεῖται
1328 4323 1488 4395 ίκμαρτυρία,
1504 4320 1558 4375 οἷον
1568 4326 1614 4379 τοῖι
1623 4321 1749 4386 ἀξιοῦντος

136 4396 251 4465 οίκησεις.
291 4397 369 4452 Ἔνθα
383 4397 443 4453 ίδεῖν
461 4400 561 4454 παλτόν
575 4401 620 4453 Δία
633 4401 797 4473 καθεζόμενον
812 4400 853 4457 inl
864 4401 920 4472 θρό·
966 4407 1093 4477 μαρτυρία.
1114 4404 1168 4462 Τῶν
1181 4403 1374 4474 ἀποδημούντων
1389 4399 1437 4473 γάρ
1448 4400 1490 4453 καθ
1500 4406 1549 4455 τῶν
1562 4399 1595 4472 μὴ
1607 4401 1749 4471 δυναμένων

138 4496 195 4543 νον,
211 4475 282 4551 ίφέἷν
297 4477 391 4532 ίδόδετο
404 4479 491 4551 πυρρός
509 4498 544 4541 τις
557 4480 683 4552 ἀνθρωπος
693 4481 735 4535 καί
747 4482 823 4553 μίγας
836 4480 921 4539 ἀλόσει
966 4483 1048 4537 ἐλθεῖν
1067 4483 1100 4544 είς
1116 4483 1146 4537 τό
1167 4482 1323 4552 δικαστήριον
1343 4480 1385 4533 καί
1406 4478 1450 4541 τάς
1469 4483 1519 4531 τῶν
1539 4477 1749 4546 τετελευτηκότων

137 4557 179 4610 καί
190 4557 276 4630 κλοιῷ·
294 4556 387 4629 ίρίσθαι
403 4554 447 4612 οθν
461 4559 504 4612 τδν
517 4561 668 4631 περιάγοντα
682 4562 749 4624 ὅστις
763 4560 823 4627 ίστί,
837 4561 921 4617 τδνδθ
966 4564 1097 4635 μαρτυρίας
1117 4561 1144 4616 ίκ
1165 4561 1340 4632 γραμματείων
1366 4556 1545 4628 ἀνεγίνωσκον,
1564 4558 1593 4611 αθ
1616 4556 1750 4615 ἐκαλοῦντο

138 4635 225 4701 εἰπεῖν,
248 4635 430 4707 άλάστωρ.ίστί
446 4640 490 4704 ιῆς
505 4637 614 4700 Δαυλίας
631 4639 674 4693 καί
689 4638 809 4707 Ἰταλίας,
823 4640 866 4692 καί
879 4640 920 4697 ίάν
966 4638 1131 4712 ἐκμαρτυρίαι.
1145 4640 1226 4692 BLM.

137 4733 182 4785 περ
203 4712 298 4787 ἀφεθῇ,
322 4714 365 4778 τάς
388 4719 471 4788 χώρας
499 4712 633 4788 διαφθερεῖ.
671 4718 868 4791 Περιαναστσῖσαν
895 4722 921 4776 δὲ
1004 4721 1052 4774 Καί
1065 4717 1304 4788 τίςότάςδωρεάς]
1321 4714 1522 4787 Ὕπίσχετογάρ,
1541 4715 1562 4769 εί
1577 4716 1620 4787 μίν
1633 4717 1659 4770 αἱ
1667 4718 1750 4779 πόλεις

137 4797 222 4870 χρόνῳ
235 4796 336 4869 ὕστερον
347 4795 483 4863 ίιπαντῆσαι
494 4796 613 4868 Διονυσίῳ
626 4803 662 4869 τῷ
675 4799 784 4871 τυράννῳ
800 4798 861 4870 μετά
871 4805 921 4854 τῶν
967 4804 1122 4874 συγχωροῖεν
1132 4799 1174 4863 τάς
1184 4800 1273 4871 ζημίας
1286 4796 1461 4869 Ἀριστοδήμῳ,
1471 4795 1548 4868 ὀρθῶς
1558 4794 1637 4867 ίχειν,
1648 4797 1669 4850 εί
1678 4798 1704 4852 δὲ
1715 4797 1748 4869 μὴ

137 4875 287 4948 δορυφόρων,
304 4874 402 4929 ίδοῦοαν
422 4875 449 4930 δί
469 4874 617 4947 ἀνακραγεῖν
635 4877 668 4939 ὡς
688 4874 758 4940 οθτος
775 4876 813 4944 είη
836 4877 851 4931 ό
866 4880 920 4933 τότε
966 4883 1120 4953 συγχωροῖεν
1133 4881 1175 4934 τόν
1190 4881 1270 4951 δῆμον
1282 4878 1373 4933 πείσειν
1384 4873 1475 4946 δωρεὰς
1491 4874 1557 4948 αὖτῖρ
1569 4878 1650 4929 δοῦναι
1669 4878 1685 4928 ἀ
1703 4892 1749 4929 κα·

137 4955 252 5029 ἀλάστωρ
262 4956 384 5027 δειχθείς,
396 4955 438 5009 καί
448 4955 500 5027 ἅμα
514 4958 592 5007 ταῦτα
607 4954 729 5027 λέγουσαν
741 4959 881 5027 περιπεσεῖν
888 4957 921 5021 είς
965 4963 1070 5016 ταῦάλοι
1084 4962 1092 5030 (
1104 4962 1177 5015 λάθοι
1188 4959 1286 5026 codd.)
1299 4956 1432 5026 ἀλλαχόθι.
1447 4955 1526 5010 BLM.

137 5036 167 5091 τό
188 5036 275 5108 ἔδαφος
287 5036 445 5091 ἐκλυθεῖσαν·
470 5033 532 5108 μετὰ
548 5033 575 5088 δί
587 5037 707 5108 τρίμηνον
722 5034 802 5091 οὗκίτι
816 5035 921 5108 ὀφθῆναι
1002 5059 1045 5097 20.
1070 5039 1148 5092 ’ίί-
1162 5039 1286 5106 ἔνστασις]
1302 5035 1357 5089 ἀντί
1375 5039 1418 5087 τοῦ
1436 5032 1529 5104 ὴάργη
1542 5038 1584 5100 τῆς
1602 5032 1694 5102 είρηνης
1709 5035 1755 5088 καὶ·

138 5114 183 5181 τὴν
195 5117 319 5186 γυναῖκα,
332 5115 379 5170 ίιπθ
392 5117 518 5172 Διονυσίου
530 5116 702 5190 διαφθαρεῖσαν
719 5116 806 5188 λάθρα.
845 5114 922 5180 Οὗτος
965 5121 1046 5190 ὥσπερ
1061 5120 1155 5190 κρηπίς.
1170 5119 1252 5171 FLM.

137 5193 224 5262 ίίρειάν
245 5213 318 5264 φησιν
333 5192 396 5248 εἶναι
417 5194 461 5264 τὴν
478 5197 596 5267 γυναῖκα,
614 5196 718 5266 μηδενός
734 5200 807 5253 τοῦτο
821 5196 919 5269 ίστορή-
1003 5216 1046 5253 εν,
1072 5195 1447 5267 Ὀλοσχοίνῳῐίδόλόσχοινον
1459 5193 1533 5261 φυτόν
1547 5189 1749 5263 ἔστιν,ᾧχρῶν·

138 5292 234 5336 ww&
248 5276 330 5328 BLM.
967 5297 1005 5330 ται
1019 5277 1070 5332 ἀντί
1082 5276 1193 5347 βελόνης.
1234 5274 1353 5346 ᾍθροχον
1373 5273 1398 5326 δὲ
1420 5269 1501 5329 εἶπεν·
1520 5271 1617 5325 είιίιθασι
1638 5271 1686 5343 γὰρ
1699 5273 1756 5344 βρζ.
