3967 5967
655 453 760 515 ΧΧίΙί.
783 454 888 514 ΚΑΤΑ
907 454 1236 521 ΧΡΙΣΤΟΚΡΚΤΟΥΣ.
1692 467 1743 520 m

143 583 198 648 τοῖς
209 581 294 646 αύτοῖς
305 581 440 654 κεχρῆσθαι
451 579 573 653 ῥήμασιν,
588 583 632 635 ἵνα
644 581 678 655 μή
687 585 785 638 δοκοῖεν
795 582 924 655 ἀπειρόκα-
971 585 1014 637 καί
1027 590 1128 658 χρυσοῖς
1137 589 1261 659 στιράνοις
1274 588 1347 643 αύτθν
1356 592 1565 661 οτιρανιθσαντας.
1606 587 1671 643 Ἀλλ’
1683 590 1704 643 εί
1712 590 1754 643 καὶ

143 665 186 721 λοι
200 665 265 721 εἶναι
288 664 415 737 θναλλαγῇ
433 667 477 731 τῆς
491 664 591 735 φύσεως.
630 663 707 720 Εἶπεν
724 661 768 720 σύν
793 666 835 720 καί
851 665 877 718 ἔν
890 671 927 737 τῷ
971 662 1070 735 θείημεν
1080 666 1120 718 τδν
1129 667 1472 739 Χαρίδημονκαίγεγενῆσθαι
1483 668 1538 739 περὶ
1548 666 1752 737 ήμᾶςσπουδαῖον

144 745 208 800 κατά
222 744 391 815 Ἀνδροτίωνος
406 742 436 797 τδ
449 742 519 797 vhe.
971 741 1014 792 καί
1025 739 1089 793 εἶναι
1100 744 1142 795 καί
1156 743 1268 808 ίσισθαι,
1283 747 1325 797 καί
1334 746 1454 816 μηδέποτε
1465 743 1546 810 ἀλλην
1558 744 1684 815 γνώμηνή
1699 743 1753 796 ταύ·

181 827 244 890 653,
256 824 301 878 τ5.
315 823 382 890 Ἤδη
397 824 424 877 δί
434 823 480 876 τιν’
495 820 578 887 εἶδον,
592 818 615 877 ὦ
627 824 711 896 ἀνδρες
725 822 867 895 Ἀθηναῖοι]
877 824 927 876 Τοῦ
971 836 1018 886 την
1030 820 1148 890 σχήσνιν,
1163 820 1232 875 ούδίν
1247 821 1344 894 μᾶλλον
1361 821 1415 894 ἔχει
1428 826 1504 876 ταῦτα
1516 821 1582 893 αύτῷ
1591 821 1671 884 καλῶς
1681 822 1753 893 ήηρί·

146 906 309 976 συμφέροντος
321 902 430 958 ίντεῖιθεν
443 902 577 974 ἀναίρεσις,
590 904 628 957 ότι
636 903 690 958 ούδί
699 905 828 975 συμρίρει,
838 903 882 955 ἵνα
894 900 928 975 μή
973 900 1070 954 σασθαι.

145 982 187 1035 διά
196 984 225 1036 τό
236 983 359 1054 χρήσιμον
368 983 502 1053 κυρώσητε.
1009 980 1071 1047 659,
1088 995 1134 1049 ²9·
1143 979 1280 1051 ’Βκδοτον]
1293 982 1479 1051 προδεδομένον.
1493 982 1524 1034 Β.

182 1064 245 1126 654,
261 1067 306 1115 α6.
320 1061 375 1114 Ἵνα
386 1060 413 1113 δὲ
425 1060 458 1132 μὴ
468 1061 531 1115 πάνυ
548 1060 679 1134 θαυμάζῃ]
696 1059 850 1115 ’λντιπῖπτον
863 1060 925 1127 λύει·
1010 1061 1072 1121 660,
1087 1057 1204 1111 amr
1218 1059 1277 1129 άχρι
1290 1059 1428 1112 τούτουκαὶ
1442 1059 1523 1130 ριλεῖν
1538 1056 1627 1130 οἶμαι]
1643 1056 1754 1127 Είρηκὼς

146 1139 212 1195 εἴποι
225 1141 273 1211 γάρ
285 1141 315 1193 ἀν
329 1160 378 1205 τις,
394 1138 452 1191 ἀλλ’
464 1138 493 1193 ού
507 1139 614 1210 διαμίνει
633 1138 664 1193 τά
674 1141 835 1212 γεγραμμένοι
854 1139 879 1194 ίν
894 1144 931 1210 τῷ
973 1135 1003 1191 τδ
1015 1136 1077 1189 κατὰ
1087 1139 1157 1208 μίρος
1168 1137 1277 1209 ἀπήγαγε
1288 1138 1318 1191 τό
1329 1138 1449 1192 καθόλου·
1465 1139 1566 1199 καὶτοῖς
1576 1137 1756 1207 παραδείγμασι

145 1222 298 1293 ψηφίσματι,
311 1219 340 1273 ού
348 1219 397 1290 γάρ
411 1218 488 1281 υύτως
498 1217 587 1289 ἰσχύει.
627 1216 659 1271 Ὅ
667 1219 694 1273 δί
706 1220 879 1281 κατασκευάζει
892 1220 931 1273 ότι
974 1217 1073 1279 πείσας,
1084 1222 1120 1288 τῷ
1130 1215 1283 1289 ἐνθυμήματι
1291 1217 1398 1271 καθόλου
1412 1218 1465 1270 ὄντι
1477 1218 1575 1288 βεόαιοῖ
1584 1215 1615 1269 τά
1623 1216 1753 1286 λεχθίντα.

147 1300 231 1357 πολλὰ
244 1301 341 1352 δύναιτο
352 1300 380 1353 τό
393 1299 519 1369 ήήρισμα,
534 1296 562 1351 ίκ
574 1301 789 1371 παραδειγμάτων.
978 1292 1078 1363 Ἐπειδὴ
1093 1295 1119 1349 δὲ
1132 1296 1244 1350 παλαιῶν
1262 1299 1414 1369 πραγμάτων
1426 1293 1457 1365 ήν
1475 1297 1588 1369 μνησθείς
1602 1296 1643 1348 καί
1655 1295 1695 1347 διὰ
1712 1295 1754 1349 τθν

186 1380 250 1441 655,
263 1379 307 1430 αθ,
322 1376 363 1430 Ἂν
379 1372 423 1432 σύν
443 1375 544 1432 εἴπωσιν
555 1375 635 1450 ἡμῖν]
653 1376 753 1445 Ἐπειδὴ
765 1379 814 1450 γάρ
829 1377 932 1448 θλθγος
975 1374 1068 1444 χρόνον
1080 1373 1213 1442 άσόεστοή
1238 1377 1340 1448 μνήμη,
1355 1376 1395 1428 διδ
1413 1377 1592 1431 τοῦΦιλίππου
1607 1377 1659 1437 τοῖς
1672 1376 1756 1428 νεωτέ-

149 1459 309 1529 θρασύτιρος,
335 1457 407 1529 ἀλλιρ
428 1457 553 1527 περιάπτει
579 1459 719 1528 προσάντυρ,
745 1458 789 1510 ἵνα
808 1455 841 1529 μὴ
860 1453 932 1516 αύτδς
976 1470 1027 1523 ροις
1051 1455 1192 1524 πράγμασιν
1211 1454 1297 1517 αύτούς
1312 1455 1344 1517 είς
1366 1456 1446 1509 πίστιν
1471 1456 1535 1526 άγει.
1576 1454 1663 1525 Καιρὸν
1684 1454 1710 1507 δὲ
1725 1454 1755 1507 τ“ο

150 1537 191 1608 ἀρ’
209 1538 297 1590 θαυτοθ
314 1541 391 1590 ταθτα
408 1535 492 1607 λίγειν
506 1536 583 1608 δοκῇ,
599 1535 681 1606 ίτερος
697 1536 723 1589 δὲ
737 1533 775 1602 είη
797 1532 931 1606 θρθεγγό·
977 1531 1080 1600 μίτραν·
1097 1532 1185 1602 μέτρον
1198 1530 1246 1603 γάρ
1259 1533 1303 1586 τόν
1320 1533 1404 1603 καιρὸν
1418 1531 1536 1593 πολλάκις
1550 1532 1667 1603 λέγομεν.

149 1634 231 1687 μενος.
1014 1613 1076 1672 66ε,
1090 1626 1135 1679 27.
1150 1607 1216 1662 Ἀλλ’
1234 1610 1269 1672 ὡς
1282 1610 1337 1663 οθδί
1351 1611 1433 1673 πιστός
1445 1610 1477 1673 είς
1492 1611 1535 1663 τὸν
1548 1609 1632 1663 ἔπειτα
1645 1608 1756 1680 χρόνον]

186 1695 248 1762 657,
267 1710 291 1747 ε.
309 1689 400 1746 ’Ᾰκούω
419 1693 501 1746 τοίνυν
516 1691 620 1763 αύτούς]
638 1692 767 1764 Πρότασις.
783 1693 814 1745 Β.
854 1689 932 1743 ’Κυτί-
977 1688 1012 1741 To
1025 1687 1116 1759 μέλλον
1132 1695 1299 1759 ατοχαατικῶς
1308 1693 1445 1745 πιστοῦται.
1486 1688 1655 1759 ’Βπείγᾶρτδ
1668 1689 1756 1759 συμρί-

150 1775 230 1835 θεσις,
246 1773 285 1826 ότι
296 1769 324 1824 ού
339 1770 485 1840 βουλήσεται
497 1769 529 1823 τά
542 1769 678 1837 ίπιδλαδή,
692 1769 759 1823 ἀλλά
770 1768 932 1839 τάιδρίλιμα.
978 1786 1021 1839 ρον
1036 1767 1062 1821 ίν
1079 1773 1115 1839 τῷ
1130 1768 1260 1839 μέλλοντι,
1281 1767 1367 1838 ἀρανίς
1385 1767 1428 1832 δὲ,
1442 1768 1483 1820 διδ
1497 1773 1569 1821 τοῦτο
1584 1767 1610 1820 ἔκ
1632 1773 1681 1820 τῶν
1700 1784 1759 1836 πρα·

153 1850 319 1905 Κατεσκεύασε
329 1848 356 1901 δδ
367 1846 412 1915 τήν
426 1847 548 1903 ἀντίθεσιν
564 1848 614 1904 ἀπό
626 1868 654 1903 τε
665 1852 768 1922 γνῶμης
777 1853 823 1904 τού
843 1849 934 1920 Κερσο-
978 1868 997 1919 χ
998 1850 1087 1902 θίντων
1099 1847 1145 1913 τήν
1159 1848 1239 1901 πίστιν
1255 1849 1364 1904 δίδωσιν.

150 1928 256 1983 sumu
269 1926 362 1993 καὶτῆς
372 1932 420 1980 τῶν
432 1927 560 1998 προσόδων
570 1928 715 1994 ποσότητος.
752 1926 848 1981 θύκούν
861 1927 935 1994 δυνή-
1015 1932 1078 1991 664,
1092 1944 1133 1981 ια.
1148 1926 1250 1998 Χαίγάρ
1259 1925 1339 1981 ίκεῖνο
1349 1927 1462 1998 νομίζω]
1475 1926 1598 1997 Λογισμδς
1610 1924 1637 1979 ἐκ
1646 1928 1690 1977 τοῖν
1702 1942 1760 1994 συμ·

152 2025 221 2061 σεται
233 2005 277 2077 μίν
297 2003 342 2072 τήν
357 2009 461 2077 γνώμην
473 2006 589 2078 λύσαιτῇ
606 2006 670 2060 κατὰ
684 2012 732 2059 τῶν
745 2009 868 2077 τυράννων
881 2008 935 2059 δια·
978 2006 1102 2076 ρίροντσς.

152 2086 217 2157 6ολῇ
230 2084 272 2136 καί
283 2084 357 2155 τῷτθ
370 2078 429 2150 ήθος
442 2082 508 2136 εἶναι
521 2087 565 2137 τού
578 2084 720 2156 Χαριδήμου
732 2084 871 2156 βάρόαρον,
890 2082 935 2151 τήν
1015 2089 1078 2149 664,
1095 2087 1136 2138 ιθ.
1150 2083 1223 2137 Ἔστι
1237 2081 1286 2154 γάρ
1297 2083 1376 2154 ρίλων
1390 2082 1507 2154 ἀγαθῶν]
1526 2081 1697 2154 ’Βνθυμήματι
1715 2100 1760 2133 κα·

151 2164 180 2218 δί
193 2163 319 2229 ποσότητα
341 2160 390 2216 ἀπδ
409 2166 453 2230 τῆς
473 2162 629 2235 όπαρχοόσης
649 2165 720 2235 φύσει
738 2165 791 2227 τοῖς
812 2165 937 2234 τυράννοις
980 2164 1072 2236 θολικῷ
1086 2164 1117 2216 τά
1128 2164 1248 2233 λεχθέντα
1260 2162 1465 2234 ίπισρραγίζεται.

151 2240 302 2303 πλεονεξίας·
691 2230 699 2242 ’
1017 2248 1079 2307 664,
1092 2244 1137 2296 α5.
1154 2242 1198 2305 Ὧς
1207 2241 1229 2295 τί
1239 2243 1281 2294 καί
1295 2242 1414 2313 βάρθαρος
1424 2242 1468 2294 καί
1476 2242 1593 2312 ἀπιστος]
1607 2238 1760 2293 ’Κντιπῖπτον

156 2363 160 2371 .
189 2323 253 2392 657,
269 2340 298 2379 α.
318 2319 364 2374 Ὅν
378 2320 420 2374 καί
433 2320 550 2391 πρότερόν
562 2338 623 2374 ποτε
639 2318 937 2392 ’ΧρισεόμαχοςΓΩσπερ
981 2321 1048 2386 λύει,
1064 2321 1121 2374 ἀλλ’
1148 2320 1192 2374 οθκ
1218 2319 1328 2387 ἀδικήσει
1350 2320 1506 2392 Χαρίδημον,
1531 2319 1552 2374 εί
1574 2319 1616 2372 καί
1632 2319 1761 2390 βάρδαρος.

151 2398 178 2453 οί
191 2399 372 2471 ριλιππῖζοντες
387 2397 435 2468 [τά
448 2403 493 2453 τοῖι
504 2399 647 2462 Φιλίππου,
661 2400 671 2471 l
687 2397 752 2453 ούτω
765 2399 807 2452 καί
822 2395 893 2461 οὗτος
907 2398 937 2453 εδ
981 2402 1038 2455 Λύει
1046 2401 1072 2455 δὲ
1086 2400 1145 2454 αύτδ
1160 2399 1188 2453 ίκ
1200 2405 1245 2454 τοῦ
1256 2400 1462 2472 παραδείγματος.

153 2485 204 2533 τῶν
218 2482 319 2551 θρρτῶν
333 2478 436 2549 ίρρόνει.
472 2476 524 2545 Τήν
539 2478 566 2532 δί
579 2477 701 2531 ἀντίθεσιν
711 2476 739 2532 ίκ
750 2482 795 2532 τού
808 2480 937 2549 προσώπου
1017 2481 1080 2542 665,
1093 2483 1119 2535 θ.
1134 2480 1181 2532 Καὶ
1192 2478 1240 2551 μὴν
1253 2480 1275 2533 εί
1288 2481 1350 2552 μήτι
1361 2482 1429 2551 φύσει
1440 2479 1552 2543 πιστδςό
1567 2478 1764 2550 Κερσοδλέπτης]

154 2563 199 2612 τού
219 2558 395 2629 Ἀριστομάχου
418 2559 564 2628 σαθροτίραν
585 2558 741 2612 ἀποδείκνυσι
759 2559 938 2619 κατασκευάσας
982 2556 1098 2629 Συλλογή
1112 2563 1160 2610 τῶν
1175 2556 1319 2629 εἰρημένων.
1355 2559 1504 2630 Διαρίρτιδί
1517 2562 1560 2624 τῆς
1578 2556 1764 2627 άνακεραλαιώ·

155 2635 242 2702 αύτήν.
279 2636 358 2689 Ὅταν
375 2635 423 2707 γάρ
445 2631 460 2707 fi
484 2635 601 2698 δύσλυτος
621 2635 787 2702 ήάντίθεσις,
801 2641 836 2707 τῷ
856 2636 937 2689 δοκεῖν
983 2633 1071 2701 σεωςή
1088 2634 1215 2705 συλλογή,
1230 2638 1268 2689 ότι
1282 2635 1298 2702 ή
1312 2635 1354 2706 μίν
1374 2635 1583 2706 ἀνακιραλαίωσις
1595 2637 1693 2689 πάντων
1714 2640 1764 2687 τῶν

155 2715 386 2784 κατασκευάζομεν,
414 2713 458 2766 ἵνα
484 2713 577 2776 λύσεως
598 2712 709 2785 ἀρορμάς
726 2713 836 2767 ἐντεῦθεν
871 2714 938 2784 πορί·
983 2713 1114 2783 θπικαίρων
1132 2713 1187 2784 ἔχει
1198 2712 1243 2778 τήν
1255 2715 1406 2787 θπόμνησιν,
1421 2714 1598 2782 ήδίσυλλογή
1612 2716 1661 2767 τῶν
1677 2713 1765 2785 ἀρτίως

155 2812 193 2847 σω
226 2814 248 2849 ν.
983 2792 1019 2844 λε·
1032 2793 1121 2846 θέντων
1155 2794 1222 2849 όνον.

191 2812 243 2925 θύα
258 2871 326 2924 ἔστιν
338 2871 347 2941 ]
363 2868 498 2941 Ὑπορορά.
511 2872 543 2925 Β.
1013 2812 1081 2937 665,
1102 2813 1155 2926 ιὸΧ
1164 2872 1222 2926 Ὅτι
1231 2874 1312 2927 τοίνυν
1326 2873 1398 2946 ἀνευ]
1409 2873 1495 2927 Διιτδν
1508 2872 1538 2926 τδ
1550 2874 1686 2944 συμρέρον,
1699 2873 1765 2925 τότε

193 2949 256 3018 657,
274 2950 316 3002 ιδ.
332 2946 401 3020 Ἐγὼ
412 2948 434 2999 δ’
449 2946 493 3000 ούκ
508 2946 592 3019 ἀπορεῖν
606 2948 649 3019 μίν
660 2947 756 3020 εἰπεῖν]
775 2945 805 3001 Ἦ
821 2948 889 3010 λύσις
900 2947 939 3002 ίν-
985 2950 1010 3005 ἐν
1021 2951 1120 3022 πράξεσι
1132 2952 1174 3004 καί
1185 2951 1236 3024 [τὸ]
1249 2950 1274 3005 ίν
1288 2951 1355 3025 δόξῃ.

157 3029 241 3082 τεΰθεν
254 3067 262 3090 ,
277 3026 322 3080 ούκ
334 3026 469 3088 ἀκόλουθος
481 3025 507 3079 δὲ
516 3030 547 3098 τῇ
559 3024 687 3080 ἀντιθέσει.
729 3024 828 3093 Ἐπειδὴ
841 3027 868 3081 δά
881 3026 942 3081 ίκεῖ·
1021 3032 1084 3095 665,
1095 3031 1140 3084 α5.
1155 3029 1213 3084 Ὅτι
1225 3032 1314 3093 πάντες
1325 3031 1350 3083 οί
1361 3030 1533 3101 ξεναγοῦντες]
1545 3027 1635 3082 Ξενικά
1654 3027 1765 3098 στρατεύ-

157 3125 197 3158 νοι
222 3105 314 3175 ἔφασαν
326 3102 361 3174 μή
376 3104 507 3174 βούλεσθαι
527 3105 556 3156 ἀν
571 3103 659 3169 αύτδν,
673 3103 700 3158 ίκ
722 3105 850 3177 λογισμῶν
867 3114 939 3160 τινῶν
986 3128 1051 3179 ματα
1074 3109 1187 3180 ἔχοντες,
1211 3111 1307 3172 πάντως
1332 3109 1358 3163 δί
1383 3115 1419 3181 τῷ
1440 3109 1564 3181 καθολικῶ
1588 3108 1766 3178 παραδείγματι

159 3186 304 3255 πρδςτούτο
331 3183 456 3251 ἀπήντησε
477 3183 505 3236 τδ
520 3181 616 3248 θέλειν,
632 3183 653 3237 εί
672 3181 824 3256 μήτῇκατά
838 3192 887 3239 τῶν
903 3206 942 3241 τυ-
985 3190 1116 3259 κέχρηται,
1133 3190 1176 3241 ἵνα
1194 3188 1245 3261 μή,
1259 3190 1293 3251 άις
1309 3188 1397 3260 ἔχθρδς
1413 3191 1448 3242 ὢν
1466 3186 1765 3260 αύτούδόξηδιαύάλλειν

158 3266 256 3335 ράννων
272 3262 378 3335 διαύολῇ
397 3262 473 3324 λύσας
484 3262 527 3315 καί
545 3267 581 3333 τῷ
603 3262 646 3315 τδν
661 3263 803 3334 Χαρίδημον
826 3262 892 3318 εἶναι
912 3266 941 3319 εδ
985 3265 1070 3322 αύτόν.

160 3337 219 3408 ἦθος
233 3341 365 3412 βάρῦαρῡθ·
402 3337 453 3404 Τὴν
474 3338 653 3407 aemma,
669 3338 717 3394 aab
731 3341 812 3407 tw*
830 3343 941 3414 τῇφῦσεε
1021 3347 1143 3409 665,υ6.
1157 3345 1254 3416 ’λρχειν
1272 3345 1474 3413 ξητοῖιαινΓΙνα
1488 3343 1708 3416 καίροόήσητοδς
1727 3343 1768 3413 άρ·

160 3423 208 3471 τῶν
231 3418 428 3471 δυναστευόντων
450 3414 590 3479 πλεονεξίας
620 3415 648 3470 ίκ
669 3418 874 3489 παραδειγμάτων
901 3419 942 3472 καί
985 3442 1091 3493 χοντας,
1107 3425 1242 3495 δτιὲτερον
1260 3423 1305 3491 τήν
1321 3422 1457 3497 ήγεμονίαν
1475 3424 1764 3495 άρπάσαιραντάζονται.

159 3496 313 3566 wem<
323 3493 398 3559 αὖῖδθ
409 3494 473 3547 Hm·
1022 3509 1085 3569 666,
1107 3509 1133 3559 6.
1154 3504 1210 3566 Πῶς
1230 3503 1278 3575 γάρ
1296 3503 1340 3556 ούκ
1357 3501 1474 3573 αίσχρδν]
1499 3501 1665 3573 Ἐπιγείρημα
1678 3500 1705 3554 ἐκ
1723 3505 1768 3553 τού

196 3575 258 3639 658,
276 3590 303 3629 2.
324 3574 374 3627 Τοῦ
395 3572 438 3644 μάν
452 3571 609 3644 ἧγοθμάθῦθ]
636 3572 820 3637 Χαῖασκεθάσας
841 3581 943 3646 μερικῶς
986 3582 1125 3644 ἐλάττονος,
1165 3581 1506 3654 Είγᾶρ,ρησὶ,ιατηγορςῖς
1520 3587 1569 3635 τῶν
1583 3580 1679 3634 ἐλάττω
1687 3580 1769 3651 πλημμ

160 3649 251 3703 ἐκτῶν
265 3649 586 3723 παραδειγμάτων,λοιπδν
595 3648 623 3702 ίκ
634 3656 683 3704 τῶν
696 3652 805 3705 καθόλου
815 3656 944 3725 συμπεραί·
987 3661 1142 3734 μελούντων,
1163 3667 1213 3724 πῶς
1229 3661 1330 3732 μείζονα
1344 3660 1415 3722 αύτδς
1440 3661 1532 3724 ἔτάξων
1557 3659 1601 3713 ούκ
1620 3657 1644 3713 εἷ
1658 3661 1768 3731 μεμπτά·

161 3748 198 3782 νει
211 3729 254 3782 τὀν
273 3729 361 3801 λόγον.
399 3728 434 3781 To
448 3722 493 3781 ούν
507 3729 619 3800 εὐτυχεῖν
642 3733 801 3803 προηγεῖται,
813 3731 894 3798 ἐπειδὴ
914 3732 942 3786 ia
986 3760 1070 3811 τερος

161 3810 224 3863 θῑῶθ
241 3828 277 3870 τίς
288 3809 347 3862 αὗῑί)
360 3810 482 3876 dmm·
1022 3823 1084 3882 666,
1102 3818 1142 3872 15.
1165 3818 1211 3870 Καὶ
1224 3821 1329 3890 γεγονός
1347 3838 1371 3872 τι
1393 3820 1515 3891 πρᾶγμα]
1530 3818 1609 3873 Τοῦτο
1621 3818 1648 3872 ἔκ
1666 3822 1710 3885 τῆς
1725 3823 1769 3872 τοῦ

198 3888 261 3953 658,
274 3908 301 3957 9.
316 3888 363 3942 Καί
384 3888 408 3942 τί
420 3889 462 3941 δεῖ
476 3887 601 3942 Φίλιππον
623 3887 726 3960 λέγειν]
747 3888 883 3954 Ἆποδείξας
905 3892 944 3945 θτι
986 3898 1073 3969 ὁμοίου
1089 3899 1250 3969 παραθάσεως.

161 3964 262 4037 εύτυχία
273 3967 285 4037 [
295 3967 343 4039 ού]
359 3967 422 4039 μετὰ
439 3971 483 4021 τού
506 3960 534 4020 εύ
546 3974 644 4039 ρρονιῖν
665 3970 824 4040 παραγίνεται
840 3970 881 4023 διά
899 3975 943 4025 τού
1023 3982 1084 4046 667,
1099 3992 1144 4029 ατ.
1158 3977 1283 4049 Βούλομαι
1292 3979 1374 4030 τοίνυν
1386 3976 1433 4043 ήδη
1445 3978 1487 4029 καί
1497 3976 1709 4047 τάπεπραγμένα]
1720 3976 1770 4029 Τοῦ

160 4044 304 4110 Φιλίππου,
321 4046 365 4099 ἵνα
389 4044 423 4117 μή
446 4064 482 4108 τις
503 4043 583 4111 εἴποι,
599 4045 666 4100 ἀλλά
690 4047 811 4101 Μακεδὼν
831 4050 872 4103 καλ
892 4051 945 4122 ἅμα
986 4056 1080 4108 δικαίου
1090 4057 1161 4127 μίρος
1171 4057 1197 4109 αί
1205 4056 1312 4129 πράξεις·
1323 4058 1383 4127 ὅπερ
1394 4054 1454 4126 μετὰ
1463 4054 1495 4107 <b
1507 4056 1614 4125 νόμιμον
1629 4054 1670 4105 καί
1681 4052 1713 4106 τά
1725 4054 1771 4122 άθη

161 4126 251 4180 τούτου
261 4128 350 4198 γνώμη
362 4124 428 4179 αίτία
442 4128 569 4198 τυγχάνει,
578 4126 620 4180 διὰ
628 4131 701 4182 τοῦτο
712 4125 739 4181 ίκ
753 4134 801 4182 τῶν
815 4137 943 4202 προαεχῶν
987 4134 1056 4197 τάξαι
1068 4136 1137 4189 δίον·
1152 4133 1211 4187 ἀλλ’
1223 4133 1305 4201 ἐπειδὴ
1317 4136 1369 4206 Ιήδει
1383 4134 1412 4186 τό
1423 4138 1467 4187 τού
1482 4133 1622 4203 Χαριδήμου
1639 4132 1772 4200 πρόαυπον

162 4204 190 4260 ἐκ
205 4206 296 4267 Κότυος
310 4204 471 4261 ἀποδεικνύει.
501 4205 625 4260 Μάλιστα
636 4206 684 4279 γάρ
695 4205 729 4270 τίς
742 4206 816 4262 αύτδν
829 4209 944 4280 χαλιτῶς
988 4214 1028 4268 ἐπὶ
1041 4214 1070 4267 τδ
1084 4213 1180 4284 βέλτιον
1191 4214 1389 4285 ύπιιλημμάνον,
1402 4211 1430 4264 τδ
1449 4213 1567 4282 συμρίρον
1583 4210 1701 4279 προτάξας
1714 4208 1773 4261 ἀνά·

162 4284 236 4356 εἶχον
255 4285 279 4339 οἱ
294 4283 428 4351 Ἀθηναῖοι.
465 4285 526 4338 Τινά
543 4285 592 4357 γάρ
607 4286 770 4358 αἰχμάλωτον
784 4286 810 4342 θν
826 4296 861 4361 τῷ
876 4292 945 4363 πότῳ
987 4311 1050 4362 γκην
1066 4291 1131 4347 εἶναι
1143 4295 1195 4347 δεῖν
1208 4293 1326 4360 ἔπίθηκε,
1339 4292 1381 4344 καί
1400 4290 1493 4343 τούτων
1512 4290 1607 4343 ἀκούειν
1622 4288 1769 4358 ἀνὲχεσθαι·

163 4362 313 4435 dmm,
327 4361 415 4425 ἶῖῑθῐὶε
429 4362 495 4435 αύτῷ
507 4364 539 4417 τὰ
555 4368 599 4431 τῆς
610 4365 731 4429 Πολιάδος
742 4369 891 4440 παράσημα,
903 4369 945 4422 καί
988 4371 1035 4440 πρὸ
1052 4371 1100 4442 γάρ
1114 4374 1158 4425 τού
1169 4372 1330 4442 συμρίροντος
1342 4368 1457 4430 ἀπίθανος
1471 4370 1501 4420 ἀν
1516 4364 1546 4435 ήν
1561 4367 1624 4422 κατά
1638 4371 1681 4420 τοῦ
1696 4367 1775 4437 Χαρι·

162 4442 266 4515 ύδρίζων
279 4441 353 4496 αύτδν
364 4448 446 4514 σαριῖις
458 4441 488 4509 δὴ
501 4444 556 4505 τούς
571 4441 708 4511 Ἀθηναίους
718 4444 809 4516 ύόριζε.
846 4446 945 4518 Βορρό-
988 4449 1068 4520 δήμου
1079 4449 1169 4520 λίγων.
1181 4450 1254 4502 BSY.

164 4542 211 4586 νοις
223 4523 250 4577 δὲ
259 4521 327 4576 εἶπεν
339 4521 354 4573 θ
366 4520 447 4593 ῥήτωρ
459 4521 491 4584 εἰς
505 4522 579 4576 αύτδν
590 4524 709 4595 ύόρῖζιυν·
724 4523 739 4578 ό
752 4524 800 4597 γδιρ
814 4523 847 4587 είς
859 4524 944 4579 ίαυτδν
1025 4533 1087 4599 667,
1103 4546 1147 4582 σα.
1161 4528 1288 4598 Βούλομαι
1300 4528 1382 4580 τοίνυν
1398 4524 1466 4596 ήδη]
1485 4523 1608 4586 ’Βξίτασις
1624 4522 1713 4577 λοιπδν
1726 4527 1772 4576 τοῖν

164 4602 310 4675 άμαρτάνων
325 4600 411 4655 ἒαυτδν
424 4601 555 4658 ίῖλαπτεν.
989 4606 1092 4661 δικαίου.
1129 4605 1175 4658 Διά
1187 4607 1212 4660 τί
1222 4606 1249 4659 δδ
1262 4604 1287 4658 ἐν
1297 4611 1332 4677 τῷ
1345 4604 1409 4658 τίλιι
1419 4603 1502 4665 ίταξεν
1512 4601 1587 4664 ὠτός
1601 4602 1708 4672 λέγομεν
1721 4602 1770 4668 δτι,

185 4696 187 4700 ’
199 4682 262 4751 659,
280 4697 322 4749 17.
337 4679 395 4733 Ὅτι
404 4682 486 4735 τοίνυν
497 4680 562 4744 θλως
576 4681 627 4734 ούδ’
638 4680 818 4754 ύγιαινθντων]
831 4683 880 4737 Βού
888 4703 946 4756 πιμ-
991 4682 1073 4750 δπιιδή
1085 4683 1219 4752 ύπείληπτο
1229 4684 1262 4746 ύις
1276 4682 1373 4748 εὔνους,
1387 4682 1537 4753 βουλόμενος
1547 4680 1613 4734 λύσιν
1625 4681 1715 4747 ταύτην
1726 4679 1771 4746 τήν

162 4761 277 4831 ρίροντος
289 4760 418 4832 λογισμός.
455 4761 491 4814 Τδ
503 4761 551 4832 γάρ
563 4761 648 4823 ἀδοξον
663 4762 705 4814 καί
716 4760 813 4824 ύνδοξον
829 4762 861 4826 είς
873 4768 946 4817 τοῦτο
989 4764 1120 4828 ύπόνοιαν,
1132 4763 1200 4816 ίναύ
1214 4761 1333 4834 ἀκροατής
1349 4761 1510 4832 ἀνιστάμενος
1524 4760 1558 4832 μή
1572 4759 1718 4826 ἐπιλάθηται
1730 4756 1768 4812 ὧν

165 4835 320 4908 ἀναρίρεται,
337 4838 412 4908 διχῶς
422 4836 471 4909 γάρ
481 4838 511 4891 τδ
522 4839 658 4909 συμρίρον,
671 4838 700 4892 τδ
713 4838 756 4910 μίν
771 4840 798 4893 ἐκ
810 4846 857 4893 τῶν
867 4860 946 4912 τραγ·
990 4841 1078 4913 ἀρτίως
1088 4841 1201 4908 ήκουσεν.
1239 4841 1270 4894 E?
1281 4841 1329 4913 γάρ
1340 4841 1365 4903 ἐξ
1375 4841 1453 4912 ἀρχῆς
1463 4837 1494 4907 ήν
1507 4840 1673 4911 γιγνόμενον,
1683 4838 1728 4892 ούκ
1742 4840 1772 4892 ἀν

166 4917 265 4988 Κόωνι
278 4916 307 4970 ¹⁸⁰
321 4915 384 4970 &31
397 4920 440 4984 τῆς
453 4916 532 4984 δόξης·
570 4916 649 4970 ’[θῦῑο
662 4911 706 4970 οὖν
720 4917 747 4971 ίκ
758 4922 800 4986 τῆς
808 4920 894 4987 δόξης,
908 4921 946 4974 θτι
991 4923 1083 4993 δμοίως
1095 4920 1143 4975 ύπδ
1156 4928 1205 4976 τῶν
1220 4923 1341 4975 δικαστῶν
1362 4919 1465 4987 ήκούετο
1486 4920 1678 4989 ἐναντιουμένων
1691 4918 1773 4972 αδτῶν

165 4994 241 5067 χωρίς
255 4999 299 5049 τοῦ
314 4995 431 5066 βλάπτειν
445 4996 476 5050 τά
496 4996 629 5067 πράγματα
642 4996 684 5050 καί
698 4994 743 5062 τήν
765 4997 884 5069 ύπόληήιν
902 4998 946 5050 λυ·
991 5002 1146 5073 τῇγνιίιμη,
1161 5001 1195 5064 ιὀς
1209 5000 1301 5054 ούκῶν
1326 5005 1436 5062 τοιοῦτος
1454 4997 1506 5061 οἶος
1528 4998 1664 5070 νομίζεται.
1705 4995 1773 5050 Ἀλλ’

166 5076 289 5149 μαίνεται.
991 5078 1122 5135 ἐκδέδωκεν
1135 5078 1232 5144 αύτυῖς,
1245 5078 1286 5131 καὶ
1298 5078 1381 5140 πείσας
1392 5075 1418 5130 δν
1430 5079 1481 5138 τοῖς
1494 5079 1613 5148 πρώτοις,
1629 5076 1773 5147 εδμαράστε·

202 5156 265 5225 659,
282 5155 327 5210 αδ.
339 5154 386 5208 Καὶ
397 5153 446 5227 μήν
458 5154 500 5208 καί
512 5155 612 5225 χρυσοῖς
623 5156 767 5228 στεφάνοις]
786 5153 816 5208 Ἡ
831 5155 948 5221 ἀντίθεσις
992 5178 1035 5230 ρον
1046 5159 1132 5213 τούτου
1141 5159 1253 5221 δέξασθαι
1266 5158 1382 5225 πεποίηκε
1393 5156 1439 5223 τήν
1451 5156 1567 5220 ίξίτασιν.
1606 5156 1714 5228 ἸΙρξατο
1728 5176 1776 5229 μιν

166 5233 333 5306 στοχαστική·
353 5232 417 5289 Ἀλλ’
433 5232 477 5288 ούκ
491 5235 521 5287 ἂν
535 5233 620 5288 ίλοιτο
633 5233 747 5301 ἀδικῆσαι
757 5234 813 5297 τούς
826 5241 947 5308 τιμῶντας
970 5221 975 5277 ί
993 5233 1037 5291 οθυ
1054 5237 1081 5292 ἐκ
1094 5239 1233 5309 προοιμίου.
1270 5238 1357 5304 Τίθησι
1369 5237 1392 5289 δ’
1407 5236 1475 5300 εύθθς
1490 5235 1658 5308 ἀνθυποροράν
1669 5235 1716 5309 πρδ
1728 5238 1773 5291 τοθ
