3967 5967
666 455 779 520 ΧΧΙΥ.
800 454 903 519 xm
924 450 1208 518 ΤΙΜΟΚΡΑΊῸΥΣ.
1681 457 1738 512 m

136 576 262 653 τίωντοῖς
274 588 350 645 πάλαι
358 589 477 661 κειμένοις
489 588 621 660 τιθεμένων
631 588 725 661 νόμων.
763 588 915 659 1Ἀρχεταιθί
959 587 1139 650 πεντακοσίων,
1152 585 1174 639 εἰ
1185 586 1227 638 δεῖ
1236 582 1372 655 λαμόάνειν
1384 578 1460 648 αύτὴν
1469 582 1603 652 στίρανον,
1617 578 1659 633 ἰόν
1670 579 1742 646 ποιό-

133 664 249 740 ’καθαρῶς
257 668 329 736 αύτῆς
337 672 380 735 τῆς
392 672 436 721 τυῶ
448 669 525 739 νόμου
535 669 691 740 κατηγορίας,
700 668 794 722 ἰνθίνδε
804 673 840 738 (p.
852 681 914 737 712,
959 665 1208 736 αηταιτδςτριιβριις.
1245 664 1361 753 Δεύτερον
1371 662 1484 733 περὶτῶν
1493 660 1619 732 δημοσίων
1630 660 1742 731 πραγμά-

141 749 174 802 13
186 752 213 818 )·
232 771 244 799 ι
260 749 303 801 ίνα
314 749 340 802 δὲ
351 747 431 815 εἰδῆτε
448 748 505 818 παρ’
516 748 581 809 οἵους
592 748 682 819 νόμους
694 742 749 800 οἰον
762 742 833 808 υύτος
848 745 915 812 εἰση·
959 762 1019 799 των.
1035 745 1159 798 ARTCV.

140 847 155 876 ιι
175 844 280 897 νεγκεν,
294 825 462 898 διαγνώσεται
481 830 578 896 πρῶτον
592 824 635 896 μίν
651 824 711 896 ύμῖν
729 824 774 879 τόν
787 827 878 896 νόμον,
901 846 913 875 ε
996 829 1057 892 706,
1075 840 1117 876 12.
1136 821 1224 876 ’Βννία
1236 820 1374 893 άρχουσιν]
1388 819 1517 891 Ἄρχοντες
1536 817 1605 873 ἰννία
1623 816 1742 890 ἰλίγοντο

139 903 182 958 άπ*
195 903 269 971 αδτῆς
292 908 337 971 τῆς
359 902 521 975 άναγνώσεως
537 907 582 957 τοῦ
603 904 768 975 Τιμοκράτους
781 904 858 974 νόμον
873 905 916 969 τῆς
959 901 985 954 οἰ
1009 900 1036 963 ἰξ
1053 903 1213 971 θεσμοθέται,
1236 901 1326 962 οἵτινες
1342 898 1443 969 εἰσῆγον
1465 897 1508 960 τάς
1522 903 1570 950 τῶν
1591 897 1741 968 παρανόμων

130 984 286 1053 ’κατηγορίας
299 982 444 1055 ίρχόμενος.
485 979 631 1053 Ἐνθιίτριψι
646 982 862 1054 δίτῇκατασκευῇ
875 982 917 1035 καὶ
958 979 1138 1053 γραφάς,εἰτα
1152 974 1186 1041 εἰς
1203 978 1331 1049 βασιλεύς,
1351 977 1406 1050 περὶ
1418 972 1446 1029 ού
1461 977 1574 1048 ἔγνωμεν
1593 973 1668 1046 ἰντῷ
1685 972 1742 1027 κατ’

134 1062 192 1121 ταῖς
205 1057 339 1122 ἀποδείξεσι
353 1063 397 1114 τοῦ
411 1060 488 1129 νόμον
499 1062 543 1112 τού
555 1059 696 1120 κελευόντος
710 1057 797 1120 ἐξεῖναι
808 1077 916 1128 κατηγο
963 1058 1132 1130 Ἀνδροτίωνος
1146 1061 1170 1112 τί
1181 1054 1211 1125 ἦν
1221 1058 1287 1129 αύτῷ
1300 1056 1390 1128 ἔργον,
1403 1053 1459 1109 εἰτα
1470 1056 1659 1126 όπολίμαρχος,
1670 1056 1738 1115 θστις

138 1141 190 1210 ρεῖν
214 1145 263 1193 τῶν
281 1139 425 1194 ύπεναντίον
446 1139 605 1210 εἰσφερόντων
619 1139 712 1208 νόμον,
730 1135 811 1203 ἰπειδι]
831 1137 916 1207 τεθάρ-
961 1138 1105 1209 ἰπεμελεῖτο
1125 1142 1170 1191 τοῦ
1183 1138 1309 1208 τρόρεσθαι
1326 1135 1357 1189 ἐκ
1375 1140 1419 1188 τοῦ
1443 1135 1562 1206 δημοσίου
1578 1133 1632 1194 τούς
1653 1133 1743 1194 παῖδας

138 1236 196 1289 ρηκε
210 1219 289 1292 τούτῳ
304 1226 339 1291 τῷ
358 1220 423 1291 μίρει
436 1218 478 1272 καί
494 1221 661 1288 προσποιεῖται
676 1217 792 1288 λαμπρῶς
806 1216 913 1287 ἰσχύειν·
960 1223 1009 1270 τῶν
1024 1217 1198 1270 ἀποθανόντων
1213 1216 1331 1286 γενναίως
1339 1215 1410 1287 ἐντῷ
1427 1214 1545 1285 πολέμῳ,
1561 1210 1642 1266 εἰταό
1655 1212 1741 1282 άρχων

118 1322 122 1330 ·
138 1296 295 1370 ἰμποιεῖγίιρ
308 1297 349 1351 θεά
362 1302 405 1364 τῆς
417 1297 540 1369 θιατριόῆς
559 1297 647 1363 ταύτης
663 1299 716 1357 τοῖς
728 1294 855 1348 άκούουσιν
878 1294 917 1348 ἰν·
959 1296 1121 1359 όίνιαύσιυς,
1137 1297 1203 1358 ὅστις
1219 1295 1362 1366 ίπτμελεῖτο
1378 1301 1428 1348 τῶν
1443 1299 1528 1365 χηρῶν
1545 1292 1586 1345 καί
1596 1298 1646 1345 τῶν
1667 1291 1740 1361 όρρα·

138 1394 206 1429 νυιαν
218 1377 255 1430 ότι
269 1376 312 1430 οδε
329 1378 358 1428 ἂν
370 1376 472 1430 πλείονα
485 1376 563 1447 λόγον
577 1374 708 1441 ἐποιήσατο
723 1372 755 1446 μὴ
769 1373 836 1444 ἔχων
847 1373 916 1444 ἰσχυ·
961 1379 1009 1426 νῶν
1030 1375 1072 1428 καί
1084 1374 1170 1426 άλλων
1193 1380 1277 1428 τινῶν.
1314 1374 1350 1427 To
1363 1373 1390 1427 δὲ
1403 1371 1674 1444 άποχειροτονηθίντων
1687 1369 1743 1423 άντί

138 1453 182 1526 ράν
192 1454 371 1520 τὴνάπόδειξιν
385 1456 428 1508 τόν
444 1455 609 1525 Τιμοκράτους
619 1455 696 1524 νόμον
709 1454 852 1508 ύπεναντίον
865 1456 917 1515 τοῖς
960 1456 1005 1505 τοῦ
1020 1453 1274 1524 άποδυκιμασθίντων.
1287 1453 1413 1506 ARTCV.

136 1535 255 1603 κειμίνοις
266 1533 345 1599 εἶναι,
357 1533 439 1588 πολλὰ
452 1534 475 1585 δ’
491 1532 571 1587 άνόειν
585 1534 611 1586 αἰ
624 1537 734 1587 τοιαῦται
748 1534 915 1604 προκαταστά-
996 1534 1058 1599 706,
1069 1547 1114 1584 20.
1125 1530 1187 1592 Τούς
1197 1531 1223 1584 δί
1239 1531 1384 1602 προίδρυυς]
1396 1530 1458 1591 ’ἰούς
1467 1530 1525 1582 δέκα
1536 1528 1592 1590 τοὶις
1605 1527 1743 1597 πρωτεύον·

138 1627 186 1672 σεις
212 1612 335 1666 δύνανται.
375 1611 424 1664 ἰίᾶν
448 1611 496 1681 γίιρ
521 1610 688 1681 άσθενίστιραι
709 1613 864 1681 τυγχάνωσιν
891 1611 916 1663 αἰ
959 1611 1253 1671 ταςτῶνπεντακοσίων.
1289 1608 1362 1679 Τδδί
1378 1631 1390 1658 ι
1404 1609 1429 1662 οἰ
1442 1610 1472 1660 ἰίν
1486 1609 1642 1678 τυγχάνωσιν
1661 1629 1671 1656 ι
1688 1605 1742 1660 εἷπε

131 1686 284 1755 άπυδείξεις,
296 1690 406 1757 οἰήσεται
419 1689 433 1743 ό
445 1689 566 1762 ἀκροατὴς
576 1689 617 1743 διά
630 1688 674 1756 τὴν
688 1689 779 1743 οἰκείαν
792 1689 915 1745 άσθίνειαν
959 1686 1000 1739 διά
1012 1688 1041 1741 τὸ
1059 1687 1152 1755 άδηλον
1165 1692 1210 1741 τοῦ
1226 1688 1329 1758 κληρου.
1369 1686 1412 1741 Ἐν
1429 1687 1505 1759 ταύτῃ
1518 1690 1549 1759 τῇ
1565 1685 1682 1758 ἐκκλησίᾳ
1695 1686 1741 1751 δὲ,

138 1766 172 1838 μὴ
195 1771 302 1821 συνεῖναι
316 1770 408 1840 μόνον,
430 1768 474 1823 ἰὰν
488 1768 666 1840 ίξηπατημίνος
685 1771 740 1831 ταῖς
760 1767 917 1840 ἰπαγγιλίαες
960 1765 1094 1821 θίστινίν
1108 1770 1141 1838 τῇ
1157 1768 1242 1839 τρίτῃ,
1257 1770 1339 1837 ῶσπερ
1355 1766 1397 1819 καί
1413 1769 1553 1837 κατωτίρω.
1590 1766 1642 1836 Πρό
1660 1766 1744 1833 δύτης

137 1849 260 1920 τυγχάνῃ.
298 1848 385 1901 ’ἰίστιν
398 1842 442 1900 οἰιν
459 1850 695 1919 πραγματικώτατον
710 1851 784 1901 τοῦτο
799 1847 829 1900 τίι
848 1849 917 1918 μόρος
960 1842 1104 1911 ἰκαλησίας,
1127 1847 1236 1900 τουτίστι
1251 1849 1294 1913 τῆς
1310 1845 1402 1917 τρίτης,
1439 1846 1601 1916 Χρηματίζειν
1617 1844 1657 1910 δί,
1675 1864 1745 1898 τουτ·

136 1924 234 1990 πολλὴν
256 1925 316 1997 ἔχον
341 1926 544 1993 δεινότητα,καί
564 1925 612 1996 γάρ
635 1925 830 1996 καθολικώτερον
856 1925 917 1979 αύτδ
959 1924 1024 1977 ίστιν
1033 1924 1196 1978 ύποόάλλειν·
1209 1925 1322 1998 ἔγνωμεν
1331 1924 1379 1996 γάρ
1391 1926 1430 1978 θτι
1440 1924 1464 1977 οί
1477 1923 1520 1994 μὲν
1532 1924 1656 1993 πρυτάνεις
1669 1928 1744 1989 συνῆ·

137 2003 293 2074 προήγαγεν·
306 2008 380 2069 τοῦτο
397 2004 425 2057 δί
436 2003 487 2057 ἐστι
497 2006 541 2056 τοῦ
556 2007 654 2074 μερικοΰ
665 2003 707 2057 καὶ
721 2002 798 2057 ἰδικοῦ
809 2004 916 2058 πιθανώ·
959 2021 1007 2073 γον
1020 2001 1065 2069 τὴν
1080 2003 1227 2070 ἰακλησίαν,
1244 2004 1268 2057 οί
1280 2003 1306 2057 δὲ
1323 2004 1435 2074 πρόεδροι
1454 2002 1591 2057 ύπόόσλλον
1611 2002 1666 2073 περὶ
1678 2002 1744 2064 τίνος

132 2097 218 2150 τερον.
257 2081 303 2134 ἰίαί
313 2081 378 2143 αὔξει
388 2082 420 2133 δι’
434 2080 507 2134 αθτού
518 2080 549 2134 τὰ
562 2080 588 2135 ἰκ
599 2085 642 2148 τῆς
652 2081 853 2150 ύπεναντιότητος
868 2088 915 2136 τῶν
960 2082 1093 2149 συνῆλθον.
1135 2081 1199 2153 Ἱερά
1217 2081 1297 2145 δίτίς
1313 2083 1395 2144 θυσίας
1407 2082 1490 2153 ρησίν.
1505 2082 1632 2135 ARTCV.

138 2159 222 2228 νόμων
246 2158 398 2231 άδικόματα,
417 2160 461 2214 ’ίνα
480 2159 524 2213 τὀν
548 2157 669 2230 ἀκροατὴν
690 2163 745 2222 ταῖς
761 2156 917 2233 ἐπαγγελίαις
997 2166 1059 2231 706,
1069 2162 1115 2216 25.
1129 2162 1185 2215 Τῶν
1204 2161 1374 2233 ὀμωμοκότων
1396 2161 1540 2228 ἡλιαστικόν
1564 2160 1660 2231 θρκον]
1679 2159 1744 2214 ’λντί

135 2242 188 2290 τῶν
208 2236 455 2310 άποδειχθησομόνων
482 2237 589 2311 ἰκπλιβξη
613 2240 655 2292 καί
677 2238 835 2311 ύπαγάγηται
860 2239 917 2301 τοίις
958 2244 1004 2293 τού
1014 2246 1063 2294 τῶν
1078 2239 1127 2309 ἤδη
1138 2240 1283 2312 όμοσάντων
1297 2242 1339 2295 τόν
1354 2243 1428 2311 θρκον
1440 2246 1489 2293 τῶν
1507 2237 1662 2303 Ἥλιαστῶν,
1676 2240 1744 2291 ώσα·

137 2314 271 2379 ἀκούοντας
287 2315 457 2380 τοῖςίπαίνοις
467 2316 509 2371 καὶ
519 2319 573 2379 ταῖς
591 2319 673 2388 τιμαῖς
685 2320 740 2381 ταῖς
755 2317 820 2389 παρὰ
836 2317 918 2371 Σόλω·
961 2320 998 2372 νεὶ
1024 2319 1128 2391 ἰλιγεν,
1146 2321 1190 2374 ἵνα
1214 2317 1275 2375 ὦσιν
1291 2319 1339 2374 άπδ
1361 2321 1482 2373 δικαστῶν
1494 2318 1542 2386 ἤδη
1559 2320 1743 2390 γεγενημένων.

137 2414 188 2457 νος.
203 2397 238 2450 Y.
964 2396 1055 2453 Ἰστίον
1069 2399 1095 2453 δὲ
1109 2400 1143 2461 ώς
1160 2402 1200 2452 ότι
1219 2399 1235 2465 ἡ
1261 2397 1363 2452 Ἢλιαία
1376 2400 1474 2471 λίγεται
1486 2398 1558 2460 αύτδς
1574 2398 1589 2450 ό
1607 2398 1681 2459 τόπος
1700 2401 1745 2449 τοῖι

172 2475 235 2544 705,
252 2475 292 2529 ιδ.
309 2474 412 2540 Ἔστιν,
424 2471 447 2529 ὦ
460 2474 544 2546 ἄνδρες
562 2473 704 2544 Ἀθηναῖοι]
718 2474 853 2546 ἰίληρώσας
871 2473 916 2542 τὴν
962 2478 1073 2549 μεγάλου
1087 2479 1242 2549 δικαστηρίου
1255 2479 1297 2531 καί
1308 2480 1337 2532 τό
1357 2480 1478 2550 άθροισμα
1492 2478 1572 2532 αύτῶν
1591 2484 1640 2531 τῶν
1662 2477 1744 2531 ἐκεῖσε

135 2550 251 2622 διήγησιν
271 2550 396 2605 είσθάλλει
409 2550 518 2604 ἰντεῖιθεν
538 2551 578 2606 ἰπὶ
594 2552 625 2605 τθ
638 2554 744 2623 νόμιμον
764 2552 914 2622 κεφάλαιον·
960 2558 1121 2620 δικαζόντων.
1162 2556 1263 2610 Ἱίλιαία
1276 2558 1303 2611 δί
1318 2557 1413 2625 ἐκλήθη
1427 2558 1442 2611 ό
1457 2560 1531 2619 τόπος
1543 2560 1609 2628 παρὰ
1622 2557 1651 2610 τό
1665 2556 1744 2610 ἐκεῖσε

135 2631 179 2683 καὶ
190 2629 277 2684 τούτου
286 2636 381 2700 πρῶτον
395 2630 434 2684 ἰπὶ
445 2630 475 2684 τθ
486 2631 641 2702 παράνομον·
655 2630 742 2696 ίξῆςδί
752 2630 827 2685 αθτυῦ
836 2632 917 2685 τάττει
961 2633 1088 2697 ἁλίζεσθαι
1109 2635 1150 2686 καί
1172 2636 1370 2705 συναθροίζεσθαι
1384 2637 1412 2688 τό
1433 2637 1526 2703 πλῆθος
1544 2641 1593 2688 τῶν
1611 2637 1742 2688 δικαστῶν.

138 2710 170 2764 τθ
183 2709 293 2763 ἰναντίον
306 2711 360 2772 τοῖς
372 2713 465 2781 νόμοις.
481 2711 584 2767 ΑΤίίΥ.
961 2713 997 2767 Τό
1007 2713 1056 2785 γάρ
1074 2734 1090 2766 α
1104 2712 1163 2781 εἰςη
1178 2714 1358 2784 μεταθίόληται
1372 2715 1405 2776 ώς
1419 2715 1460 2768 καί
1470 2715 1611 2784 πολλαχοῦ,
1634 2715 1702 2777 Τινὲς
1717 2713 1744 2766 δί

174 2789 235 2857 705,
262 2791 304 2843 18.
330 2787 404 2842 λλλά
421 2789 580 2859 προστάττει,
602 2792 697 2859 πρῶτον
729 2789 771 2861 μὲν
793 2789 915 2864 ἰκθεῖναι]
960 2793 1075 2864 λίγουσιν
1089 2792 1117 2846 ἰκ
1130 2798 1175 2847 τοῦ
1187 2794 1304 2864 ύπειθρον
1323 2791 1388 2847 εἶναι
1398 2794 1441 2846 τόν
1460 2795 1537 2847 τόπον
1552 2793 1593 2846 καί
1609 2794 1652 2846 τδν
1670 2794 1742 2859 ἥλιον

136 2864 250 2928 ’θζκθεσις
269 2867 343 2920 αύτοῖι
355 2867 476 2939 ἔμπροσθε
488 2873 537 2920 τῶν
549 2865 692 2938 ἐικυνύμιυν.
707 2871 738 2923 Β.
753 2869 790 2921 Τά
803 2889 916 2941 πιριστα-
961 2873 1016 2927 ἰκεῖ
1026 2873 1097 2927 ἔνδον
1119 2873 1296 2944 προσύάλλειν.
1334 2870 1402 2925 ἰίατίι
1420 2871 1450 2925 τό
1474 2874 1680 2943 προγεγραμμένα
1700 2871 1741 2935 δί,

135 2945 266 3000 τικάθίλει
279 2944 684 3018 ἰνταῖιθριείπεῖν,τ“οπρόσωπον,
698 2950 742 3002 τὀν
755 2950 916 3020 τρόπον,τδν
961 2952 1023 3007 κατὰ
1044 2954 1100 3016 τους
1122 2954 1211 3024 νόμους
1237 2951 1285 3019 ἤδη
1309 2952 1364 3014 τούς
1382 2953 1515 3022 κειμένους.
1553 2951 1588 3004 Tb
1610 2951 1637 3004 δί
1660 2951 1744 3021 χιλίας

136 3025 230 3090 τόπον,
245 3025 288 3079 τδν
300 3026 402 3096 χρόνον.
416 3026 526 3096 Χρόνον,
542 3023 587 3090 τὴν
597 3025 828 3096 τρίτηνίκκλησίαν
838 3047 844 3061 ·
856 3029 916 3098 πρό-
961 3033 1089 3104 δραχμίις,
1100 3032 1167 3095 άξιον
1182 3035 1287 3099 ζητῆσαι
1302 3032 1380 3094 διὰτί
1392 3031 1469 3094 οὕτως
1487 3029 1621 3102 άνώμαλον
1632 3030 1657 3083 οί
1671 3033 1743 3101 νόμοι

134 3121 236 3185 συιπυν,
261 3105 319 3166 τούς
339 3105 395 3176 περὶ
417 3102 589 3175 λνδρυτίωνα·
620 3105 712 3169 τόπον,
738 3106 843 3176 πρόσθεν
867 3111 916 3160 τῶν
961 3109 1048 3171 ἔταξαν
1064 3109 1108 3176 τὴν
1121 3111 1212 3182 ζημίαν
1230 3111 1292 3163 κατά
1305 3129 1331 3163 τε
1343 3115 1391 3163 τῶν
1410 3110 1549 3179 πρυτάνεων
1561 3109 1603 3162 καί
1620 3115 1669 3162 τῶν
1683 3128 1743 3178 προ·

133 3179 287 3256 ἱἰπνινύμωυ·
303 3186 393 3255 τρόπον
418 3182 461 3248 δί,
482 3183 521 3236 ότι
542 3182 645 3236 τοιῶνδε
667 3183 710 3235 δεῖ
730 3187 807 3238 ταῦτα
824 3188 914 3240 ποιεῖν.
961 3190 1047 3261 ίδρων.
1087 3190 1132 3242 ἰίαί
1157 3189 1264 3260 λὲγομεν
1284 3190 1323 3243 ότι
1345 3188 1476 3259 βαρύτερόν
1495 3186 1643 3249 ίστινόλως
1661 3187 1690 3240 τύ
1709 3185 1743 3257 μὴ

135 3261 264 3315 ARTCV·
961 3268 1060 3330 συνάξει
1074 3268 1117 3321 τόν
1127 3268 1207 3338 δῆμον
1218 3265 1252 3329 εἰς
1260 3265 1391 3334 ἰκκλησίαν
1401 3269 1445 3319 τοῖι
1465 3264 1499 3336 μὴ
1513 3265 1677 3319 ύποθάλλειν·
1698 3265 1739 3316 διὸ

173 3340 236 3406 705,
250 3356 293 3408 ¹9·
307 3339 417 3411 ἰίρόσθιν
435 3344 484 3394 τῶν
502 3337 651 3411 ἰπυινύμων]
666 3338 823 3412 ’ίίπώνυμυι,
839 3341 917 3412 ἥρωες
961 3344 1000 3399 ίπί
1009 3351 1058 3398 τῶν
1073 3345 1213 3416 πρυτάνεων
1224 3349 1272 3396 τῶν
1287 3342 1321 3414 μη
1338 3345 1494 3415 συναγόντων
1510 3342 1540 3396 τό
1550 3342 1626 3397 πλόον
1645 3342 1743 3404 ἰταξαν.

135 3422 185 3471 τῶν
209 3418 292 3488 ρυλῶν
314 3419 450 3491 ἰπώνυμυι·
476 3419 607 3491 Ἐρεχθεύς
628 3420 776 3487 Πανδίονος,
804 3423 916 3476 Πανδίων
960 3425 1086 3481 ARTCV.

140 3494 311 3567 Ἐριχθονίου,
329 3496 432 3570 Ἀκάμας
450 3498 562 3565 θησέως,
579 3497 638 3560 Αἴας
651 3497 813 3569 Τελαμῶνος,
830 3500 916 3564 Αἰγεύς
996 3520 1059 3573 707,
1075 3504 1116 3556 13.
1132 3500 1174 3564 Εἰς
1188 3501 1321 3572 λεύκωμα]
1333 3498 1393 3554 Οἰον
1409 3503 1491 3571 ὥσπερ
1505 3498 1530 3553 ἔν
1545 3499 1628 3572 πυξίορ.
1666 3500 1702 3553 To
1715 3498 1742 3553 δί

135 3574 283 3646 λίγικόρεω,
303 3576 394 3649 ἰίίκρυβ
407 3577 550 3648 αύτόχθων,
567 3574 686 3632 Ἱπποθῶν
699 3578 916 3643 Ποσειδεῶνος,καί
961 3583 1033 3649 ἔωςί]
1047 3581 1291 3652 ἰκκλησίαγίνηται,
1305 3579 1447 3648 δηλονότιὴ
1462 3581 1541 3651 τρίτη.
1578 3578 1652 3633 m&
1665 3578 1744 3651 αἱρεῖ-

132 3650 216 3722 ἰτίρας
226 3656 293 3721 μιοῖς·
309 3654 368 3707 δίκα
381 3655 430 3725 γάρ
439 3650 501 3722 ἦσαν
513 3654 596 3725 ρυλαί.
610 3657 668 3712 ΒΥ.
960 3662 1017 3712 σθαι
1026 3659 1089 3714 κατά
1102 3663 1186 3711 κοινοῖι
1197 3658 1227 3713 τδ
1240 3658 1364 3725 κελεύειν,
1380 3661 1394 3712 ό
1408 3658 1459 3713 ἰστι
1470 3661 1633 3731 χειροτονεῖν.
1669 3659 1705 3712 Τδ
1717 3658 1744 3712 δί

170 3731 231 3799 705,
253 3748 298 3786 00.
319 3732 389 3787 Mn&
402 3738 478 3787 ταῦτα
497 3733 629 3805 ἰπίπσῑσι]
644 3733 756 3797 Ἔκθεσις
773 3734 848 3789 αύτοῖι
864 3741 916 3800 τοῖς
961 3740 1017 3801 τοὶις
1039 3738 1329 3810 συναπολογησομένους,
1351 3740 1408 3802 τούς
1430 3740 1566 3811 μέλλοντας
1580 3738 1744 3810 άγωνίζεσθαι

132 3812 224 3873 ’W’
235 3811 298 3863 ὥστε
313 3809 377 3865 εἷναι
390 3815 482 3868 κοινόν.
494 3815 525 3867 Β.
959 3817 1017 3888 ύπίρ
1029 3823 1077 3870 τῶν
1089 3816 1232 3888 μελλόντων
1245 3817 1359 3871 λύεσθαι·
1371 3818 1434 3881 εἰκός
1447 3816 1496 3890 γάρ
1510 3819 1548 3872 ότι
1559 3818 1670 3889 βελτίους
1681 3814 1745 3884 ἦσαν

169 3890 231 3959 705,
244 3903 286 3944 νε.
302 3891 365 3962 ἰίρδς
376 3892 484 3964 τούτοις]
505 3893 575 3955 Λύσις
585 3898 633 3947 τῶν
648 3892 765 3948 ἐναντίων
775 3898 868 3966 νόμων.
882 3897 913 3949 Β.
959 3898 1003 3948 τυῖι
1027 3893 1188 3966 εἰσαγομίνου
1207 3894 1250 3947 καί
1266 3896 1354 3967 χηρείᾳ
1377 3903 1427 3950 τῶν
1441 3896 1567 3968 λεγόντων
1588 3894 1645 3967 ύπίρ
1663 3894 1744 3949 αύτῶν

169 3975 231 4038 706,
250 3988 273 4024 ι.
290 3968 333 4033 Ὠς
342 3970 406 4043 παρά
418 3973 509 4034 πάντας
522 3973 578 4035 τούς
595 3974 685 4045 νόμους
700 3972 854 4046 ἔνομοθίτεί]
864 3975 914 4028 Tou
957 3972 1103 4046 ἰνυμίζοντο
1113 3972 1286 4045 εἷναιραῖιλοι.
1298 3976 1423 4031 mcv,

132 4050 263 4119 προσώπου
273 4049 333 4117 αὕτη
345 4049 361 4116 ί]
371 4049 483 4114 ἰξίεασις.
493 4053 575 4108 ch.
995 4071 1057 4124 707,
1078 4072 1120 4123 ι7.
1144 4052 1373 4127 Ἑκατομβαιῶνος]
1393 4054 1541 4128 Ἀπριλλίου.
1553 4057 1587 4108 Β.
1605 4049 1682 4115 θύτος
1694 4052 1743 4123 γάρ

169 4134 232 4197 7⁰⁶,
244 4133 273 4192 ίι·
293 4127 366 4199 Ἆρχὴ
378 4134 422 4183 τοῦ
434 4129 496 4184 κατίι
507 4133 638 4201 προσώπου
652 4131 767 4203 νομίμου.
778 4132 805 4186 S.
958 4128 989 4201 ἦν
1005 4133 1019 4187 ό
1032 4139 1126 4204 πρῶτος
1139 4131 1205 4204 μὴν,
1218 4134 1260 4187 ότι
1275 4133 1346 4200 καίἰ]
1360 4136 1444 4204 πρώτη
1459 4130 1588 4204 πρυτανεία
1602 4129 1743 4200 ἰγίνετοτῇ
1824 4186 1827 4197 ⁸

167 4211 231 4274 706,
244 4225 270 4276 7.
292 4205 506 4283 Ἐπιχειροτονία]
524 4210 720 4284 Ἐπιχειροτονία
739 4210 805 4266 ἰστίν
823 4210 839 4280 ἰη
860 4214 914 4266 διά-
958 4212 1090 4287 ίνδεκάτη,
1104 4215 1119 4265 ό
1131 4212 1184 4266 ἐστι
1196 4217 1228 4284 τῇ
1240 4215 1323 4286 πρώτη
1338 4211 1469 4282 ίκκλησίρ·
1490 4210 1680 4282 προηυτρίπιζυν
1694 4206 1743 4278 γάρ

132 4284 242 4355 σκεψιςθ
262 4305 286 4340 τι
299 4286 341 4365 δεῖ
357 4292 437 4343 ποιεῖν
452 4291 508 4362 περὶ
525 4296 573 4345 τῶν
587 4293 681 4362 νόμων.
722 4291 766 4345 Ἐν
781 4296 814 4365 τῇ
830 4297 914 4368 πρώτη
958 4290 985 4346 ἰκ
998 4296 1041 4360 τῆς
1056 4296 1154 4364 πρώτης
1173 4290 1303 4358 inmota<
1324 4292 1380 4353 τοὺς
1402 4290 1538 4362 ινθνδννῐνντ
1563 4287 1743 4357 ἆπῡδνγῑῖνίνν

130 4361 300 4435 δίπρυταγείᾳ
309 4364 333 4419 ἰν
348 4369 481 4440 τῷπρώτιμ
491 4371 565 4439 μηνί·
582 4369 659 4425 ίστίον
668 4371 716 4443 γίιρ
727 4373 766 4425 ότι
774 4372 836 4427 κατὰ
849 4377 916 4445 μῆνα
957 4371 1058 4443 ὕστερον
1071 4371 1130 4442 ύπίρ
1152 4376 1201 4424 τῶν
1219 4369 1469 4442 ἀποδοκιμαζομένων
1483 4370 1567 4439 νόμων
1582 4365 1608 4421 ἦν
1628 4365 1691 4438 νίῐίἰ
1710 4370 1743 4438 ‘fl

67 4464 72 4471 ·
130 4445 197 4512 τρεῖς
210 4443 340 4510 ἰκκλησίας
360 4443 504 4512 ἰποιοῖιντο,
521 4448 695 4521 βουλευόμενοι
712 4451 825 4521 περὶτῶν
841 4451 865 4506 ἰν
882 4457 914 4524 τῇ
958 4453 1042 4523 πρώτη
1060 4449 1191 4520 ἐκκλησίᾳ·
1208 4449 1250 4501 καὶ
1268 4449 1386 4519 μαθόντες
1404 4447 1429 4502 ίν
1437 4447 1520 4520 ,ναίῗίἰ
1531 4449 1563 4518 τῇ
1574 4447 1658 4518 πθώῗθ
1670 4446 1742 4499 Μ’·

124 4520 203 4574 πόλει
217 4523 385 4591 πραγμάτων,
398 4521 463 4589 πλὴν
476 4524 498 4578 εἰ
514 4524 548 4596 μὴ
568 4526 616 4597 άρα
633 4526 729 4599 ἀνάγκη
748 4547 784 4591 τις
795 4530 914 4585 κατίλαόε
958 4529 1186 4600 άπεδοκιμάσθησαν
1199 4529 1272 4598 νόμοι
1282 4529 1342 4600 πρός
1352 4527 1438 4590 αύτοίις
1454 4526 1622 4598 ἐχειροτόνουν
1635 4523 1677 4577 καί
1687 4524 1743 4587 τοὺς

131 4598 256 4668 πολέμου,
271 4601 334 4653 ώστε
346 4602 388 4654 καί
399 4602 453 4673 περί
466 4601 559 4657 ἰκείνου
571 4604 652 4673 άλλην
666 4605 797 4674 ἰκκλησίαν
814 4613 914 4676 ποιῆσαι
958 4608 1182 4681 άπολογουμάνους.
1221 4607 1298 4662 ἰίἰντε
1313 4609 1341 4664 δί
1353 4608 1442 4681 άνδρας
1459 4608 1515 4661 καθ’
1539 4607 1643 4659 ἕκαστον
1663 4606 1740 4676 νόμον

130 4675 205 4733 πλόον
218 4684 266 4731 τῶν
276 4678 427 4750 ώρισμένων.
465 4681 513 4733 ίίαί
523 4681 737 4753 ἰγίνετοίγπρώτη
747 4683 862 4758 ἑνδεκάτη
870 4689 914 4739 τού
958 4689 1137 4760 ἰχειροτόνουν.
1175 4687 1314 4752 Εἰσοιστόος
1334 4688 1361 4742 δί
1377 4688 1487 4742 άντίτοθ
1501 4685 1656 4746 εἰσενεκτίος.
1697 4682 1742 4737 Ἐν

131 4755 224 4825 μηνός,
237 4754 253 4822 ἡ
265 4755 292 4810 δί
305 4757 406 4828 δευτέρα
415 4758 470 4830 περί
481 4757 526 4825 τὴν
541 4758 639 4826 εἰκάδα,
652 4760 668 4828 ἰ]
681 4760 707 4815 δί
722 4762 791 4832 τρίτη
801 4763 856 4835 περί
868 4763 913 4830 τὴν
957 4767 983 4822 δί
997 4774 1035 4839 τῷ
1050 4768 1139 4839 μεταΕυ
1150 4767 1219 4839 λέγει
1228 4771 1272 4835 τῆς
1282 4770 1380 4840 πρώτης
1392 4766 1521 4835 ἐκκλησίας
1533 4764 1576 4818 καί
1586 4767 1631 4832 τῆς
1648 4765 1740 4834 *W-

129 4835 288 4903 τριακοστόν.
325 4837 492 4907 Βρυτάνεεςδί
510 4839 566 4902 τούς
579 4840 745 4907 πεντήκοντα,
760 4841 913 4915 ούςείπομεν
956 4848 1083 4903 mcv,

130 4911 170 4966 άεί
180 4915 396 4987 προόαλλομίνους
407 4916 465 4989 ἰιπίρ
474 4922 518 4986 τῆς
532 4918 593 4982 ἰδίας
602 4920 680 4990 ρυλῆς
697 4920 739 4974 καί
751 4923 914 4993 πρυτανεύον·
994 4931 1056 4999 708,
1074 4929 1115 4982 ιθ.
1131 4924 1270 4998 Ἀριιμένης
1279 4929 1323 4993 τῆς
1335 4925 1447 4996 βννλῆτ]
1463 4922 1527 4977 Ἀντί
1541 4925 1600 4987 τοῦ»
1620 4922 1662 4974 &⁸
1678 4920 1742 4974 πάν·

129 5010 173 5056 νας
185 4994 214 5047 τό
227 4995 298 5066 με’ρος
305 4995 385 5051 αἰετῶν
398 5002 441 5061 τοῦ
455 4998 576 5053 ἐνιαυτοῖν.
589 5001 718 5055 mcv,
957 5024 997 5068 τις
1008 5004 1033 5059 ἰν
1047 5009 1079 5078 τῇ
1093 5005 1167 5078 ίορτῇ
1178 5005 1303 5078 άρειμένοι
1314 5001 1395 5072 ἦσαν,
1410 5004 1453 5059 καί
1467 5001 1545 5063 ούδείτ
1559 4997 1697 5070 ννννίΡΧνῬν
1707 4998 1742 5061 νίς

166 5075 227 5139 706.
242 5076 269 5135 θ.
281 5073 445 5149 Πρυτανείας]
460 5076 613 5148 Πρυτανεία,
623 5080 727 5149 χρόνος·
743 5077 839 5148 ψῆφον,
856 5080 913 5150 βου·
959 5083 1090 5152 ἰκελησίαν
1100 5088 1143 5151 τῆς
1152 5085 1252 5155 βουλῆς.
1266 5086 1392 5137 ARTCV.

128 5149 187 5218 λην.
202 5153 258 5207 ΒΥ.
994 5165 1056 5233 708,
1072 5180 1114 5232 ι7.
1133 5164 1169 5217 Τό
1187 5162 1309 5233 νικῆσαν]
1334 5160 1503 5234 Ἐμραντικῶς
1525 5156 1580 5213 κατ’
1603 5155 1740 5231 εἰρωνείαν.

167 5235 228 5301 706,
245 5249 287 5288 ιο.
300 5233 360 5305 Περὶ
374 5240 422 5289 τῶν
440 5236 618 5311 βουλευτικῶν]
639 5238 699 5312 Περὶ
710 5242 754 5306 τῆς
765 5239 855 5310 βουλῆς
863 5242 912 5297 τῶν
957 5243 1084 5299 mcv.
1411 5276 1414 5281 ·

240 5342 268 5371 «ὃ.
