3967 5967
710 463 899 523 nixxiuoi·
919 465 944 522 0
966 463 1071 522 ΚΑΤΑ
1094 464 1374 526 [tritticum.

247 603 340 672 ίατι,«
358 597 403 657 τὸν
424 595 599 676 ἱερομνήμονα
616 621 628 646 ν
642 593 706 674 φησί
720 622 732 647 ι
746 598 798 654 τῶν
821 593 963 666 Ἀθηναίων
981 593 1027 652 καί
1075 605 1144 663 culus
1153 603 1252 665 quidem
1262 605 1396 667 ια’ίίαιμυί
1408 605 1453 654 lroc
1467 605 1529 655 mii:
1542 608 1750 668 Hieromnemon,
1760 605 1858 670 lnquit,

247 689 306 755 τοδς
320 684 483 763 πυλαγόρους
503 684 562 749 τοὺς
581 683 622 739 ἀεὶ
642 685 854 761 πυλαγοροῦντας
874 680 1029 760 πορεύεσθαι
1075 689 1269 741 Atheniensium
1278 695 1303 741 ei
1312 691 1448 755 Peinporre
1459 696 1584 757 quotquot
1592 697 1619 743 ln
1628 693 1860 757 pertenemsuiuri

249 778 284 841 εἶς
300 773 389 840 Ιίύλας
400 775 445 831 καὶ
459 774 494 839 είς
508 770 622 850 Δελφούς
637 774 663 828 έν
678 778 730 837 τοῖς
748 769 914 846 τεταγμένοις
929 768 1030 848 χρόνοις
1075 777 1183 826 miniari
1194 778 1273 840 Putas
1286 783 1310 828 et
1322 779 1429 841 eripior
1440 779 1638 843 proficiscuntur
1651 785 1684 832 ite
1699 781 1862 844 temporibus

249 864 299 922 ὑπὸ
317 866 368 919 τῶν
383 859 553 938 προγόνων»,
566 860 701 937 εὐπρεπῶς
719 881 748 935 γε
766 860 804 937 τῷ
825 857 951 935 ὀνόματι,
962 856 1030 914 ἀλλὰ
1075 877 1134 928 quoe
1144 879 1161 914 o
1171 866 1313 927 majorinus
1324 869 1419 917 nestris
1435 872 1578 918 constructo
1588 873 1651 922 runt
1657 907 1665 932 ,
1675 870 1749 919 verim
1758 870 1861 934 quidem

248 954 286 1029 τῷ
300 951 368 1028 ἔργῳ
382 949 509 1025 αἰσχρῶς·
524 945 619 1003 κωλύει
632 949 683 1025 γὰρ
698 947 733 1011 εἰς
746 943 789 1002 τὸν
806 944 931 1022 σύλλογον
945 941 988 1001 τδν
1003 945 1029 1001 έν
1075 951 1182 1013 lionam,
1195 964 1221 1001 re
1232 953 1333 1014 turpiter
1341 954 1366 1001 et
1378 951 1510 1015 flagitiose:
1525 954 1637 1018 prohibet
1649 956 1712 1005 euim
1726 958 1862 1019 quominus

249 1036 350 1104 ΙΙύλαις
374 1037 503 1102 ἀπαντᾶν,
519 1031 544 1098 δς
560 1030 585 1099 ἐξ
602 1033 716 1108 ἀνάγκης
739 1029 789 1109 πρὸ
810 1036 855 1089 τοῦ
873 1031 1031 1100 καθήκοντος
1075 1036 1105 1086 ad
1117 1051 1253 1088 consenum
1262 1039 1330 1088 iilum
1340 1040 1447 1102 Pyiaeum
1457 1043 1600 1101 occurrent,
1612 1042 1652 1105 qui
1661 1043 1794 1093 necessario
1801 1046 1861 1094 ante

248 1121 341 1199 ἔμελλε
352 1119 446 1201 χρόνου
458 1119 582 1198 γίνεσθαι.
627 1122 686 1195 (ιιι)
702 1118 755 1178 Καὶ
766 1118 846 1176 πάλιν
861 1120 887 1176 ἐν
908 1122 945 1198 τῷ
958 1120 1030 1199 αὐτῷ
1075 1126 1519 1189 γιτωειίίιιίοιιιίειιιρυεετειθυίιιιυε.
1553 1129 1618 1191 (iti)
1632 1130 1679 1180 Sed
1688 1131 1862 1182 uliudeiscito

208 1222 237 1262 au
249 1210 398 1290 ψηφίσματι
412 1206 479 1266 πολύ
495 1206 540 1264 καὶ
556 1206 713 1287 σαφέστερον
729 1206 775 1263 καί
788 1205 940 1287 πικρότερον
963 1205 1030 1283 σύγ·
1075 1213 1221 1276 adscriptum
1236 1216 1361 1265 estmulto
1376 1217 1515 1279 etapertlus
1529 1219 1554 1268 el
1568 1218 1685 1268 acerbius.
1719 1218 1861 1270 Athenien·

247 1320 358 1375 γράμμα
372 1295 483 1375 γράφει,
497 1323 510 1346 r
524 1293 568 1352 τόν
579 1294 756 1373 ἱερομνήμονα
768 1322 779 1344 ι»
789 1293 853 1375 φησί
864 1323 876 1347 ι
889 1298 941 1352 τῶν
954 1293 1028 1366 Ἀθη-
1074 1302 1157 1357 rium,
1169 1302 1259 1365 inquit,
1277 1306 1473 1355 hieromnemon
1486 1308 1512 1355 et
1525 1306 1672 1368 Priaporre,
1689 1310 1735 1370 qui
1750 1307 1862 1370 peritae

246 1382 325 1441 ναίων
337 1383 382 1441 καί
394 1380 452 1448 τοὺς
465 1382 628 1460 πυλαγόρους
642 1379 701 1446 τοὺς
715 1380 756 1439 ἀεὶ
768 1383 979 1461 πυλαγοροῦντας
991 1378 1029 1456 μή
1072 1389 1162 1451 siriuri
1173 1394 1249 1453 runt,
1265 1395 1367 1442 sumtis
1378 1396 1423 1455 qui
1435 1394 1499 1444 illue
1510 1397 1666 1445 conueniunt
1679 1407 1761 1459 neque
1770 1396 1862 1445 uerio-

247 1468 367 1549 μετέχειν
392 1472 444 1534 τοῖς
469 1471 521 1526 ἐκεῖ
544 1466 740 1544 συλλεγομένοις
763 1467 830 1544 μήτε
855 1467 939 1544 λόγοιν
963 1467 1030 1542 μήτε
1075 1490 1134 1526 νυνι
1148 1479 1375 1542 nequesuctorum
1392 1494 1474 1546 neque
1491 1484 1805 1547 scitorunrneoueuliius
1821 1486 1863 1533 rel

247 1559 329 1635 ίργων
345 1555 412 1633 μήτε
426 1553 562 1633 δογμάτων
582 1553 648 1631 μήτε
666 1554 783 1634 πράξεως
801 1557 939 1630 μηδεμιᾶς.
957 1582 969 1607 ι
989 1554 1029 1614 Τὸ
1075 1565 1187 1616 habeant
1201 1571 1388 1618 commercium.
1422 1572 1542 1627 Quorsum
1551 1572 1633 1620 autem
1643 1571 1701 1620 illud
1711 1573 1759 1632 est,
1768 1572 1805 1619 Ne
1816 1569 1863 1618 he-

248 1649 276 1703 et
291 1646 329 1719 μή
351 1644 468 1723 μετέχειν
488 1642 514 1701 τί
529 1647 600 1714 ίστις
621 1642 719 1721 πότερα
741 1641 851 1713 τάληθὲς
871 1641 936 1701 είπω
957 1640 974 1712 ἢ
1000 1642 1030 1700 τὸ
1075 1653 1147 1703 beant
1158 1656 1476 1706 oommereiumtverumne
1485 1657 1614 1717 dicemur
1626 1658 1650 1707 id
1660 1657 1764 1721 quodsit
1773 1657 1861 1707 auditu

246 1732 351 1803 ἥδιστον
378 1734 504 1804 ἀκοῦσαι;
528 1730 557 1788 τὸ
578 1728 670 1801 ἀληθὲς
693 1731 759 1806 ἐρῶ·
781 1729 812 1787 τὸ
834 1728 885 1807 γὰρ
906 1728 947 1787 ἀεὶ
964 1727 1029 1806 πρδς
1073 1740 1389 1802 juncundissirnumtverum
1405 1744 1499 1806 ἀίσσεις
1513 1745 1646 1808 numquod
1664 1745 1699 1794 ita
1713 1756 1809 1808 semper
1825 1745 1862 1794 ad

207 1841 234 1879 eo
249 1820 343 1892 ήδονήν
356 1820 494 1897 λεγόμενον
508 1818 602 1877 οὑτωσὶ
616 1816 662 1887 τήν
677 1817 752 1874 πόλιν
766 1817 932 1874 διατέθεικεν.
971 1818 1030 1876 Οὐκ
1075 1829 1224 1891 voluptatem
1242 1829 1333 1880 dictum
1349 1831 1407 1892 iuli,
1420 1831 1443 1881 ld
1464 1845 1522 1881 vero
1538 1832 1660 1881 ciuitatem
1680 1833 1790 1882 nostram
1810 1834 1863 1882 hue
1959 1867 1962 1874 ι

247 1910 278 1988 ἰᾷ
291 1911 439 1984 μεμνῆσθαι
454 1909 504 1964 τῶν
520 1904 614 1985 ὅρκων,
630 1904 672 1971 οὓς
688 1906 800 1978 defferet
814 1903 936 1982 πρόγονοι
954 1901 1029 1979 ὤμο-
1076 1916 1174 1979 redegit.
1207 1920 1259 1967 Νοιι
1270 1919 1327 1968 sinit
1337 1932 1381 1969 ιυο
1392 1918 1547 1981 jurisjurandi
1560 1919 1788 1983 meminissc,quod
1806 1934 1861 1970 ma·

247 2018 305 2068 σαν,
318 1995 376 2053 οὐδὲ
391 1999 437 2066 τῆς
450 1998 514 2073 ἀρᾶς
528 1992 586 2052 οὐδὲ
603 1997 649 2063 τῆς
664 1997 710 2051 τοῦ
727 1997 784 2050 θεοῦ
800 1993 932 2069 μαντείας.
1073 2005 1138 2066 jures
1151 2005 1222 2054 vestri
1233 2004 1389 2078 juraverunt,
1401 2017 1451 2055 non
1462 2007 1639 2069 erseorationis,
1651 2020 1699 2056 nou
1713 2008 1812 2057 oraculi.

289 2105 336 2143 rus.
359 2082 454 2157 Ἡμεῖς
477 2081 524 2159 μὲν
553 2072 597 2139 otu
623 2081 752 2152 Ἀθηναῖοι
774 2079 965 2158 κατεμείναμεν
986 2077 1029 2137 διὰ
1109 2098 1159 2144 tut.
1175 2098 1223 2145 Nus
1239 2096 1310 2158 igitur
1319 2097 1474 2147 Athenienses
1484 2100 1582 2160 propter
1598 2098 1643 2148 lroc
1656 2098 1807 2160 plebiscitum
1817 2098 1863 2148 luc

251 479 306 532 ¹²⁰
1698 470 1850 546 (ιιι-ιιι)

247 2175 323 2228 τοῦτο
338 2170 368 2229 τδ
380 2168 520 2249 ψήφισμα,
532 2170 556 2226 οἱ
569 2168 590 2226 δ’
605 2168 679 2226 ἄλλοι
694 2166 876 2244 Ἀμφικτύονες
890 2168 1028 2243 συνελέγη·

248 2280 296 2316 σοιν
313 2258 348 2323 εἷς
363 2257 455 2323 Πύλας
468 2254 537 2325 πλήν
551 2265 612 2332 μιᾶς
623 2257 735 2326 πολεως,
750 2247 781 2326 ής
792 2253 844 2332 ἐγὼ
858 2253 911 2313 οὔτ’
924 2252 955 2311 ἀν
969 2251 1028 2310 τού·

248 2368 315 2421 νομα
327 2344 440 2421 εἴποιμι,
455 2345 518 2420 μήθ’
533 2347 560 2401 αἱ
577 2342 709 2425 συμφοραί
723 2341 904 2423 παραπλήσιοι
915 2340 1029 2420 γένοιντο

249 2436 329 2505 αὐτῆς
343 2433 434 2509 μηδενὶ
448 2435 499 2490 τῶν
517 2430 663 2503 Ἑλλήνων,
708 2431 762 2491 list
781 2431 943 2496 συνελθόντες
962 2432 1028 2509 ἔψη·

211 2540 239 2580 lu
250 2521 359 2602 φίσαντο
371 2518 564 2600 ἐπιστρατεύειν
577 2519 621 2577 ἐπὶ
632 2519 689 2586 τοὺς
701 2518 875 2599 Ἀμφισσέας,
889 2517 933 2575 καὶ
946 2539 1029 2595 στρα-

249 2609 328 2687 τηγὸν
343 2607 442 2667 είλοντο
462 2607 597 2686 Κόττυφον
620 2607 663 2666 τὸν
678 2607 833 2686 Φαρσάλιον
850 2606 893 2664 τὸν
909 2605 968 2664 τότε
983 2603 1030 2671 τάς

249 2697 356 2773 γνώμας
367 2694 554 2775 ἐπιψηφίζοντα
563 2741 571 2767 ,
581 2697 627 2753 οὐκ
639 2696 826 2769 ἐπιδημοῦντος
837 2695 863 2750 ἐν
878 2690 1030 2771 Μακεδονία

249 2785 403 2860 Φιλίππου,
414 2783 472 2842 ἀλλ’
490 2783 544 2841 οὐδ’
557 2785 583 2840 ἐν
596 2788 628 2860 τῇ
642 2782 751 2842 Ἑλλάδι
764 2782 905 2860 παρόντος,
925 2778 981 2837 ἀλλ’
1002 2781 1028 2838 έν

250 2871 363 2937 Σκύθαις
384 2870 451 2929 ούτω
466 2868 569 2951 μακράν
591 2870 712 2936 ἀπόντος·
727 2868 754 2927 δν
770 2867 863 2926 αὐτίκα
883 2866 956 2943 μάλα
970 2868 1029 2925 ταλ-

229 2967 231 2974 ‘
250 2959 327 3034 μήσει
348 2957 431 3034 λέγειν
453 2956 620 3034 Δημοσθένης
638 2962 673 3023 ὡς
690 2954 741 3034 ἐγὼ
760 2955 802 3014 ἐπὶ
821 2954 879 3020 τοὺς
896 2951 1031 3023 Ἕλληνας

252 3045 396 3123 ἐπήγαγον.
440 3045 497 3122 (isa)
515 3047 537 3102 Κ
542 3042 569 3102 αὶ
581 3041 790 3123 παρελθόντεςτῇ
804 3039 894 3120 πρώτῃ
908 3039 1031 3121 στρατεία

250 3132 294 3191 καὶ
310 3133 383 3210 μάλα
399 3131 509 3212 μετρίως
527 3130 672 3209 ἐχρήσαντο
692 3139 744 3195 τοῖς
763 3129 954 3207 Ἀμφισσεῦσιν·
974 3127 1031 3187 ἀντί

208 3238 242 3287 72
252 3220 301 3301 γάρ
313 3225 363 3281 τῶν
378 3219 507 3298 μεγίστων
526 3219 696 3295 ἀδικημάτων
714 3217 848 3296 χρήμασιν
862 3214 954 3284 αὐτοὺς
971 3218 1030 3287 ἔζη·

249 3309 361 3386 μίωσαν,
372 3308 415 3367 καί
428 3307 502 3367 ταῦτ’
516 3308 542 3365 ἐν
555 3310 626 3387 ῥητῷ
637 3305 722 3386 χρόνῳ
735 3312 857 3385 προεῖπον
869 3307 906 3383 τῷ
918 3307 968 3384 θεῷ
982 3327 1031 3362 κα·

248 3406 379 3480 ταθρῐναι,
392 3397 438 3454 καλ
452 3396 510 3462 τοὺς
525 3393 571 3471 μὲν
584 3398 682 3472 ἐναγεῖς
701 3392 747 3452 καὶ
767 3396 818 3451 τῶν
838 3391 1031 3473 πεπραγμένων

244 3486 346 3552 ,αἰτίους
366 3483 575 3561 μετεστήσαντο,
587 3481 646 3550 τοὺς
660 3479 686 3539 δὲ
699 3480 731 3539 δι’
749 3480 882 3540 εὐσέόειαν
904 3478 1032 3559 φυγόντας

249 3574 409 3651 κατήγαγον.
451 3570 564 3642 Ἐπειδὴ
577 3570 603 3629 δὲ
616 3569 673 3629 οὔτε
685 3568 718 3627 τά
732 3568 858 3648 χρήματα
871 3567 979 3634 ἐξέτινον
995 3568 1032 3646 τῷ

250 3664 300 3739 θεῷ
312 3659 370 3726 τούς
380 3659 402 3719 τ’
415 3662 513 3736 ἐναγεῖς
525 3657 675 3735 κατήγαγον
687 3653 800 3721 καὶτοὺς
812 3653 926 3720 εύσεόεῖς
937 3656 1032 3711 κατελ-

216 3763 229 3800 ⁵
250 3748 340 3815 θόντας
349 3748 391 3806 td
407 3752 459 3806 τῶν
474 3745 668 3828 Ἀμφικτυόνων
680 3742 814 3819 έξέόαλον,
827 3740 908 3807 ούτως
921 3741 972 3812 ήδη
984 3737 1032 3810 τήν

250 3836 370 3916 δευτέραν
395 3834 532 3918 στρατείαν
553 3832 597 3891 ἐπὶ
616 3830 674 3898 τοὺς
697 3829 845 3910 Ἀμφισσεῖς
859 3827 1031 3903 ἐποιήσαντο,

249 3926 341 4005 πολλῷ
361 3922 449 4004 χρόνῳ
467 3921 582 4001 ὕστερον,
604 3916 824 3989 ίπανεληλυθότος
843 3914 979 3974 Φιλίππου
1002 3916 1033 3972 ἐκ

249 4017 295 4084 τῆς
309 4012 353 4072 ἐπὶ
366 4011 425 4079 τούς
437 4009 541 4077 Σκύθας
553 4005 705 4090 στρατείας,
713 4008 765 4063 τῶν
777 4002 824 4081 μὲν
836 4005 900 4061 θεῶν
912 4000 959 4072 τήν
970 4005 1032 4077 ήγε·

251 4101 342 4177 μανίαν
354 4105 401 4172 τῆς
411 4098 544 4163 εὐσεύείας
555 4100 619 4170 ἡμῖν
632 4091 866 4172 παραδεδωκότων,
877 4093 923 4161 τ’ής
939 4089 966 4147 δὲ
978 4091 1032 4162 Δη-

251 4187 389 4267 μοσθένους
400 4185 555 4267 δωροδοκίας
567 4181 687 4260 ἐμποδὼν
699 4178 884 4258 γεγενημένης.

1076 2184 1219 2245 mansimus,
1238 2187 1264 2234 nt
1280 2197 1338 2233 vero
1355 2184 1441 2247 reliqui
1462 2186 1647 2248 Amphictyones
1664 2184 1694 2235 ad
1713 2184 1785 2247 Pylas
1804 2197 1863 2234 con·

1075 2274 1193 2322 venerunt
1202 2276 1290 2336 praeter
1301 2287 1375 2323 unam
1391 2275 1527 2338 eiritnteru,
1538 2274 1607 2336 cuiuis
1620 2287 1663 2336 ego
1676 2286 1756 2337 neque
1768 2287 1862 2324 nomeu

1075 2363 1204 2424 proteram,
1213 2364 1239 2411 ci
1247 2361 1310 2411 absit
1319 2374 1403 2424 precor
1413 2363 1441 2410 ut
1449 2363 1591 2411 Graecorum
1603 2362 1715 2424 cuiquam
1728 2361 1863 2411 similisro·

1075 2448 1139 2498 cidat
1154 2449 1292 2499 calamitosi
1324 2449 1552 2513 ibiqueoongreguii
1562 2450 1694 2499 exercitum
1708 2450 1733 2499 in
1747 2449 1862 2512 Amphis

1075 2548 1155 2585 nenses
1170 2535 1306 2586 ducendum
1325 2539 1486 2598 censuerunt,
1509 2539 1533 2587 ei
1557 2538 1726 2599 irnperetorcru
1749 2537 1863 2600 legerunt

1076 2623 1222 2686 Cotiyplrum
1235 2623 1304 2673 illum
1323 2624 1488 2687 Pharsalium,
1503 2623 1609 2687 quitum
1625 2623 1756 2674 sententies
1770 2625 1861 2673 sulus·

1074 2712 1119 2774 giis
1134 2711 1289 2774 subjiciebni3
1303 2726 1353 2775 quo
1364 2715 1473 2776 tempore
1488 2726 1538 2762 non
1548 2714 1600 2762 erat
1611 2713 1636 2761 iu
1646 2711 1787 2762 Macedouis
1802 2712 1862 2761 Plri-

1076 2799 1166 2862 lippus,
1175 2801 1234 2862 quiu
1243 2801 1405 2851 ueinGroecia
1412 2801 1518 2863 quidem,
1527 2800 1602 2850 sedin
1612 2800 1710 2862 scythia
1717 2799 1862 2849 temnuntur

1075 2888 1136 2937 adeo
1147 2888 1216 2950 louge
1225 2889 1313 2938 abhinc
1324 2889 1444 2951 remotus,
1459 2901 1532 2951 quern
1549 2889 1631 2937 tamen
1642 2901 1700 2937 ιιιοιι
1713 2888 1813 2937 audebit
1823 2887 1862 2936 di-

1076 2988 1130 3025 cere
1142 2975 1314 3026 Demosthenes
1325 2975 1478 3038 impudenter
1486 2988 1500 3024 a
1509 2988 1607 3025 measse
1616 2976 1640 3024 iu
1652 2978 1751 3026 Grecos
1767 2975 1862 3025 immis-

1075 3076 1138 3112 sum.
1172 3063 1237 3125 (129)
1253 3068 1285 3113 lc
1296 3064 1374 3126 prima
1390 3062 1490 3126 quidem
1506 3063 1658 3125 expeditione
1673 3063 1778 3113 victores
1789 3061 1863 3113 valde

1076 3162 1101 3199 se
1113 3149 1250 3199 modernior
1263 3150 1288 3198 in
1301 3143 1481 3212 Amphiseeuses
1497 3150 1661 3212 prebuerunt.
1695 3152 1743 3199 Pro
1758 3151 1862 3199 atrocis·

1076 3237 1142 3287 simis
1152 3237 1217 3286 euim
1235 3237 1328 3300 injuriis
1339 3236 1443 3299 pecuniis
1458 3239 1554 3286 muium
1569 3250 1609 3286 eos
1621 3237 1784 3296 mulctarunt,
1800 3250 1864 3299 quas

1076 3332 1210 3394 prestituto
1227 3332 1336 3394 tempore
1353 3331 1399 3381 deo
1412 3331 1517 3394 persolvi
1535 3330 1706 3392 decreuerunt,
1718 3332 1744 3380 et
1759 3331 1864 3381 scelere·

1077 3429 1114 3475 tos
1131 3426 1360 3487 commissorumque
1377 3424 1509 3475 facinorum
1528 3426 1639 3473 auctores
1657 3423 1804 3485 abegerunt,
1820 3437 1865 3473 eos

1077 3534 1134 3571 vero
1151 3520 1193 3583 qui
1203 3519 1375 3582 pieietiscausa
1386 3520 1540 3582 profugerant
1555 3520 1707 3568 revocarunt.
1726 3516 1773 3567 Sed
1783 3529 1864 3579 quum

1077 3614 1112 3664 illi
1127 3626 1205 3677 neque
1223 3613 1350 3676 pecuniam
1372 3612 1417 3662 deo
1435 3613 1611 3675 persolverent,
1631 3610 1759 3661 sceleratos
1779 3613 1863 3660 autem

1078 3709 1242 3769 restituerent,
1258 3709 1284 3757 et
1296 3709 1347 3770 pios
1363 3708 1417 3756 ilios
1430 3706 1539 3756 homines
1549 3705 1580 3755 ab
1596 3704 1814 3769 Amphictyonilrus
1824 3717 1863 3754 rc·

1078 3805 1175 3852 vocatus
1188 3802 1314 3864 elicerent,
1323 3800 1373 3862 jam
1384 3803 1438 3850 tum
1449 3800 1551 3849 alteram
1558 3801 1583 3848 iu
1593 3797 1772 3860 Amphiseenses
1783 3797 1861 3846 aciem

1078 3897 1256 3957 instruxerunt,
1269 3896 1340 3957 longo
1355 3896 1410 3957 post
1425 3893 1560 3953 intervallo,
1573 3905 1650 3956 quum
1663 3891 1695 3941 ab
1705 3890 1861 3953 expeditione

1079 3990 1189 4053 scythica
1196 3983 1802 4049 reversusmatthilippnequumquedelendeudae
1810 3982 1861 4033 reli·

1078 4086 1153 4148 giouis
1169 4084 1330 4147 principatum
1343 4082 1376 4131 dii
1394 4081 1542 4130 immortales
1557 4078 1626 4128 uobis
1641 4077 1795 4137 detulerant,
1815 4079 1859 4126 De·

1078 4178 1210 4230 mentireris
1218 4181 1299 4228 autem
1310 4176 1411 4227 arentia
1423 4179 1448 4226 et
1458 4175 1540 4226 sordes
1552 4172 1724 4236 tmpmimerto
1735 4172 1816 4221 erant.

291 4296 340 4338 tua.
363 4273 431 4334 Ἀλλ’
446 4275 474 4331 οὐ
490 4270 644 4352 προύλεγον,
665 4271 693 4327 ού
715 4265 908 4348 προεσήμαινον
929 4266 991 4341 ήμῖν
1010 4266 1033 4322 οἱ
1112 4279 1164 4324 tau.
1180 4275 1210 4323 ti
1220 4286 1268 4322 nou
1279 4269 1511 4334 predicebauimun
1524 4267 1742 4331 premonstratensi
1750 4264 1821 4315 uobis
1830 4261 1862 4312 dii

251 4366 302 4422 θεοὶ
316 4361 491 4444 φυλάξασθαι,
502 4357 578 4436 μόνον
592 4358 640 4416 οὒκ
650 4353 793 4435 ἀνθρώπων
805 4352 891 4435 φωνὰς
901 4373 1034 4431 litamu-
1079 4370 1107 4417 ut
1122 4380 1274 4426 careremus,
1287 4367 1383 4414 tuntum
1399 4375 1448 4412 uon
1465 4360 1577 4410 humanis
1592 4359 1694 4409 uocibus
1704 4358 1862 4420 eloquentes?

212 4474 238 4512 ¹⁰
252 4451 372 4529 σάμῑνθῑὲ
386 4448 519 4526 Οὐδεμίαν
543 4470 583 4504 τοί
604 4444 710 4503 πώποτέ
735 4442 816 4520 ‘itii‘
840 4441 939 4518 μᾶλλον
959 4441 1034 4498 πόδῑν
1080 4462 1293 4523 Nullamuuquam
1314 4473 1356 4521 ego
1373 4454 1666 4506 civitatemuidideornm
1678 4452 1793 4515 prndio
1809 4452 1864 4501 insi·
1886 4485 1894 4498 .

252 4539 357 4619 θώρακα
372 4536 422 4594 ὑπὸ
434 4534 480 4611 μὲν
498 4537 548 4593 τῶν
561 4536 625 4591 θεῶν
639 4530 796 4607 σωζομένηνι
810 4527 861 4588 ὑπὸ
875 4526 901 4586 δὲ
919 4531 970 4586 τῶν
987 4531 1035 4609 tn*
1080 4560 1148 4622 grrius
1154 4557 1277 4618 custodiri,
1286 4556 1317 4605 ab
1323 4553 1459 4604 oratoribus
1465 4565 1548 4601 rursus
1554 4549 1697 4613 quibusdam
1706 4547 1862 4610 pessumdari.

251 4627 335 4705 τάρων
357 4622 432 4683 ἐνίων
447 4620 640 4698 ἀπολλυμένη*
683 4621 744 4697 Οὐχ
767 4616 855 4676 ἱκανὸν
878 4608 910 4688 Ἀ
930 4614 961 4675 τὸ
983 4638 1036 4680 ²⁰¹⁶
1080 4660 1132 4707 lton
1146 4654 1240 4705 εειίεεθ
1249 4650 1447 4716 praemonendum
1458 4649 1553 4697 valebat
1562 4643 1769 4708 portentumillud
1777 4645 1863 4708 mysie

253 4712 403 4794 μυστηρίοις
421 4710 499 4790 φανὲν
514 4712 623 4783 σημεῖον
639 4706 814 4784 φυλάξασθαι,
830 4709 847 4775 ή
862 4707 913 4762 τῶν
929 4707 1034 4780 μυστῶν

252 4800 377 4872 τελευτής
399 4801 428 4858 οὐ
450 4796 510 4876 περὶ
531 4795 627 4854 τούτων
647 4793 808 4870 Ἀμεινιάδης
832 4791 878 4876 μὲν
895 4789 1035 4873 προύλεγεν

269 4892 277 4914 ,
348 4891 362 4905 .
474 4883 481 4904 ι
532 4882 539 4905 ι
653 4887 661 4905 ,
780 4877 788 4903 ι
969 4876 978 4899 ι

252 4888 431 5035 ῖζὲαρῗὶΐὲατιι
440 4883 1036 5050 ’Zpnjtffizgjqpssmopssniuggn{323ss
1085 4940 1190 5003 Delphos
1202 4939 1365 4997 mitteremus,
1382 4937 1424 4999 qui
1440 4933 1499 4997 quid
1510 4933 1575 4982 lecto
1588 4943 1650 4993 opus
1660 4931 1723 4978 esset
1734 4929 1863 4978 oraculum

215 5081 240 5119 ιι
253 5060 412 5145 φιλιππίζειν
431 5057 478 5128 xio
503 5057 603 5118 fluet„
622 5055 737 5136 φάσκων,
759 5051 914 5117 &putem
932 5049 970 5109 ὦ,
990 5048 1036 5107 καὶ
1081 5032 1453 5094 εοίεοὶίοιειιῑυιςῡοιιιοειίιειιυε
1464 5042 1522 5080 vero
1539 5026 1645 5083 obstitit,
1659 5037 1737 5088 quum
1748 5024 1859 5087 Pytlrinm

254 5147 393 5209 ἀπολαύειν
413 5145 458 5204 καί
473 5145 669 5224 ἐμπιπλάμενος
682 5146 729 5213 τῆς
748 5139 884 5216 διδομένης
902 5137 944 5218 ὑφ’
962 5139 1035 5214 ὑμῶν
1082 5133 1190 5196 Philippo
1201 5131 1297 5182 studes
1311 5128 1467 5193 predicaret,
1481 5127 1519 5174 vir
1529 5122 1652 5174 illiberalis
1661 5124 1687 5171 et
1697 5121 1743 5174 hac
1753 5118 1862 5185 quamei

255 5239 326 5318 αὐτῷ
347 5235 479 5309 ἐξουσίαςς
500 5235 559 5312 (ιιι)
582 5234 611 5292 οὐ
632 5231 661 5290 τὸ
689 5231 834 5289 τελευταῖον
857 5226 956 5286 ἀθύτων
984 5223 1029 5282 καί
1081 5217 1860 5290 urtultcemirinroienierperuumseimurinum)eunome

1083 4750 1173 4800 riuuuu
1190 4749 1274 4798 diebus
1290 4747 1383 4806 uuum,
1400 4746 1534 4806 mystarum
1552 4742 1679 4791 interitus?
1690 4753 1738 4789 uon
1757 4740 1790 4789 ob
1812 4740 1864 4789 line

1082 4844 1224 4907 lmyniudes
1244 4843 1388 4907 praelixerat
1404 4843 1432 4890 ut
1449 4851 1601 4899 cernemus,
1612 4838 1641 4885 ut
1657 4839 1736 4885 certus
1755 4834 1865 4884 homines
