3967 5967
231 409 295 507 ἰιι
521 412 524 417 ’
779 430 920 493 110111
940 429 1004 491 ιιι
1023 429 1295 492 amomum.

273 571 337 640 379,
350 582 395 622 ου.
414 563 488 637 Ὗμίν
504 561 705 632 ἰκκλησιάζουσι]
725 560 842 629 δηλονότι
856 561 1011 615 σκοπούντων
1056 560 1165 631 προπίνει
1174 562 1254 631 χρυσᾶ
1262 560 1330 614 ύντα·
1342 562 1415 613 τοῦτο
1424 559 1472 631 γάρ
1481 555 1512 628 ἦν
1523 560 1552 616 τδ
1563 562 1687 632 προπίνειν
1696 594 1745 631 -,
1759 570 1838 621 ταῦτα

238 647 318 700 αδπῗνν
333 647 349 712 ἢ
362 643 417 715 πκρί
427 647 471 697 τού
485 642 613 712 νεωρίουί]
631 640 685 711 περί
697 639 777 692 ἀλλον
788 641 862 701 τινός.
899 639 1012 708 Παρατή·
1056 639 1130 693 πάλιν
1152 639 1185 700 ώς
1205 638 1350 709 όγκλήματα
1371 638 1413 691 καί
1431 643 1523 711 σημεῖα
1539 642 1668 712 προδοσίας
1694 646 1835 714 πεποίηται,

235 744 309 796 ρησαι
323 724 350 779 δί
367 723 393 778 ίκ
415 723 501 777 τούτου
519 722 572 786 δτι,
588 719 681 788 ώςήδη
696 719 822 790 ἰγνωμεν,
844 717 873 771 ού
893 719 969 789 μόνον
986 717 1011 772 όν
1057 719 1234 772 ACDGRTV.
1270 717 1456 787 Φιλοτησία,ὴ
1475 719 1543 782 κύλιξ
1555 722 1586 788 ήν
1601 723 1664 777 κατὰ
1681 724 1764 794 φιλίαν
1783 730 1841 789 τοῖς

235 802 307 855 εωκνί
321 799 500 867 ἠκκλησίαζον,
514 796 580 849 ἀλλά
591 796 709 858 πολλάκις
721 794 747 849 ἐν
761 794 919 867 Πειραιεῖκαί
931 794 957 848 ἰν
965 794 1012 847 ἀλ·
1056 796 1135 867 φίλοις
1146 797 1296 868 προύτεινον.
1307 800 1383 852 ΒΥΡ.
1836 826 1838 831 ·

235 879 288 940 λοις
306 880 398 941 τόποις.
437 878 484 930 Καὶ
503 876 608 941 λοιπόν,
640 877 700 930 όπυυ
724 876 874 946 συνήγοντο,
895 874 1013 941 ἰκκλησία
1093 875 1596 947 εει,ο.1ημοσιος]οῑισςδηιιιη,1).

234 956 361 1013 ἰκαλεῖτο·
383 956 430 1026 οθχ
445 957 483 1010 δτι
502 956 526 1009 σί
545 958 616 1010 τόποι
635 954 761 1021 ἰκιιλησίαι
785 953 932 1018 ἰκαλοθντο,
946 951 1013 1004 ἀλλά
1092 955 1154 1019 381,
1167 973 1193 1024 7.
1208 955 1243 1007 Τδ
1255 954 1385 1026 ψήφισμα]
1398 957 1457 1026 ὅπερ
1470 975 1504 1019 τις
1519 956 1651 1028 ίψηφίσατο
1664 964 1713 1013 τῶν
1727 962 1837 1017 πολιτῶν

235 1036 312 1106 μόνον
323 1036 364 1089 θτε
376 1029 821 1105 συνήγετοόδῆμος,παράτδαύτδν
833 1029 910 1085 ἰκιῖσε
925 1030 1013 1098 ἰκκλη·
1056 1030 1264 1102 (βουλευτῶνί),
1286 1034 1328 1086 θτε
1350 1032 1490 1104 ἐξωμόσατο
1518 1035 1532 1087 ό
1553 1034 1670 1106 Αἰσχίνης
1690 1036 1836 1111 ἀρρωστεῖν.

234 1114 326 1166 σιάοαι.
368 1110 399 1165 Ἦ
412 1112 438 1165 δί
453 1112 512 1173 πνίιξ
525 1110 690 1165 ἰκαλιῖτοδιά
707 1112 736 1164 τό
754 1109 1012 1172 ἀείώςίπίτδπλεῖ-
1057 1111 1224 1165 ACDGRTV

235 1210 293 1245 στον
305 1191 359 1245 ἐκεῖ
367 1192 410 1245 τόν
422 1193 501 1261 δῆμον
516 1188 691 1256 ίκιιλησιάζειν.
703 1188 878 1244 ACDGRTV.
1093 1188 1160 1252 381,
1176 1208 1202 1258 9.
1220 1189 1281 1250 Τοθς
1295 1186 1433 1260 μάρτυρας]
1447 1183 1503 1242 οίον
1516 1191 1571 1254 τούς
1584 1194 1777 1265 συμπρεσὸευιδς
1791 1201 1838 1251 τοῦ

271 1271 333 1340 379,
348 1273 393 1325 αθ.
418 1268 595 1336 Ἐιαιδήταύτ
609 1266 659 1340 ήν]
676 1266 706 1321 Ἥ
716 1266 804 1332 πιθανὴ
819 1264 1010 1337 ἀπολογίαίἰὸ.
1056 1263 1173 1335 Αἰσχίνου
1184 1265 1229 1332 τήν
1242 1268 1325 1338 τρίτην
1337 1267 1476 1337 πρεσδείσν.
1493 1271 1526 1322 Α.
1859 1274 1863 1279 “

270 1353 333 1421 379,
355 1367 399 1419 29.
420 1347 519 1414 Ἐπειδὴ
538 1347 638 1413 τοιαύτη
652 1345 763 1417 ταραχή]
781 1346 888 1417 Συνῆψεν
901 1343 1011 1398 ίντεῦθεν
1092 1345 1157 1410 381,
1175 1361 1217 1400 1ο.
1232 1345 1304 1407 Τίνας
1316 1340 1359 1398 ούν
1371 1344 1460 1416 εἰνχίις]
1474 1343 1656 1417 Ἐπιλογίζεται
1668 1349 1838 1421 πληρώσαςτὶι

233 1426 278 1495 τήν
293 1429 430 1500 λεγομίνην
447 1426 550 1494 πιθανὴν
571 1424 720 1495 ἀπολογίαν·
740 1424 782 1477 καί
797 1423 844 1495 μήν
861 1422 882 1477 εἰ
901 1423 1012 1494 συνήδειν
1056 1421 1166 1493 δεύτερον
1184 1423 1296 1493 ζήτημα·
1316 1424 1415 1488 σύνηθες
1428 1423 1476 1493 γὰρ
1488 1423 1554 1495 αύτῷ
1571 1427 1633 1495 μιτά
1648 1428 1690 1491 τάς
1705 1428 1837 1494 ἀποδείξεις

234 1506 333 1579 ίμαυτῷ
351 1507 576 1578 δεδωροδοκηκύτι,
593 1504 637 1558 ούκ
657 1506 686 1555 ἀν
705 1503 769 1556 οὕτω
786 1508 913 1573 προφανῶς
926 1501 1012 1573 ἀπήειν
1056 1500 1099 1563 τὰς
1110 1500 1268 1572 ἰσχυροτάτας
1284 1501 1473 1572 ίπιλογίζισθαι.
1487 1504 1604 1556 BFRSY.
1856 1508 1859 1513 '

235 1589 299 1640 ίθστε
310 1588 454 1656 κατάφωρον
472 1583 576 1655 ἰμαυτδν
592 1586 751 1649 καταστήσειε.
793 1580 823 1634 Ἥ
837 1582 904 1643 λύσις
926 1603 937 1630 ι
954 1579 1012 1634 ἀλλ’
1093 1579 1158 1649 371,
1174 1581 1215 1633 13.
1230 1580 1287 1642 Τοῖς
1301 1581 1455 1651 συμμάχοις]
1474 1582 1533 1651 φησί
1545 1587 1594 1634 τῶν
1611 1583 1729 1653 Φωκέων,
1742 1589 1786 1641 ἵνα
1797 1590 1836 1642 αι.

236 1660 483 1735 ηθςωςίκρρωνής
497 1664 538 1718 καὶ
551 1664 615 1726 ὅλως
630 1659 908 1733 πρδςτῷλήμματικοιί
922 1660 1014 1731 τῷδω-
1057 1658 1191 1725 νίξηταιείς
1207 1659 1396 1727 Ἀθηναίουςίλ.
1433 1660 1491 1722 Τοῖς
1506 1658 1638 1729 Ἀθηναίοις
1647 1665 1785 1722 αἰνίττεται.
1800 1672 1835 1725 Τ.

236 1767 248 1795 ι
270 1744 430 1815 ροδοκήματι,
443 1745 507 1798 ὥστε
529 1746 605 1795 ταῦτα
624 1743 703 1795 πάντα
726 1739 820 1791 ἀνελὼν
845 1739 886 1791 καί
904 1738 1012 1808 παριδὼν
1094 1737 1156 1801 381,
1169 1743 1211 1801 16,
1222 1738 1315 1791 Οἰκοῦν
1326 1737 1537 1810 ᾤχετομίνπαρά
1551 1741 1593 1794 τδν
1602 1745 1698 1816 νόμον]
1715 1745 1837 1805 Ἐνταῦθα

237 1845 249 1873 ε
269 1824 349 1894 ᾤχου.
365 1844 376 1873 ν
396 1821 499 1876 Ἀνελίον
513 1822 540 1875 δί
556 1824 648 1882 ταῦτα,
666 1820 742 1883 ποῖος
757 1819 786 1872 τδ
799 1816 952 1888 ἀρρωστήσαι
962 1854 971 1879 ,
982 1815 1012 1870 τδ
1057 1813 1220 1887 ἀναλογίζεται
1231 1818 1318 1871 λοιπδν
1329 1818 1371 1870 καί
1381 1816 1526 1889 συναγωγήν
1537 1824 1642 1875 ποιεῖται
1653 1829 1701 1877 τῶν
1712 1824 1838 1900 ἔγκλημά.

232 1902 361 1972 φοόεΐσθαι
378 1902 513 1968 θηθαίσυς,
535 1900 573 1953 ότι
595 1897 680 1968 ἔλεγεν
702 1896 727 1950 ἰν
749 1900 781 1967 τῇ
798 1894 864 1966 ἀρχῇ
884 1895 922 1949 ότι
936 1895 1013 1958 ούτως
1056 1912 1120 1960 των,
1134 1895 1265 1965 πληρώσας
1277 1897 1306 1950 τό
1318 1896 1428 1966 δεύτερον
1442 1895 1549 1967 ζήτημα.
1587 1899 1691 1967 Σόνηθες
1705 1903 1752 1975 γάρ
1769 1904 1837 1979 αύτῷ

234 1980 307 2034 αύτδν
325 1980 424 2050 ἐμίσουν
437 1980 462 2032 σί
477 1979 583 2046 Θηθαῖοι
597 1979 661 2031 ώστε
680 1976 722 2029 καί
736 1975 853 2046 χρήματα
866 1974 920 2027 κατ’
938 1973 1012 2027 αἰτοῦ
1056 1978 1129 2027 τοῦτο
1143 1978 1233 2040 ποιεῖν,
1247 1975 1308 2047 μετά
1319 1975 1361 2037 τάς
1371 1973 1502 2037 ἀποδείξεις
1513 1975 1701 2048 ἐπιλογίζεσθαι.
1729 1984 1800 2039 Ἐστι
1809 1987 1836 2043 δ]

233 2057 394 2129 ίειεκήρυξαν,
416 2058 458 2111 καί
477 2057 567 2111 τάλλα.
606 2054 682 2116 Ἄξιον
700 2054 726 2108 δί
745 2054 804 2107 ἰδεῖν
827 2056 898 2108 ποίόν
919 2051 970 2106 ἔστι
984 2053 1013 2107 εδ
1056 2055 1099 2104 τοῦ
1111 2053 1221 2123 δευτέρου
1230 2053 1368 2123 ζητήματος
1376 2052 1406 2105 τά
1415 2052 1534 2123 κεφάλαια
1542 2059 1627 2109 ταῦτα.
1663 2059 1718 2113 Τῶν
1731 2063 1774 2132 μίν
1787 2064 1837 2136 γάρ

234 2142 324 2209 χρῶμα
332 2144 381 2190 τῶν
393 2136 435 2189 ἀπ’
447 2134 525 2205 ἀρχῆς
537 2134 596 2204 άχρι
606 2132 699 2194 τύλους.
715 2131 872 2203 Ἐξωμόσατο
885 2131 1010 2203 Αἰσχίνης,
1057 2132 1206 2202 παρειμίνων
1217 2132 1244 2184 δν
1258 2138 1363 2202 πρῶτον·
1380 2132 1530 2184 ούδεπώποτ
1545 2132 1666 2204 ἐμνήσθης
1686 2144 1729 2192 τοῦ
1742 2140 1836 2197 Qun.

234 2216 315 2288 ἕτερος
325 2214 512 2286 ἐχειροτονήθη,
524 2211 595 2273 αύτδς
603 2212 728 2282 πορεύεται
741 2211 802 2280 μετὰ
813 2209 858 2275 τὴν
872 2211 1010 2282 πρεσδείαν.
1056 2215 1197 2274 πουιιακώς,
1210 2209 1432 2282 ἰπιιδήπερσαυτδν
1444 2215 1640 2281 περιπεπτωκότα
1648 2217 1737 2280 δεινοῖς
1748 2219 1833 2291 ἐώρας·

234 2294 266 2345 Τί
276 2295 357 2346 τοίνυν
368 2291 421 2363 ίριῖ
432 2291 491 2361 πρός
501 2293 594 2354 ταύτας
607 2290 645 2342 δτι
660 2283 703 2341 οθν
713 2286 860 2355 ἰξαλήλιπτο
875 2289 891 2356 h
904 2310 1014 2361 χειροτο-
1057 2287 1118 2358 μετὰ
1138 2287 1183 2354 τήν
1201 2289 1349 2359 ἐπαγγελίαν
1364 2288 1408 2342 ούκ
1426 2288 1628 2360 ίμνησικάιιησας.
1670 2293 1724 2350 λπό
1741 2297 1767 2351 δὲ
1785 2306 1836 2354 τῶν

233 2372 285 2424 νία-
306 2372 349 2424 καί
370 2371 461 2424 ἀτοπον
477 2364 507 2436 ήν
532 2369 748 2439 χειροτονηθίντσι,
764 2367 845 2434 ἐπειδὴ
864 2367 922 2439 ῥᾷον
937 2369 1011 2441 ἔσχε,
1056 2368 1241 2438 πεπραγμίνων,
1259 2369 1297 2422 ότι
1313 2367 1427 2429 Πύθωνος
1442 2367 1587 2440 ἀφικομίνου
1603 2373 1644 2424 καί
1658 2392 1731 2427 τινων
1747 2375 1835 2448 ἑτέρων
1870 2366 1873 2371 ’

234 2448 268 2521 μή
281 2450 387 2519 βαδίζειν
399 2447 463 2519 παρά
475 2447 517 2501 τδν
529 2447 665 2502 Φίλιππον.
707 2446 736 2499 Ὁ
746 2445 837 2518 ῥήτωρ,
850 2447 875 2509 ἔς
887 2447 909 2500 t'
921 2449 950 2500 ἂν
963 2450 1014 2503 {12-
1056 2444 1188 2512 πρίσύεων,
1210 2443 1266 2499 εἶτα
1285 2445 1414 2507 ἀξιούντων
1437 2446 1562 2501 Φίλιππον
1586 2447 1744 2520 Ἀμφικτόονα
1761 2457 1835 2527 ψηφί-

234 2528 517 2600 ρσςάντιχειροτονηθῇ,
531 2526 781 2597 ίδεισεβαδίζειν,οὖ
795 2527 850 2580 τότε
862 2527 903 2580 θεε
912 2527 1013 2590 Φωκίας
1057 2525 1153 2589 σασθαε,
1161 2526 1259 2578 πάντων
1272 2523 1461 2595 ἀντιλεγόντων,
1474 2527 1546 2595 μόνος
1556 2530 1661 2583 συνεῖπε.
1699 2531 1837 2605 Τδχρῶμα

233 2605 394 2669 ἀπολωλότας
406 2605 493 2660 ἰπύθου
501 2606 591 2658 .TCV.
1057 2607 1175 2669 συνῆπται
1185 2604 1279 2675 τούτῳ,
1296 2600 1369 2675 ούπερ
1382 2605 1426 2658 ούκ
1438 2603 1592 2677 ἐμνήσθημεν
1604 2610 1730 2679 πρότερον,
1743 2615 1795 2666 νυνί
1808 2616 1836 2668 δὲ

270 2686 337 2749 380,
359 2691 386 2740 6,
404 2683 520 2758 ᾝρητο]
542 2682 597 2736 ἀντὶ
618 2685 662 2735 τοῦ
677 2681 751 2755 Ιήρίθη
774 2683 816 2736 καί
838 2681 1012 2754 ἰχειροτονήθη
1056 2682 1225 2752 προσθήσομεν
1241 2684 1280 2735 ότι
1292 2683 1401 2753 πόλεμον
1417 2683 1557 2751 εύλαόηθείς
1575 2690 1689 2741 συνεῖπυν
1706 2693 1758 2754 τοῖς
1777 2696 1835 2762 πρό.

233 2761 286 2815 ἀντ’
300 2762 375 2815 αἰιτοῦ
394 2761 409 2815 ύ
429 2760 531 2832 ἀδελφός
551 2758 635 2814 αἰτοῦ.
671 2760 764 2831 Αρΐυμα
781 2760 807 2813 δί
829 2760 882 2814 λύει
898 2760 1011 2816 ίνταθθα.
1057 2760 1134 2812 σύεσι.
1172 2761 1301 2831 Θαυμάσαι
1316 2763 1342 2815 δὲ
1356 2763 1446 2815 δεῖτδν
1462 2762 1553 2835 ῥήτορα
1570 2769 1613 2832 τῆς
1627 2768 1777 2835 δεινότητος,
1797 2775 1836 2826 ὅτι

234 2839 348 2912 Ἔμελλε
360 2840 409 2913 γάρ
419 2840 500 2911 λέγειν
510 2837 649 2909 ύΑἰσχίνης
660 2840 700 2892 δτι
710 2837 768 2909 ῥᾷον
781 2837 892 2909 ἐσχηκὼς
902 2839 1011 2911 ύστερον,
1057 2837 1105 2907 ούχ
1115 2839 1148 2900 ύις
1157 2847 1247 2911 χρῶμα
1260 2840 1400 2913 εἰσήγαγεν,
1421 2841 1487 2894 ἀλλά
1500 2852 1692 2914 συγκρουστικῶς
1704 2850 1836 2919 παροξῦναι

232 2918 274 2971 διά
284 2925 357 2973 τοῦτο
370 2918 515 2990 ἰπρίσθευσα
527 2917 708 2987 χειροτονηθείς
725 2915 750 2978 ἰΕ
768 2916 846 2988 ἀρχῆς
859 2917 885 2971 ἰν
899 2921 931 2990 τῇ
945 2919 1013 2991 τρίτη
1058 2916 1182 2986 μᾶλλονῆ
1202 2923 1318 2985 συστῆσαι
1335 2917 1380 2986 τήν
1394 2918 1530 2989 ἀπολογίαν
1545 2921 1619 2976 αἰτοῦ
1636 2927 1834 2997 προαιρούμενος,

233 2999 356 3069 πρεσόείρ.
392 2996 449 3051 Αύει
467 2991 510 3049 οθν
523 3000 596 3050 τούτο
610 2995 625 3048 ό
644 2994 725 3067 ῥήτωρ
742 2996 823 3066 λόγων
836 2996 875 3049 ότι
893 2991 923 3062 ήν
938 2997 1014 3059 ἀλλος
1057 2997 1142 3068 Τρίτον
1155 2997 1196 3053 ἀπ’
1208 2998 1285 3070 ἀρχῆς
1298 2999 1357 3070 ἀχρι
1370 2999 1468 3065 τέλους,
1485 3001 1524 3053 ότι
1534 3001 1689 3073 Φιλοκράτης
1699 3007 1837 3076 δωροδόκος

234 3076 287 3131 ἀντ’
301 3077 375 3131 αἰετοῦ
388 3075 581 3148 χειροτονηθείς,
595 3075 610 3127 ό
623 3074 726 3146 ἀδελφός
739 3074 821 3128 αθτού.
833 3076 913 3130 m.
1058 3073 1266 3147 είναιόμολογεΐ,
1286 3075 1356 3140 οὗτος
1372 3078 1399 3131 δί
1418 3078 1566 3149 Φιλοκράτει
1581 3085 1667 3148 συνῆν.
1702 3084 1835 3156 Τίταρτσν,

270 3157 332 3220 380,
344 3174 372 3224 9.
387 3153 487 3221 Ἐπειδὴ
496 3154 620 3225 θηθαΐοι]
637 3151 726 3207 Ἰστίον
738 3153 777 3206 ότι
789 3151 892 3206 ἀνταθθα
904 3152 1013 3208 &virm
1057 3154 1096 3206 ότι
1109 3153 1307 3225 εἰσαγγείλαντος
1323 3153 1451 3226 Ὑπερίδου
1463 3156 1630 3228 Φιλοκράτην,
1640 3160 1773 3226 καλούντός
1788 3186 1837 3236 μου

233 3233 349 3302 θπιθσνι]
361 3233 494 3305 ἀπολογία.
531 3232 643 3304 Ἔμελλε
653 3231 701 3303 γὰρ
712 3230 948 3303 λόγεινόΑίσχίνης
959 3235 1012 3301 ότι,
1057 3233 1188 3303 διαρρήδην
1196 3235 1252 3297 τούς
1266 3236 1428 3306 βουλομένους
1438 3237 1645 3307 διαμαρτύρασθαι
1654 3242 1693 3294 ότι
1709 3241 1743 3313 μή
1754 3263 1837 3298 κεκοι.

234 3313 313 3366 καίτοι
326 3312 348 3367 εί
360 3313 470 3385 συιήδειν
485 3310 583 3383 ίμαυτῷ
593 3310 638 3377 τήν
649 3311 791 3381 προδοσίαν,
805 3308 849 3363 ούκ
860 3311 889 3362 ἀν
902 3309 1013 3373 ἔθάδιζον
1058 3313 1204 3378 νωνήκασιν,
1219 3313 1247 3366 ού
1258 3314 1381 3383 παρῆλθεν
1393 3313 1519 3385 Αἰσχίνης.
1532 3316 1610 3370 TCV.

234 3393 291 3445 τότ*
310 3391 369 3461 πρίν(
382 3391 517 3455 mm,
530 3390 574 3443 ἵνα
594 3387 627 3461 μθ
645 3390 755 3460 ἴίίωμαῑ
774 3388 921 3456 κατάδηλος·
958 3390 1014 3443 Αύιι
1094 3392 1161 3456 381,
1182 3410 1227 3461 ²7·
1250 3393 1400 3465 Κοινωνεῖν]
1415 3394 1494 3447 Τοῦτο
1508 3393 1562 3448 είπε
1582 3396 1723 3468 προλαόίεν,
1738 3401 1777 3453 ότι
1790 3401 1836 3457 οἰκ

130 3489 132 3493 ’
235 3465 278 3524 ούν
290 3474 363 3524 τοῦτο
376 3468 483 3541 όρήτωρ
498 3470 579 3540 λέγων
596 3466 849 3539 θειὴδωροδοκίασί
867 3466 911 3521 οθκ
923 3466 1013 3538 ἀφῆκεν
1059 3469 1166 3541 ἔπεμψαν
1179 3470 1204 3525 ἰν
1217 3473 1269 3533 τοῖς
1286 3472 1381 3534 Πυθίοις
1392 3471 1447 3526 ούτε
1459 3474 1514 3535 τοίνς
1533 3475 1637 3545 θεωρούς
1652 3475 1707 3531 ούτε
1724 3480 1780 3541 τούς
1794 3482 1835 3535 θι-

234 3549 296 3604 ἰδεῖν
310 3551 339 3603 εδ
352 3549 417 3614 δίον,
434 3548 491 3600 ἀλλ’
508 3547 612 3619 ίκφρονα
622 3547 755 3613 κατέστησε
765 3550 809 3599 τοῦ
820 3548 948 3618 γινώσκειν
965 3549 1015 3602 ότι
1058 3551 1184 3619 σμοθίτας.
1200 3552 1255 3603 An.

234 3630 321 3690 ποιεῖς.
336 3630 393 3682 ΑΒ.
1094 3629 1161 3693 38α,
1179 3646 1219 3681 10.
1238 3628 1281 3691 Ὃς
1293 3628 1320 3682 ἰκ
1331 3629 1438 3700 πολέμου
1449 3632 1591 3703 ποιούμενος
1603 3631 1763 3706 είρήνην]Εἰ
1774 3637 1834 3708 γάρ,

271 3709 332 3770 33ον
346 3707 387 3759 13.
403 3703 467 3757 Ἀλλ’
475 3704 550 3765 05²⁰>ss
562 3702 656 3774 ίθφθωθ
666 3699 713 3772 ἦν]
726 3700 758 3754 Ἣ
766 3702 891 3765 ἆίῒίθωῑθ
901 3704 943 3756 καί
954 3703 1012 3775 μὴν,
1057 3708 1132 3777 φησί,
1144 3709 1210 3762 καλό
1223 3709 1346 3771 Φίλιππος
1356 3708 1421 3779 ἡμᾶς
1433 3708 1525 3775 ἠδίκει,
1540 3710 1598 3762 ἀλλ’
1609 3708 1653 3764 σύν
1669 3733 1699 3784 γε
1713 3712 1768 3786 είχί
1780 3737 1836 3772 τινα

236 3783 258 3837 εἰ
269 3785 379 3855 συνῄδειν
392 3781 489 3852 ίμαυτῷ
501 3781 722 3850 δεδωροδοκηκότι,
737 3778 780 3832 ούκ
794 3781 823 3833 ἀν
841 3780 905 3834 οίίτω
921 3802 1014 3852 προφα-
1058 3789 1207 3858 συγγνώμην
1217 3787 1272 3840 καθ’
1284 3789 1299 3840 δ
1311 3787 1426 3858 πολίμιος
1436 3784 1477 3854 ήν.
1490 3790 1570 3844 ΑίίΤ.

236 3869 282 3925 νῶς
296 3862 391 3932 ἀπήειν,
406 3862 469 3913 ώστε
480 3860 622 3928 κατάφωρον
635 3858 737 3929 ἰμαυτδν
750 3864 907 3927 καταστῆσαι.
925 3858 959 3914 Ἥ
972 3861 1015 3914 λύ·
1093 3864 1264 3937 Πωλούντων]
1277 3865 1342 3937 παρά
1353 3870 1401 3919 τῶν
1414 3867 1595 3933 συνεστηκότων
1610 3868 1653 3922 καί
1664 3877 1837 3945 συναγορευόν-

236 3960 286 4003 σις·
302 3940 359 3991 ἀλλ’
371 3938 446 4000 ούτως
458 3936 551 4007 ἔκφρων
567 3933 607 4003 ήν.
620 3937 714 3989 BFSY.
1059 3962 1107 3995 των
1121 3942 1233 4017 Αἰσχίνη.
1249 3947 1278 4000 Ρ.

272 4023 338 4084 380,
361 4023 402 4083 είς.
421 4019 506 4071 Πάντα
523 4017 616 4089 ταῦτα]
635 4015 663 4070 τό
676 4016 864 4087 προφασίζεσθαι
881 4016 1014 4089 ἀρρωστεῖν
1096 4023 1157 4087 382,
1174 4026 1215 4077 15.
1226 4023 1298 4093 Τάχα
1311 4022 1392 4076 τοίνυν
1409 4021 1484 4093 ίσως]
1498 4023 1622 4087 Ἀντίθισις
1635 4032 1684 4079 τῶν
1696 4026 1832 4099 ἔπιλόγων·

235 4100 277 4153 καί
290 4098 321 4154 τά
332 4098 422 4170 ἐφεξῆς.
436 4100 471 4151 Α.
1058 4102 1204 4169 κεχώρισται
1222 4100 1248 4152 δί
1261 4105 1309 4153 τῶν
1329 4099 1527 4172 ἀγωνιζομένων.
1568 4102 1705 4168 Ἀντιθίοεις
1721 4107 1767 4179 γάρ
1783 4109 1836 4164 m.

273 4180 338 4243 380,
356 4179 398 4233 15.
411 4175 465 4229 Καὶ
473 4174 583 4228 τοιούτου
597 4176 640 4227 τοῦ
650 4174 809 4245 πράγματος]
824 4174 897 4239 Ἔθος
907 4171 937 4244 ήν
952 4175 1014 4231 κατὰ
1058 4196 1135 4247 γομεν
1149 4179 1234 4248 κυρίως
1249 4177 1280 4231 τά
1301 4178 1360 4248 πρδς
1379 4179 1440 4232 αθτά
1455 4181 1486 4234 τά
1506 4185 1636 4253 κρινόμενα
1657 4184 1833 4258 ἐξεταζόμενα,

235 4256 366 4328 τάπάτρια
378 4256 479 4326 πίμπιιν
491 4258 526 4324 τῷ
540 4250 675 4306 Ἀπόλλωνι
688 4250 758 4324 ἀντῷ
770 4251 848 4323 ἀγῶνι
860 4259 908 4306 τῶν
919 4253 1014 4308 Πυθίων
1059 4256 1198 4326 ἔπιλογικάς
1211 4257 1238 4310 δὲ
1258 4256 1387 4319 ἀντιθέσεις
1408 4257 1450 4320 τάς
1463 4258 1511 4312 ἀπδ
1529 4262 1666 4328 ποιοτήτων
1688 4263 1835 4337 ἐπιλογικῶν

236 4337 292 4398 τοίις
305 4334 408 4405 θεωρούς
419 4332 460 4387 καί
472 4331 688 4403 τούςθεσμοθίτας,
700 4332 743 4384 ἵνα
757 4329 1015 4407 μείζονήτδάξίωμα
1058 4337 1225 4405 πιστουμένας.
1263 4335 1349 4389 Ἐστιν
1363 4331 1518 4391 οθνάπδτοθ
1532 4342 1723 4412 συμφίροντοςή
1742 4344 1836 4400 άντίθς.

236 4420 279 4483 τῆς
291 4416 380 4476 θυσίας.
397 4412 573 4467 ACDGRTV.
1058 4431 1104 4475 σις.
1116 4415 1233 4467 BFRSY.
1262 4412 1389 4478 Ἀντίθεσις
1402 4415 1539 4487 ίπιλογική.
1571 4420 1698 4490 Χρησίμως
1709 4422 1735 4475 δὲ
1744 4424 1835 4492 ταύτην

272 4497 340 4558 υ80,
362 4492 397 4545 23
423 4491 451 4544 ‘A
466 4490 572 4557 θηθαίοι
592 4489 633 4542 καί
653 4489 776 4551 Φίλιππος
794 4487 882 4560 ἔθυον]
896 4489 1015 4556 Θηδαίους
1059 4492 1288 4564 όπλασενόρήτωρ,
1298 4495 1342 4547 ἵνα
1353 4496 1417 4567 δείξη
1428 4495 1552 4550 Φίλιππον
1562 4498 1638 4568 μίγεν
1648 4499 1688 4552 διά
1698 4505 1741 4554 τοῦ
1753 4503 1834 4575 λέγειν

236 4572 347 4644 προσθεὶς
360 4576 395 4643 τῷ
405 4569 524 4640 Φιλίππῳ
537 4568 661 4634 δεδήλωκε
674 4568 715 4620 διά
725 4573 773 4621 τῶν
787 4567 880 4639 ἐχθρῶν
896 4570 934 4622 δτι
947 4570 1014 4623 δεινά
1058 4573 1097 4625 δτι
1108 4572 1231 4642 μέλλομεν
1243 4572 1316 4626 αύτδν
1325 4578 1422 4642 κινῆσαι
1433 4575 1491 4645 πρδς
1501 4574 1588 4645 όργίην,
1602 4576 1643 4630 ἰίιν
1652 4580 1694 4632 τδν
1709 4582 1781 4651 φίλον
1791 4584 1835 4637 αθ-

237 4650 436 4712 ,αὶηψοηηπης
449 4647 511 4701 κατὰ
528 4651 571 4713 τῆς
584 4647 678 4710 πόλεως
691 4646 791 4718 ηύχετο.
829 4646 893 4718 Ὅρα
909 4648 935 4701 δί
951 4650 1016 4711 όπως
1058 4655 1101 4704 τοῦ
1116 4653 1319 4722 τιμωρησώμεθα,
1332 4653 1376 4705 ίνα
1386 4653 1426 4705 διὰ
1439 4653 1479 4705 διὰ
1489 4654 1575 4706 τούτου
1593 4656 1680 4729 κινήσῃ
1693 4661 1748 4723 τοὺς
1765 4662 1835 4715 812oe-

237 4734 253 4786 δ
267 4732 310 4804 μὶν
321 4726 351 4798 ἦν
371 4728 512 4796 ἀνεύθυνον,
524 4726 553 4781 τδ
566 4726 690 4781 ίστιᾶσθαι
702 4727 743 4778 καί
757 4727 875 4790 σπένδειν,
891 4726 946 4788 τοίνς
957 4731 1015 4798 πρό-
1059 4728 1116 4791 στάς
1122 4730 1180 4799 πρδς
1187 4729 1216 4781 τό
1226 4731 1345 4802 αἱρεῖσθαι
1359 4732 1455 4803 μᾶλλον
1463 4733 1645 4804 τιμωρήσασθαι
1652 4738 1694 4791 τόν
1704 4739 1767 4811 Αἰσχ
1771 4742 1834 4811 ίνην.

237 4814 303 4873 σόεις
318 4810 397 4865 ἔπεισε
411 4812 571 4881 μαρτυρῆσαι·
583 4808 611 4861 τό
622 4806 649 4861 δί
658 4806 835 4878 ἰστκρανιῒισθαι
846 4806 908 4859 κατὰ
919 4811 962 4874 τῆς
970 4828 1015 4861 πα-
1059 4808 1233 4863 ACDGRTV.

236 4888 344 4960 τρίδσςό
362 4886 443 4960 ῥήτωρ
461 4886 488 4941 ίκ
500 4892 543 4940 τοῦ
561 4885 711 4951 ἀκολούθου,
727 4886 769 4938 καί
785 4882 819 4956 μή
835 4884 952 4941 εἰπόντων
965 4895 1014 4942 τῶν
1093 4887 1165 4956 Τάχα
1177 4888 1276 4959 τοίνυν]
1293 4885 1346 4941 Ἀπδ
1357 4892 1401 4941 τοῦ
1416 4890 1576 4960 συμφέροντός
1590 4889 1654 4945 ἔστιν
1674 4892 1833 4964 ἣάνείθεσις,

237 4969 370 5038 πρίσόεων,
383 4967 655 5020 κατεσκεύασενΤίίίί.
1058 4966 1196 5033 ζητούντων
1218 4965 1239 5020 εἰ
1256 4967 1409 5034 λυσιτελήσει
1428 4970 1646 5040 καταθηιρίσασθαι.
1697 4973 1791 5039 (Ἔστι
1808 4979 1835 5033 δί

274 5045 340 5109 380,
354 5062 397 5114 υ7.
412 5042 458 5096 Καὶ
470 5044 628 5115 φιλοτησίας]
642 5044 701 5114 άπερ
711 5043 915 5114 φιλεῖγίγνεσθαι
926 5042 951 5098 ἐν
963 5048 1016 5108 τοῖς
1059 5045 1192 5108 ἀκόλουθος
1211 5049 1263 5109 τοῖς
1276 5046 1388 5119 ἀνωτέρω
1407 5046 1525 5119 ῥηθεῖσιν·
1545 5048 1653 5114 εἰπόντος
1665 5052 1714 5125 γδρ
1724 5060 1768 5108 τοῦ
1785 5057 1834 5125 Δη.

237 5125 396 5193 συμποσίοις,
419 5124 448 5177 τ“ο
470 5124 603 5187 δεξιοῦσθαι
623 5122 747 5191 ἀλλήλους
769 5125 820 5186 τοῖς
839 5130 1016 5194 ποτηρίοις-
1060 5127 1189 5198 μοσθίνους
1198 5127 1291 5179 δίκαιον
1303 5125 1369 5180 εἶναι
1379 5128 1422 5180 τδν
1435 5126 1554 5199 Αἰσχίνην
1571 5134 1754 5202 τιμωρηθήναι,
1775 5136 1833 5191 &16-

240 5200 358 5264 πολλάκις
368 5202 409 5255 καί
420 5201 481 5256 αύτίι
491 5201 521 5255 τά
534 5202 638 5275 ποτήρια
651 5203 792 5275 χαρίζεσθαι
807 5202 849 5257 τόν
869 5202 968 5273 βασιλία
979 5198 1017 5267 οίς
1059 5205 1148 5260 λουθον
1164 5200 1196 5273 ἦν
1217 5205 1293 5261 εἰπεῖν
1312 5206 1354 5260 τόν
1374 5205 1491 5277 Αἰσχίνην
1508 5206 1541 5280 μὴ
1557 5212 1682 5283 συμφέρειν
1696 5217 1768 5267 τοῦτο
1782 5219 1833 5279 τοῖς
