3967 5967
237 452 295 505 0⁹⁸
779 437 923 499 ΣΧΟΛΙΑ
947 439 1011 499 ΕΙΣ
1031 439 1306 500 mmmmm.

236 577 324 644 μένων.
363 571 558 644 Συναγωνίέεται
572 566 615 624 ούν
637 576 672 643 τῷ
691 570 847 642 Εύκτήμονος
864 572 943 644 λόγῳ·
961 572 1021 625 θταν
1067 589 1105 624 σιν
1121 570 1169 625 ἀπδ
1182 576 1226 625 τοῦ
1238 572 1329 634 τέλους,
1359 570 1391 624 Εἰ
1403 571 1453 643 γάρ
1466 573 1494 626 τδ
1506 572 1604 640 αἰτήσαι
1617 572 1657 625 διὰ
1673 573 1701 627 τό
1713 574 1799 628 λαύέἵν
1814 578 1855 649 γί-

235 655 284 725 γύιρ
298 653 407 726 ἐκόάλλῃ
421 652 452 706 τά
466 653 525 723 πρός
537 651 659 724 ἀναίρεσιν
680 658 729 705 τῶν
750 655 941 724 προηγουμένων
955 651 1021 723 παρά
1067 670 1147 716 νεται,
1161 651 1231 718 καὶῆ
1249 652 1364 722 ἐρώτησις
1381 652 1407 705 δέ
1420 652 1508 705 τούτου
1519 654 1591 723 χάριν
1606 657 1741 723 προῆκται,
1763 657 1854 727 όμοιον

238 733 406 805 Ἀνδροτίωνος
417 734 584 802 κομιζόμενα,
604 732 696 799 ἀδηλος
711 730 780 785 ἔσται
791 733 849 803 ύπὲρ
863 739 912 785 τῶν
924 731 1021 785 οἰκείων
1066 731 1114 802 ἀρα
1123 738 1158 803 τιῖν
1169 731 1267 799 αἰτήσαι
1280 734 1309 785 τδ
1321 734 1454 802 ἐρωτῆσαι.
1497 731 1527 783 Ιῖί
1537 732 1616 785 τοίνυν
1628 734 1656 785 το
1668 733 1765 799 αἰτῆσαι
1779 738 1856 807 νόμος

234 814 375 883 προτάσεων
395 813 582 882 διατεινόμενος.
629 812 664 864 Τδ
679 811 705 864 δέ
730 813 838 864 ιδοῦναι
858 813 884 865 δέ
898 831 952 883 γει
971 811 1023 864 ἐστι
1066 812 1170 877 κωλύει,
1184 813 1271 883 ὅμοιον
1286 813 1333 882 ἀρα
1345 813 1375 864 δν
1387 810 1429 863 καί
1441 811 1470 865 τδ
1484 810 1576 882 ἐρωτᾶν
1592 814 1725 867 κεκώλυκε.

235 893 265 943 τὸ
276 892 303 945 ἐκ
315 893 423 953 διανοίας
433 895 476 944 τού
489 894 565 960 νόμον
578 890 640 944 κατὰ
651 890 680 943 τό
690 892 844 961 παρειμένον,
859 887 881 943 ώ
892 892 1022 961 χρώμενον
1103 895 1164 963 596,
1178 898 1204 957 ή.
1215 893 1432 963 Διαχειροτονίαν]
1447 893 1573 965 Διάσκεψιν
1587 894 1787 966 συλλογιστικήν.
1799 897 1852 950 Rs.

235 977 304 1026 ποιεῖ
316 971 371 1025 ἀντί
385 973 462 1042 νόμου
476 971 520 1024 τὀν
539 970 714 1041 Ἀνδροτίωνα,
727 971 767 1022 διὰ
778 970 822 1036 τήν
837 971 903 1043 αύτῷ
916 975 1022 1041 προσοῦ·
1103 974 1170 1041 596,
1191 976 1217 1027 θ.
1239 973 1302 1043 [Ιρδς
1321 973 1402 1025 τοίνυν
1421 972 1531 1045 τούτοις]
1553 972 1654 1039 Ἐπειδὴ
1678 975 1719 1027 καὶ
1740 975 1801 1029 αύτύι
1822 977 1855 1031 τά

235 1068 280 1102 σαν
294 1051 399 1119 τέχνην·
420 1053 535 1119 σοριστοῦ
551 1050 599 1120 γάρ
615 1051 644 1102 τδ
655 1049 688 1102 τά
702 1049 745 1119 μέν
767 1050 867 1120 κείμενα
879 1048 937 1113 ἐᾶν,
955 1049 982 1102 ἐκ
996 1049 1022 1102 δέ
1066 1050 1237 1119 συμόεδηκότα
1250 1051 1328 1104 ἐδεῖτο
1341 1051 1421 1122 ἐτέρας
1436 1052 1552 1116 πίστεως,
1569 1052 1595 1111 ἐκ
1609 1056 1652 1118 τῆς
1665 1055 1793 1123 μαρτυρίας
1804 1060 1856 1107 τῶν

235 1136 284 1183 τῶν
302 1129 335 1203 μὴ
348 1131 466 1200 κειμένων
480 1131 608 1200 πειρᾶσθαι
624 1129 823 1201 συλλογίζεσθαι.
1066 1127 1191 1198 ἀκροατῶν
1207 1130 1357 1184 ἐπιστώσατο
1368 1130 1453 1196 εἰπὼν,
1470 1154 1480 1180 ι
1496 1132 1538 1183 καί
1547 1136 1624 1184 ταῦτα
1636 1132 1664 1184 ού
1676 1133 1731 1203 παρ’
1742 1131 1803 1203 ἐμοῦ
1815 1135 1860 1186 δεῖ

272 1210 334 1279 595,
360 1216 404 1265 αθ.
425 1209 494 1281 Ἐγὼ
512 1209 553 1271 δὲ,
575 1209 596 1263 εἰ
618 1209 660 1278 μέν
676 1208 757 1261 ἔδωκα
776 1208 895 1280 αἰτούσῃ]
913 1206 1023 1269 Ἐντοῖς
1067 1208 1197 1277 μανθάνειν
1212 1210 1267 1271 τούς
1279 1211 1421 1272 δικάζοντας
1432 1210 1507 1282 ύμᾶς,
1524 1234 1535 1260 ε
1552 1211 1594 1264 καί
1607 1211 1636 1264 τά
1650 1210 1713 1277 έξης.
1746 1214 1857 1270 Λύτινδέ

236 1292 383 1360 προάγουσιν
407 1290 493 1360 έλεγε,
515 1291 584 1342 ταῦτ’
606 1288 723 1359 ἐπήρετο,
747 1289 837 1359 ρησίν,
863 1287 1022 1354 όέπιστάτης
1067 1286 1170 1341 ἐνταῦθα
1182 1293 1309 1360 πειρᾶται,
1327 1313 1337 1339 ι
1353 1292 1391 1342 ότι
1406 1290 1461 1343 ούδὲ
1474 1292 1517 1345 τδν
1531 1292 1610 1363 δῆμον
1625 1293 1655 1346 ἐα
1669 1293 1793 1347 διδόναιό
1813 1297 1856 1346 νό-

236 1370 277 1421 καί
295 1369 325 1421 τά
338 1368 400 1435 έξῆς.
442 1368 563 1420 Ἐνταῦθα
578 1369 604 1421 δι’
618 1386 705 1437 φησιν,
724 1367 745 1418 εί
757 1367 800 1438 μέν
815 1367 896 1419 έδωκα
909 1365 1020 1438 αἰτούσῃ,
1069 1388 1142 1439 ιμος
1163 1367 1196 1439 μὴ
1214 1372 1368 1443 ποιησαμένῃ
1391 1370 1433 1433 τὰς
1452 1376 1521 1435 ναῦς,
1542 1373 1584 1424 καί
1604 1377 1678 1426 τούτο
1699 1371 1818 1435 ἐπιδείξειε
1840 1397 1852 1423 ι

236 1449 301 1518 παρὰ
314 1450 356 1501 τθν
373 1449 449 1518 νόμον
464 1446 559 1517 εἴρηκα.
598 1448 652 1509 Πῶς
665 1446 713 1518 γάρ
733 1445 857 1517 ἐνδέχεται
869 1446 912 1499 τδν
933 1445 1023 1515 δμολο-
1070 1444 1209 1513 Ἐπειδήδέ
1230 1450 1258 1501 τδ
1279 1451 1363 1502 δοῦναι
1379 1450 1440 1520 [οθκ
1457 1450 1527 1521 ἐξδν]
1546 1451 1588 1503 τὀν
1604 1452 1684 1522 δῆμον
1698 1450 1742 1517 τήν
1758 1452 1854 1523 δωρεάν

237 1529 350 1597 γήσαντα
367 1527 406 1581 ἐπὶ
431 1531 475 1593 τῆς
490 1528 607 1599 προτέρας
626 1528 665 1579 ότι
689 1526 820 1596 ἐπήρετοό
840 1525 968 1592 ἐπιστάτης
981 1525 1023 1577 καί
1066 1527 1114 1598 ούχ
1135 1526 1186 1591 οἷός
1201 1547 1227 1581 τε
1245 1526 1275 1596 ήν
1295 1530 1372 1592 δειξαι
1392 1527 1425 1600 μή
1441 1532 1557 1600 πρότερον
1579 1530 1657 1593 δειξας
1670 1532 1708 1583 ὅτι
1729 1531 1856 1605 ᾔτησενίη

236 1608 446 1677 διεχειροτόνησεν
473 1606 599 1675 όδήμος,
627 1606 701 1658 πάλιν
729 1604 832 1657 ἐνταῦθα
854 1605 950 1675 λέγειν,
978 1603 1023 1656 ούκ
1068 1605 1161 1676 βουλή,
1179 1608 1220 1659 διὰ
1232 1615 1305 1662 τοῦτο
1318 1615 1414 1679 πρῶτον
1427 1609 1547 1674 συστήσας
1567 1611 1605 1663 ότι
1620 1611 1720 1682 ήτησεν,
1742 1610 1855 1682 ἐπήγαγε

236 1685 316 1757 ᾔτησα
328 1686 382 1739 ούδὲ
392 1685 456 1756 παρά
473 1687 516 1739 τόν
530 1687 607 1756 νόμον
622 1684 724 1755 εἰρηκας
738 1685 876 1751 δεινότητος
890 1678 933 1735 obv
950 1686 1022 1735 τούτο
1066 1687 1153 1741 λοιπον
1168 1688 1196 1740 τδ
1211 1685 1243 1758 μὴ
1259 1687 1361 1754 ἐξεῖναι,
1377 1691 1414 1742 ότι
1431 1688 1535 1759 βιασθείς
1556 1691 1597 1741 καί
1611 1688 1762 1757 ἐξαπατηθεὶς
1779 1691 1855 1758 661]-

236 1766 266 1818 τδ
275 1767 366 1837 δεῖγμα
380 1767 421 1818 καί
440 1768 544 1837 μεθόδου
557 1769 600 1831 τῆς
610 1765 665 1835 περί
678 1763 720 1825 τάς
733 1764 872 1826 ἀντιθέσεις,
895 1762 940 1815 Διά
950 1768 1023 1815 τοῦτο
1068 1788 1113 1839 μος
1134 1766 1174 1820 διὰ
1194 1772 1237 1834 τῆς
1259 1767 1391 1834 αἰτήσεως,
1412 1769 1453 1820 καὶ
1474 1769 1585 1830 δεδωκὼς
1607 1770 1646 1821 διὰ
1666 1771 1722 1831 τούς
1742 1770 1859 1836 αἰτήσειν·

236 1844 282 1911 τὴν
295 1846 338 1917 μέν
356 1847 456 1927 μνήμην
475 1851 518 1899 τοῦ
535 1845 725 1916 [ἰσχυροτάτου]
742 1848 819 1915 νόμου
831 1848 948 1913 παρῆκεν.
975 1843 1022 1896 ίίε·
1066 1866 1123 1912 τας,
1139 1848 1183 1900 ούκ
1198 1847 1250 1910 ἐξον
1262 1849 1426 1913 διδόναι,καί
1437 1848 1465 1901 ού
1480 1850 1511 1899 δι’
1525 1849 1611 1901 ἑαυτὸν
1626 1851 1746 1911 δεδωκώς.
1789 1849 1858 1906 'eb-,6-

236 1927 322 1993 ποίηκε
345 1927 371 1979 δέ
389 1925 546 1997 Ἀνδροτίωνα
568 1925 747 1995 ἐριστικώτερον
767 1924 814 1978 ἀπθ
833 1929 876 1976 τοῦ
897 1924 1022 1995 Δημοσθέ-
1066 1927 1136 1989 δειξις
1146 1928 1172 1981 δὲ
1186 1932 1229 1981 τοῦ
1243 1927 1342 1993 αἰτήσαι
1353 1927 1446 1990 αύτούς.
1477 1927 1507 1979 Εἰ
1519 1928 1567 1999 γάρ
1582 1927 1683 1994 ήξίωσεν
1697 1928 1713 1994 ή
1729 1929 1806 1999 βουλή
1820 1930 1855 2002 μὴ

237 2026 293 2068 νους
309 2008 386 2077 νόμου
405 2007 563 2077 μαχόμενον,
585 2005 629 2057 ίνα
647 2003 764 2075 ἀπαγάγῃ
786 2002 831 2069 τήν
850 2005 959 2055 διάνοιαν
982 2004 1023 2055 καί
1068 2006 1244 2078 ἀφαιρεθῆναι,
1257 2006 1345 2073 ἠξίωσε
1359 2010 1454 2070 πάντως
1467 2007 1564 2062 λαόείν.
1602 2010 1644 2061 M>
1665 2010 1706 2061 καὶ
1720 2010 1762 2062 τ“ον
1775 2012 1855 2063 πόθον

236 2092 281 2139 τοῦ
296 2085 418 2139 ἀντιδίκου
434 2087 475 2138 καί
487 2091 535 2139 τῶν
552 2082 713 2155 ἀκροωμένων
727 2088 770 2150 τῆς
788 2084 885 2155 μνήμης
895 2087 941 2135 τοῦ
956 2082 1023 2153 ἰσχυ·
1067 2085 1149 2151 δηλῶν
1166 2083 1244 2148 εἶπεν,
1267 2083 1438 2151 ἀναπηδῶντες
1458 2085 1534 2146 ούτως
1554 2086 1733 2157 ἐταράχθησαν,
1748 2088 1856 2149 δεδιότες

237 2168 340 2237 ροτύτου
350 2169 439 2237 νόμου.
482 2165 671 2237 Ὁμολογοῦντα
684 2163 710 2217 δέ
721 2162 825 2216 ἐνταῦθα
837 2163 955 2216 ποιείτδν
971 2161 1022 2215 'Av-
1068 2160 1101 2233 μὴ
1117 2162 1315 2232 άραιρεθῶσιτοῦ
1329 2164 1413 2233 γέρως.
1451 2164 1485 2214 Το
1499 2163 1525 2215 δὲ
1549 2186 1559 2211 ι
1583 2164 1621 2216 ότι
1635 2165 1660 2216 δὲ
1675 2164 1730 2217 οὐδὲ
1748 2165 1790 2216 τδν
1807 2167 1854 2230 δῇ-

237 2248 406 2316 δροτίωναθτι
421 2245 465 2299 ούκ
478 2246 569 2308 ἐξεστιν
581 2243 675 2308 αἰτεῖν,
692 2245 736 2296 ἵνα
755 2248 828 2297 τούτο
841 2242 965 2304 ἀποδείξας
976 2243 1022 2315 έλη
1068 2260 1114 2310 μον
1133 2264 1143 2289 ιι
1161 2240 1226 2294 ἐστιν
1237 2240 1302 2293 ἀλλο
1315 2244 1385 2312 μέρος
1398 2245 1441 2307 τῆς
1456 2241 1606 2306 ἀντιθέσεως,
1620 2242 1678 2297 ἔνθα
1690 2242 1755 2308 εἰπε,
1771 2266 1781 2291 ι
1797 2245 1856 2296 δού-

237 2323 322 2378 αύτόν.
361 2324 407 2375 ίίαί
419 2323 470 2376 ἐστι
481 2325 614 2393 τὸπρῶτον
630 2323 700 2393 μέρος
716 2323 778 2376 κατά
796 2327 841 2375 τού
854 2321 1024 2392 Ἀνθροτίωνος
1067 2340 1107 2372 ναι
1120 2322 1147 2374 δέ
1159 2340 1188 2391 γε
1201 2320 1312 2392 οἰιδαμῶς
1326 2322 1415 2375 κωλύει
1432 2323 1475 2375 τδν
1492 2323 1609 2392 δῆμον.ι
1652 2322 1759 2394 λναιρεῖ
1775 2322 1858 2376 δὲκαὶ

238 2407 281 2470 τῆς
295 2403 445 2466 ἀντιθέσεως·
462 2403 587 2474 ὁμολογεῖ
604 2400 652 2473 γάρ
672 2400 705 2473 μή
729 2401 817 2465 ἐξεῖναι
834 2406 866 2474 τῇ
887 2401 967 2473 βοκλῇ
978 2401 1022 2467 τήν
1067 2407 1140 2454 τούτο
1152 2402 1282 2474 ἀναλόγως
1293 2402 1382 2465 οθτως,
1396 2402 1417 2456 εἰ
1430 2403 1593 2474 ὁμολογεῖται
1603 2405 1641 2457 ότι
1654 2403 1732 2456 αἰτεῖν
1745 2404 1855 2456 κεκώλο·

238 2481 331 2552 δωρεάν
346 2481 459 2549 αἰτῆσαι,
471 2481 493 2534 εἰ
507 2482 539 2553 μὴ
553 2481 683 2548 ποιήσαιτο
696 2481 738 2544 τάς
747 2481 859 2552 τριήρεις.
897 2482 982 2534 ίίαίτοι
994 2502 1023 2552 γε
1067 2501 1123 2546 ται,
1138 2483 1225 2555 πολλῷ
1238 2482 1312 2536 πλέον
1323 2482 1450 2554 ἀπείρηται
1462 2484 1491 2536 τύ
1504 2485 1602 2550 δοῦναι,
1614 2487 1629 2538 δ
1641 2490 1684 2538 τοῦ
1696 2484 1772 2537 αἰτεῖν
1787 2484 1856 2545 ἐστιν

239 2560 357 2614 ἀπίθανον
370 2560 435 2613 εἶναι
446 2561 553 2614 δοκεῖτὸ
564 2561 619 2613 τινὰ
631 2561 703 2613 αύτδν
713 2562 766 2613 καθ’
778 2561 852 2615 αύτοῦ
861 2562 892 2615 τίι
901 2563 1024 2618 λυποῦντα
1069 2560 1234 2633 ἰσχυρότερον.

238 2641 329 2713 λέγειν·
349 2641 407 2693 ἀλλ’
423 2641 550 2711 ἐπειδήπερ
565 2641 685 2707 ἐόουλήθη
701 2642 730 2693 τὸ
750 2641 841 2694 οἰκεῖον
855 2641 953 2713 ἰσχυρόν
967 2643 1025 2714 όμο-
1104 2644 1155 2711 596
1164 2682 1171 2705 ,
1186 2662 1212 2712 9.
1230 2640 1409 2703 Ἆποδεικτικῶς
1419 2640 1467 2695 άπί)
1477 2648 1525 2696 τῶν
1539 2641 1737 2712 συμόεόηκότων.
1753 2645 1780 2698 S.

239 2722 393 2793 λογούμενον
405 2725 571 2787 καταστῆσαι,
587 2720 627 2772 διά
639 2724 713 2772 τούτο
730 2724 761 2791 τῇ
772 2723 889 2792 μαρτυρία
900 2727 943 2774 τοῦ
958 2722 1025 2777 ἀντι·
1105 2723 1171 2790 596,
1190 2726 1231 2784 τή.
1245 2721 1309 2791 ίίρδς
1320 2722 1349 2773 τδ
1364 2720 1388 2791 β’
1400 2723 1470 2792 μέρος
1483 2727 1525 2788 τῆς
1537 2721 1687 2784 ἀντιθέσεως.
1700 2724 1728 2775 S.

239 2801 307 2853 δίκον
318 2805 418 2872 χρῆται.
459 2798 558 2864 Ἐπειδὴ
569 2800 617 2871 γάρ
629 2800 694 2870 έώρα
704 2802 838 2869 θαρροῦντα
853 2801 895 2853 τὀν
905 2802 980 2873 ἀνδρα
993 2807 1024 2874 τῇ
1104 2800 1169 2868 596,
1185 2800 1228 2852 23.
1245 2799 1294 2861 Τάς
1309 2800 1413 2870 τριήρεις
1426 2799 1454 2852 ού
1466 2801 1613 2871 πεποίησαι]
1631 2798 1752 2853 Ἐνταῦθα
1764 2799 1854 2853 λοιπον

239 2886 288 2932 τῶν
298 2880 381 2952 λόγων
391 2881 482 2951 τέχνῃ,
498 2880 558 2932 ὄντα
576 2879 804 2949 ἐριστικόν-τοῦτο
818 2879 867 2949 γάρ
881 2880 954 2933 αύτδν
968 2902 1025 2953 προ-
1069 2878 1166 2948 ἀναιρεῖ
1180 2877 1206 2931 ἐκ
1218 2881 1368 2949 περιουσίας,
1386 2880 1425 2932 δτι
1439 2880 1480 2932 καί
1498 2880 1523 2933 ἐν
1538 2883 1589 2942 τοῖς
1601 2879 1687 2942 ἀλλοις
1711 2878 1732 2932 εἰ
1743 2878 1825 2939 καλῶς
1838 2879 1854 2945 ἡ

239 2960 381 3012 δικόάλλων
401 2957 528 3029 εἰρηκε-,
559 2957 600 3009 διά
629 2961 702 3010 τούτο
725 2957 769 3009 ούκ
792 2956 889 3021 ἀπεικὸς
912 2960 1024 3030 ἡγήσατο
1069 2957 1146 3029 βουλὴ
1162 2958 1299 3030 βουλεύσει,
1316 2957 1349 3030 μή
1365 2959 1491 3026 ποιήσεται
1505 2959 1532 3013 δὲ
1545 2959 1587 3023 τάς
1601 2960 1717 3031 τριήρεις,
1735 2958 1763 3011 ού
1777 2958 1855 3031 λήύε-

239 3040 383 3109 παραθεῖναι
395 3036 462 3107 αύτῷ
476 3036 516 3089 καλ
534 3036 625 3102 λόγους
642 3035 839 3107 ὁμολογοῦντας,
854 3040 897 3091 ίνα
911 3042 1025 3109 φαίνηται
1068 3058 1108 3092 ται
1121 3040 1218 3101 δικαίως
1231 3040 1273 3092 τὸν
1286 3041 1413 3110 στέρανον.

239 3118 254 3169 ό
266 3118 344 3180 δεινδς
353 3116 429 3170 εἰπεῖν
437 3116 460 3177 ἐξ
472 3116 550 3191 αἰετῶν
559 3122 608 3168 τῶν
622 3115 831 3188 ὁμολογουμένων
843 3121 1025 3191 περιγίγνεσθαι
1108 3119 1254 3190 Ἀποστρορὴ
1269 3120 1302 3182 ὣς
1315 3118 1363 3173 ἀπὸ
1377 3123 1421 3172 τοῦ
1432 3119 1577 3189 νομοθέτου·
1590 3117 1619 3170 τδ
1631 3117 1656 3170 δὲ
1670 3121 1756 3187 σχῆμα
1770 3117 1850 3187 μάχη.

239 3196 383 3266 φιλονεικῶν
397 3193 437 3247 Bt&
450 3192 495 3261 τὴν
504 3196 605 3265 τέχνην.
1068 3200 1103 3253 To
1117 3201 1143 3253 δὲ
1158 3224 1168 3249 ι
1186 3202 1246 3253 όπου
1260 3200 1286 3253 δὲ
1299 3199 1376 3253 αἰτεῖν
1391 3198 1434 3252 ούκ
1447 3197 1476 3268 ἐᾷ
1484 3240 1491 3263 ,
1508 3222 1518 3247 ε
1534 3203 1606 3251 τοῦτο
1621 3196 1740 3259 ούκέτιώς
1750 3195 1799 3250 ἀπδ
1811 3201 1856 3250 τοῦ
1902 3188 1911 3205 ’

277 3274 350 3330 ίΞίποι
363 3275 393 3329 ἀν
407 3293 450 3336 τις·
463 3275 487 3327 τί
498 3275 546 3345 γάρ
558 3272 584 3326 ἐν
600 3275 666 3347 αύτῷ
676 3271 706 3342 ήν
716 3275 745 3328 τδ
756 3276 854 3341 δούναις
867 3280 976 3350 Λέγομεν
986 3280 1025 3332 δτι
1069 3281 1218 3352 νομοθέτου,
1234 3278 1291 3331 ἀλλ’
1304 3279 1337 3341 ώς
1351 3278 1390 3331 ἀπ’
1406 3278 1478 3332 αύτοῦ
1491 3282 1534 3330 τοῦ
1545 3277 1655 3348 ῥήτορος.
1669 3283 1700 3332 Α.

240 3354 321 3408 ἔδωκα
331 3355 399 3425 λέγει
412 3353 467 3407 ἀντί
480 3359 523 3407 τοῦ
542 3352 618 3417 αἰτιος
630 3354 750 3426 ἐγενόμην
764 3360 808 3408 τοῦ
827 3358 911 3409 δοῦναι
923 3358 966 3411 τὀν
980 3360 1024 3426 δή·
1106 3360 1171 3429 ύηό,
1196 3360 1240 3413 25.
1263 3358 1340 3420 Ἄξιον
1362 3359 1461 3426 τοίνυν]
1478 3358 1556 3410 Τοῦτο
1575 3358 1604 3410 τὸ
1628 3355 1775 3426 έπιχείρημά
1802 3354 1854 3408 ἐστι

240 3437 334 3504 μοντῇ
355 3433 620 3505 βουλῇτδνστέρανον
636 3434 746 3507 αἰτούσῃ.
784 3433 848 3505 Ὀρα
866 3442 917 3499 πῶς
931 3436 1026 3508 άρελῶς
1069 3440 1157 3508 γνώμη
1172 3439 1314 3508 νομοθέτου.
1352 3434 1479 3499 ιἘξετάζει
1498 3435 1546 3506 γάρ
1567 3437 1670 3505 γνώμην
1688 3438 1731 3487 τοῦ
1750 3436 1855 3503 νομοθὲ·

240 3511 345 3566 ἐνταῦθα
363 3515 487 3584 περιέθηκε
500 3514 530 3566 τίν
541 3513 607 3585 ῥῆμα
625 3519 661 3586 τῷ
676 3513 826 3585 Ἀνδροτίωνι
838 3520 874 3586 τῷ
889 3514 965 3570 εἰπεῖν
987 3518 1025 3570 δτι
1069 3538 1128 3583 του,
1143 3517 1175 3570 δι’
1187 3519 1217 3584 ἣν
1229 3515 1308 3570 αἰτίαν
1319 3516 1360 3569 καί
1371 3517 1395 3567 τί
1410 3521 1505 3568 σκοπῶν
1516 3514 1592 3575 ούτως
1610 3512 1751 3585 ἔγραήετδν
1765 3515 1852 3583 νόμον.

241 3591 359 3664 αἰτούσῃ,
373 3593 416 3644 ἵνα
430 3593 487 3665 δόξῃ
500 3594 581 3664 ῶσπερ
595 3592 693 3647 ἐναντία
709 3593 787 3665 ἐαυτῷ
803 3594 884 3665 λέγειν
901 3596 915 3648 ό
931 3595 1025 3669 Ἄνδρα·
1069 3597 1164 3668 ίλύγάρ
1176 3596 1227 3650 ἐστι
1238 3597 1379 3669 κεράλαιον.
1397 3597 1453 3649 An.
1495 3593 1558 3663 ίίρδς
1572 3594 1601 3646 τθ
1617 3593 1640 3645 δ’
1650 3596 1720 3665 μέρος
1730 3597 1774 3659 τῆς
1787 3593 1856 3645 ἀντι-

240 3672 300 3725 τίων
320 3671 345 3725 έν
357 3666 394 3732 οἷς
406 3671 472 3742 λέγει
485 3673 546 3743 μετά
563 3674 649 3744 μικρὸν
666 3674 704 3727 ότι
716 3673 761 3725 ούν.
774 3673 863 3744 ᾔτησα.
880 3678 933 3741 ΑΒ.
1070 3679 1166 3740 θέσεως.
1178 3679 1204 3731 S.

278 3752 341 3819 595,
357 3768 400 3818 27.
421 3751 453 3804 Εἰ
473 3752 498 3805 δέ
513 3751 547 3824 μή
559 3754 694 3824 πεποίημαι
715 3754 822 3825 μνείαν]
845 3756 880 3808 Τδ
894 3758 932 3809 ότι
949 3758 1025 3830 ᾔτησε
1105 3757 1179 3819 Ἄξιον
1191 3758 1283 3820 τοίνυν,
1297 3752 1319 3809 ὦ
1335 3756 1419 3825 ἀνδρες
1433 3752 1575 3825 Ἀθηναῖοι]
1590 3752 1669 3805 Τοῦτό
1688 3752 1738 3805 ἐστι
1753 3750 1812 3822 πρδς
1825 3753 1854 3804 τδ

241 3833 353 3901 πειρᾶται
379 3829 565 3896 ἀποδεικνύναι,
591 3834 650 3903 όπερ
669 3828 699 3899 ήν
718 3833 799 3904 τρίτον
822 3837 865 3900 τῆς
885 3835 1026 3900 ἀντιθέσεως
1066 3839 1182 3907 τέταρτον
1201 3839 1270 3907 μέρος
1287 3831 1565 3902 τήςάντιθὲπως,ἆλλ’
1578 3832 1712 3903 ftsp’dm
1727 3831 1804 3902 λὲίωι
1822 3831 1855 3883 δί’

244 3911 322 3981 μέρος.
336 3910 383 3962 ίίαί
394 3917 489 3980 πρῶτον
503 3913 622 3964 δείκνυσιν
632 3910 680 3965 ἀπδ
692 3913 879 3983 τῆςπριότητος.
892 3916 919 3969 S.
932 3914 1025 3988 λνδρο.
1070 3915 1139 3982 ἃτήυ
1156 3914 1246 3988 βουλὴν
1261 3921 1380 3985 στερανῶ.
1402 3913 1474 3966 Ἐστι
1490 3912 1516 3966 δὲ
1530 3916 1604 3965 τοῦτο
1614 3912 1642 3965 τδ
1656 3913 1725 3982 μέρος
1735 3917 1776 3977 τῆς
1790 3911 1856 3963 ἀντι.

242 3990 329 4050 τίωνος
336 3989 519 4062 ὁμολογοῦντος
526 3989 559 4062 μὴ
575 3989 698 4063 ἐξεῖναιτῇ
710 3991 788 4062 βουλῇ
796 3990 840 4056 τήν
851 3994 943 4065 δωρεὰν
955 3996 1025 4064 αἰτή·
1070 3998 1157 4059 θέσεως
1170 4000 1280 4066 ἄντικρυς
1291 3994 1349 4064 πρδς
1357 3994 1399 4046 τδν
1413 3993 1573 4062 προκείμενον
1588 3990 1755 4060 Ἀνδροτίωνος
1764 3991 1853 4059 νόμον,

235 4068 300 4133 Ισαι,
313 4069 334 4122 εἰ
349 4068 382 4142 μή
396 4070 525 4135 ποιήσαιτο
533 4070 576 4132 τάς
588 4071 700 4141 τριήρεις,
715 4072 739 4125 τί
751 4071 872 4142 ἀντιλέγει
886 4076 944 4144 πρθς
953 4082 1026 4131 τοῦτο
1069 4076 1112 4129 τδν
1126 4075 1273 4139 κελεύοντα,
1291 4072 1333 4124 έάν
1351 4070 1448 4137 ἀξίωςῆ
1466 4067 1543 4140 βουλή
1562 4071 1624 4141 δοκῇ
1644 4069 1789 4139 βουλεῦσαι,
1805 4070 1854 4121 δω-

241 4148 414 4217 Δημοσθένης,
429 4147 450 4201 εἰ
464 4146 497 4219 μὴ
510 4148 547 4201 ότι
562 4150 653 4220 ήτησες
669 4151 752 4220 διόπερ
763 4150 792 4203 τίν
806 4150 848 4221 μέν
858 4152 1027 4227 όμολογούμε-
1070 4154 1125 4226 ρεάν
1144 4153 1231 4207 αἰτεῖν.
1277 4150 1342 4204 Ἀλλ’
1367 4148 1448 4215 ἐπειδή
1475 4151 1577 4221 μέγιστα
1602 4148 1694 4218 ἰσχύειν
1721 4146 1798 4201 ἐδόκει
1824 4148 1854 4201 τδ

243 4245 286 4278 νον
297 4228 361 4298 παρά
378 4226 590 4297 ’λνδροτίωνοςώς
601 4225 817 4298 ἀναμρισύήτητον
830 4234 940 4301 παρῆκε,
958 4235 986 4286 τὸ
1000 4234 1026 4288 δὲ
1070 4221 1172 4303 γράμμα
1186 4231 1227 4284 καί
1240 4229 1255 4296 ἡ
1275 4234 1318 4283 τοῦ
1336 4233 1413 4300 νόμον
1425 4225 1510 4300 ρωνή,
1530 4228 1570 4279 διά
1586 4233 1658 4280 τοῦτο
1676 4227 1733 4297 πρός
1744 4228 1786 4278 τον
1805 4226 1853 4279 'Av-

243 4308 282 4359 θτι
300 4308 374 4379 ᾔτησε
392 4308 503 4377 πειρᾶται
515 4306 539 4369 ἐξ
553 4307 632 4361 αύτῶν
650 4309 724 4362 πάλιν
737 4316 786 4362 τῶν
801 4309 969 4382 Ἀνδροτίωνος
983 4313 1025 4384 ῥη-
1070 4312 1199 4382 δροτίωνος
1218 4310 1296 4380 λόγον
1322 4310 1438 4379 μάχεται.
1475 4307 1531 4377 ίλθχ
1550 4308 1636 4376 ὅμοιον
1655 4305 1702 4376 γάρ
1726 4302 1755 4371 ἦν
1777 4308 1852 4375 νόμον

244 4388 328 4457 μάτων
343 4385 521 4441 ἀποδεικνύναι.
558 4387 610 4440 Ἶίν
623 4388 666 4458 μέν
682 4382 726 4440 υύν
742 4388 758 4457 ίη
775 4392 858 4462 πρώτη
875 4392 1026 4461 πρότασις,ό
1070 4393 1139 4461 νόμῳ
1156 4390 1277 4461 μάχεσθαι
1290 4388 1332 4439 καί
1346 4389 1422 4458 νόμον
1443 4384 1611 4456 Ἀνδροτίωνος
1628 4388 1698 4455 ρωνῇ
1713 4382 1755 4435 καί
1773 4382 1852 4453 λόγῳ.

244 4468 319 4536 νόμος
329 4467 373 4518 ούκ
385 4465 413 4534 ἐᾷ
425 4464 469 4530 τὴν
483 4464 573 4536 βουλὴν
588 4467 686 4534 αἰτῆσαι
704 4467 748 4535 τήν
763 4471 871 4540 δωρεάν·
887 4469 902 4536 ἡ
920 4471 945 4524 δὲ
956 4474 1025 4544 τρίτη
1070 4470 1120 4522 Τοῦ
1131 4468 1174 4540 μὲν
1184 4467 1232 4540 γάρ
1245 4466 1260 4533 ἡ
1273 4466 1342 4538 ίσχίνς
1353 4467 1442 4537 ὁμοία,
1456 4471 1499 4519 τοῦ
1511 4465 1537 4517 δέ
1548 4464 1562 4516 ό
1573 4464 1648 4534 λόγος
1659 4462 1776 4533 πάμπολυ
1787 4460 1855 4513 άσθε·

243 4543 320 4609 ἐστὶν,
337 4543 387 4614 ἐγὼ
400 4544 443 4608 δἐ,
458 4542 479 4597 εἰ
492 4544 535 4615 μὲν
549 4546 629 4598 ἔδωκα
643 4545 757 4620 αἰτούσῃ,
772 4547 836 4618 παρά
848 4546 890 4599 τὸν
901 4548 977 4618 νόμον
992 4549 1027 4603 εἰ·
1072 4551 1190 4619 νέστερος.
1231 4546 1262 4599 Ἦ
1275 4547 1301 4600 δέ
1319 4546 1387 4607 λύσις
1399 4543 1447 4598 ἀπδ
1465 4548 1509 4598 τού
1527 4544 1698 4616 συμφέροντος.
1738 4541 1810 4609 Ἔχει
1827 4539 1854 4593 δέ

244 4642 318 4694 ρηκα.
354 4624 449 4692 Ταύτην
468 4626 549 4677 τοίνυν
570 4626 616 4692 τὴν
634 4628 749 4697 πρότασιν
770 4633 865 4697 πρῶτον
886 4627 1027 4699 ἐπεχείρησε
1070 4627 1115 4694 τήν
1136 4627 1251 4698 ἐργασίαν
1271 4625 1428 4696 ἐκατέρωθεν,
1450 4623 1498 4677 ἀπό
1516 4643 1542 4676 τε
1560 4629 1608 4676 τῶν
1625 4622 1727 4682 ἐνδόξων
1746 4622 1788 4671 καί
1806 4626 1854 4673 τῶν

244 4705 326 4759 λύσαι.
365 4704 420 4757 Λύει
439 4704 466 4757 δέ
484 4706 638 4778 πρῶτονμὲν
657 4706 705 4759 ἀπό
724 4711 766 4773 τῆς
783 4710 928 4772 ποιότητος,
951 4709 989 4761 ότι
1003 4709 1027 4760 οἰ
1071 4708 1196 4760 ἐναντίων·
1213 4705 1316 4767 ἐνδόξων
1331 4705 1385 4776 μὲν,
1399 4704 1573 4775 λαμπρότητος
1585 4702 1627 4754 καί
1646 4701 1854 4771 κατορθωμάτων,

244 4784 356 4853 πρόεδροι
367 4787 409 4848 τῆς
422 4784 511 4853 βουλῆς
522 4781 594 4851 ήσαν,
607 4785 648 4839 καί
659 4786 673 4838 ό
685 4784 832 4857 ἐπιψηφίζων
840 4786 967 4854 ἐπιστάτης
978 4795 1027 4841 τῶν
1072 4788 1096 4842 ἐν
1107 4786 1144 4848 οἷς
1153 4785 1168 4853 ἥ
1176 4786 1249 4857 χρεία
1260 4791 1308 4839 τῶν
1321 4785 1425 4856 τριήρων
1435 4785 1553 4837 δέδεικται
1568 4783 1624 4848 θση,
1636 4780 1728 4841 ἀδόξων
1744 4778 1779 4842 δὲ,
1793 4797 1855 4849 συμ-

244 4865 299 4916 τότε
314 4862 496 4931 βουλευσάντων
508 4860 548 4930 ἦν·
565 4863 620 4917 εἶτα
633 4865 837 4935 συλλογιστικῶς,
852 4865 873 4917 εἰ
888 4864 914 4918 δὲ
925 4864 1026 4936 ἠρώτων
1071 4870 1145 4938 ρορᾶς
1161 4867 1202 4920 καί
1215 4866 1290 4932 ἥττης
1301 4870 1345 4918 τοῦ
1357 4865 1436 4935 δήμου
1447 4864 1488 4917 καί
1504 4865 1547 4928 τῆς
1559 4867 1608 4914 τῶν
1620 4860 1724 4930 τριήρων
1736 4860 1855 4919 σπάνεως.

244 4943 286 4995 καί
298 4942 493 5013 διαχειροτονίαν
508 4942 629 5006 ἐδίδοσαν,
643 4944 716 5010 δῆλοί
728 4945 773 4997 εἰσι
784 4947 1028 5015 πραγματευσάμενοι
1071 4946 1198 5017 θαυμάσαι
1210 4944 1235 4997 δέ
1249 4945 1315 5007 ἀξιον
1330 4948 1373 5010 τῆς
1383 4945 1520 5009 δεινότητος
1531 4940 1575 5007 τήν
1587 4937 1735 5010 ύπερύολίην,
1750 4940 1789 4991 ότι
1797 4938 1857 5009 πρὸς

243 5020 289 5087 τήν
303 5023 405 5092 δωρεάν.
442 5024 525 5076 Τούτο
537 5024 563 5076 δέ
577 5020 607 5090 ήν
621 5026 636 5075 θ
649 5026 822 5077 κατεσκεύασεν
837 5023 862 5077 έν
881 5028 912 5096 τῇ
923 5027 976 5077 κατ’
988 5025 1029 5096 ἀρ·
1072 5026 1114 5078 τδν
1126 5027 1202 5095 νόμον
1213 5023 1326 5077 ἀπαντῶν
1337 5025 1378 5076 καὶ
1387 5022 1582 5093 ἀγωνιζόμενος,
1600 5020 1697 5089 κρύπτει
1709 5019 1751 5070 τδν
1765 5021 1854 5085 νόμον,

245 5101 291 5172 χδς
305 5100 440 5167 ἀντιθέσει,
455 5103 523 5156 ταῦτ’
531 5103 632 5174 ἐπήρετο
646 5103 726 5173 λέγων
736 5103 750 5156 ό
762 5102 899 5172 ἐπιστάτης,
908 5104 1028 5174 διεχειρο·
1071 5106 1154 5174 πόρρω
1173 5123 1219 5158 που
1237 5102 1370 5164 κατατάξας
1389 5101 1462 5155 αύτδν
1481 5105 1523 5153 τοῦ
1538 5100 1656 5170 παρόντος
1675 5097 1769 5166 λόγου,
1791 5099 1858 5159 ὅπως

248 5179 347 5245 τύνησεν
360 5179 374 5231 ό
386 5181 474 5249 δῆμος.
513 5181 577 5251 Πρὸς
589 5182 615 5234 δέ
628 5181 673 5246 τδ,
688 5184 767 5235 καίτοι
782 5184 835 5245 τούς
846 5202 875 5255 γε
890 5182 923 5254 μὴ
933 5183 1029 5237 αἰτοῦν·
1071 5185 1104 5247 ώς
1116 5183 1210 5239 ἀοπλόν
1228 5203 1283 5237 τινα
1303 5183 1344 5235 καί
1354 5182 1425 5254 ήιλδν
1443 5181 1580 5251 συμμάχων
1595 5178 1637 5232 τὀν
1654 5176 1776 5230 ἀντίδικον
1797 5177 1857 5247 ἕλη.

248 5278 303 5325 νας,
318 5257 383 5312 ἔστιν
398 5258 474 5314 εἰπεῖν
484 5261 523 5312 ὅτι
534 5261 725 5331 συλλογιστικῶς
737 5260 863 5333 ἀποφαίνει
877 5260 922 5328 τὴν
936 5263 1028 5334 ἐρώτη·
1074 5264 1107 5317 Ὃ
1117 5257 1204 5317 *τοίνυν
1221 5262 1255 5326 ὥς
1271 5263 1456 5334 προηγούμενον
1472 5259 1603 5330 κεράλαιον
1620 5254 1650 5325 ήν
1673 5255 1841 5327 Ἀνδροτίωνος
1847 5295 1857 5322 ,
