3967 5967
1 5606 3 5615 ι

1 5676 3 5693 ί

2 5726 3 5741 ί

681 470 695 483 -
737 437 804 498 XX.
827 436 929 498 ΠΡΟΣ
949 436 1158 499 ΛΕΠΤΙΝΗΝ.
1691 449 1748 503 6⁵7

141 572 327 645 γεγραμμένον,
343 570 398 631 τυίις
410 568 436 622 δέ
451 567 561 633 ἀναξίους
576 568 652 639 κρίσει
664 568 816 640 ἀφαιρεῖσθαι
830 567 874 635 τὴν
887 588 922 622 τι-
969 569 1032 623 Τότε
1045 574 1108 640 χρῆν
1121 569 1219 636 αὗτοδς,
1230 570 1317 641 φησίν,
1330 573 1371 626 δτι
1383 571 1522 644 ἐλάμδανον
1532 572 1689 642 φαινομένους
1697 570 1753 625 ἀνα·

144 651 206 723 μήν,
216 653 244 705 οὗ
259 654 337 723 νόμιρ.
347 652 428 704 ΤΟΥ.
971 646 1033 709 ξίους
1048 649 1204 709 κολάζεσθαι.
1243 648 1277 701 Ἢ
1290 650 1346 721 παρ’
1361 650 1422 704 αιίτά
1430 690 1438 717 ,
1455 652 1484 703 άν
1496 648 1605 712 δείξωσιν
1621 650 1680 722 ίιμῖν
1697 647 1751 704 οίον

178 736 239 801 498,
255 731 298 786 03.
315 729 352 783 Ἢ
365 728 535 799 θίνταςίιμᾶς]
548 726 690 781 ’Λκόλουθον
699 724 729 796 ἦν
740 728 830 793 εἰπεῖν,
843 728 859 795 ἢ
873 729 925 782 θίν·
971 730 1112 798 προσφόρως
1124 728 1325 799 τιμωρήσασθαι,
1337 730 1378 782 καί
1390 728 1463 803 ἐγγίις
1480 736 1528 783 τῶν
1541 728 1698 801 ἀδικημάτων
1710 735 1753 797 τῆς

143 828 191 863 των
213 808 339 874 αὗτιῗιν,ό
359 809 382 859 δ’
397 806 511 874 εἶπεν,ἢ
530 807 613 869 θέντας
629 807 730 875 αὖτοίνς,
750 809 785 863 ἵν’
804 806 819 882 ,4
840 816 928 872 πτῶσις
969 806 1062 877 φόσειυς
1073 806 1088 872 ἐ]
1100 811 1144 860 τοῦ
1161 809 1261 877 χρόνον.
1274 808 1354 861 TCV.

143 889 197 943 ἀντί
211 891 334 951 πτώσεως.
351 890 432 942 ΤΟΥ.
1007 889 1068 956 499,
1088 891 1128 940 ιδ.
1143 885 1207 939 ίὶίδὲ
1220 886 1323 957 μηδενδς
1332 888 1402 949 ὄντος
1412 886 1538 959 τοιούτου]
1552 886 1614 940 κατά
1623 889 1678 950 τοδς
1689 887 1754 960 εὗερ·

178 972 240 1039 493,
255 966 299 1022 05.
319 966 397 1020 Ὅταν
410 971 506 1037 πρῶτον
520 965 640 1036 γένωνται
654 966 803 1036 νομοθέται]
819 965 850 1018 Οέ
868 965 927 1036 μίλ-
971 966 1042 1035 γίτας
1054 968 1144 1029 κακοῦ
1159 964 1220 1035 μτδέ
1231 964 1353 1034 ἀρθέντων
1364 964 1477 1027 ἀναξίων
1495 967 1565 1019 ΤΟΥ

136 1049 227 1110 ,λοντες
246 1045 278 1109 είς
292 1045 356 1099 ἀλλο
375 1045 531 1115 δικαστήριον
545 1063 588 1117 κυρ
589 1048 632 1097 ουν
652 1044 694 1096 τδν
711 1045 801 1115 νόμον·
823 1049 865 1097 νῦν
879 1043 927 1116 γάρ
1007 1048 1070 1114 499,
1086 1061 1127 1114 17.
1142 1043 1227 1105 Λόξετε
1238 1044 1419 1115 φθονήσαντες]
1432 1043 1571 1117 Τδέπιχρεί
1572 1064 1624 1116 ημα
1640 1048 1752 1100 τοιοῦτόν

143 1125 320 1198 έσοκιμάζοντο
332 1124 475 1186 θπευθυνονς
485 1123 628 1190 ποιήσαντες
640 1122 746 1186 ίαντους
788 1122 831 1187 Ως
841 1123 928 1193 ἀσαφὲς
971 1121 1051 1187 ἐστιν,
1071 1124 1110 1176 δτι
1125 1121 1154 1175 οδ
1170 1122 1228 1192 πρδς
1245 1121 1373 1190 ’Λθηναίων
1393 1123 1444 1177 ἐστί
1463 1124 1518 1177 τδ
1505 1125 1586 1177 οοκεῖν
1604 1124 1750 1193 βασκαίνειν

142 1204 170 1260 δέ
188 1207 260 1258 τοῦτο
274 1205 392 1275 φαίνεται.
431 1205 501 1274 Λέγει
523 1202 564 1267 δέ,
590 1201 686 1256 ἐπειδάν
708 1207 803 1273 πρῶτον
824 1201 840 1269 ί)
858 1202 929 1265 πόλις
972 1196 1033 1272 ἐνῷ
1051 1200 1092 1252 καί
1105 1200 1134 1253 τδ
1147 1201 1235 1271 πρέπον
1248 1200 1321 1253 πάλιν
1336 1200 1433 1254 κατά
1412 1220 1441 1253 το
1456 1199 1567 1253 ἐναντίον
1581 1200 1698 1267 ἐξετάζει,
1715 1202 1754 1254 δτι

145 1284 275 1355 νομοθέτας
283 1283 386 1356 καθιση
400 1283 455 1335 τότε
463 1288 559 1353 πρωτον
570 1280 831 1354 είσαχθήτωόνόμος
848 1281 925 1343 ’Έθος
971 1278 1041 1349 υμιῖς
1059 1281 1145 1350 τιμᾶτε
1159 1279 1214 1341 τοίις
1225 1279 1357 1342 ἀξιονίκους
1375 1286 1424 1334 των
1445 1278 1557 1347 ἀθλητῶν
1573 1281 1697 1351 μεγίσταις
1717 1301 1753 1334 τι·

144 1356 234 1432 γάρήν
249 1381 279 1433 τη
265 1361 379 1425 πόλει,
393 1359 415 1414 εί
437 1360 532 1430 γένοιτο
547 1360 619 1430 χρεία
639 1360 798 1430 νομοθετεῖν,
821 1360 903 1421 καθίζ
906 1378 927 1411 ιν
974 1376 1047 1427 μαις,
1066 1356 1128 1428 υμᾶς
1144 1357 1170 1410 δὲ
1188 1360 1275 1428 τιμᾶτε
1295 1377 1351 1420 τους
1370 1360 1517 1426 τεθνηκότας
1534 1361 1586 1418 τοῖς
1605 1357 1752 1429 ἐπιταφίοις,

144 1438 186 1506 ἐξ,
200 1439 315 1503 ωςίν·
284 1461 320 1511 τῳ
337 1438 399 1493 κατά
412 1439 577 1541 Τιμφκράτονς
593 1438 681 1536 φησίν·
699 1436 771 1501 ἀξιῶν
793 1433 837 1491 οθν
860 1437 928 1501 εέθδς
971 1432 1036 1487 οὕτω
1052 1435 1135 1505 πόρρω
1148 1435 1281 1502 καθέστηκε
1297 1441 1345 1489 τῶν
1366 1435 1499 1504 ’Λθηναίων
1517 1435 1532 1504 η
1549 1436 1619 1499 πόλις
1636 1442 1678 1492 τοῦ
1693 1440 1754 1509 φθό·

146 1519 366 1591 καίπαραχρῆμα,
378 1517 400 1571 εί
412 1537 458 1571 κατ
458 1517 558 1589 ἀρχάς
570 1536 613 1570 του
599 1516 693 1580 ἐτονς
705 1519 816 1588 γένοιντο
830 1518 928 1619 νομοθί-
972 1533 1024 1567 νου
1043 1516 1124 1568 ΤΟΥ.

146 1617 200 1662 ται,
215 1602 272 1651 τοῦ
264 1617 300 1650 ον
315 1596 454 1668 εἰσάγεσθαι
469 1603 564 1668 πρῶτον
577 1596 620 1649 τδν
635 1597 711 1667 νόμον
726 1596 751 1650 ἐν
762 1617 814 1660 τοις
824 1599 892 1668 πρω
883 1616 929 1659 οις
1007 1597 1069 1663 499,
1085 1596 1127 1647 ιθ.
1139 1592 1244 1648 Ἐστιδέ
1258 1595 1336 1647 πάντα
1351 1595 1419 1667 μίν
1406 1617 1440 1659 ως
1453 1597 1510 1660 ἔπος
1524 1595 1617 1668 είπεῖν]
1633 1595 1704 1650 θέλει
1719 1596 1753 1650 εί-

146 1637 296 1747 νομοθέταις
310 1676 389 1731 ΤΟΥ.
970 1676 1025 1727 πεῖν
1038 1674 1076 1726 δτι
1087 1672 1128 1725 καί
1137 1672 1199 1726 κατὰ
1210 1675 1289 1727 πάντα
1302 1674 1332 1728 τά
1344 1675 1425 1744 ὀνείδη
1440 1676 1534 1748 καθαρά
1548 1677 1665 1748 τυγχάνει
1678 1675 1694 1742 ἐ]
1708 1678 1754 1731 πό·

181 1753 288 1809 Ἔστιδ’
301 1750 524 1825 ἐκάσαρτιςαδτῶν
532 1752 693 1817 ,ὡςέοικεν,
709 1751 811 1824 ἐχθρδς]
828 1751 927 1818 Ἐπειδὴ
970 1753 1061 1815 λιςκαί
1074 1754 1156 1823 πόρρω
1167 1772 1260 1806 τουτων
1273 1760 1322 1807 των
1332 1760 1430 1822 κακων
1440 1756 1505 1810 τολυ
1516 1755 1542 1810 οέ
1554 1756 1629 1810 πλέον
1644 1757 1741 1849 τῶνάλ

145 1830 244 1885 ἐδόκουν
255 1831 313 1902 υπέρ
325 1836 369 1885 του
384 1849 468 1884 κοινου
452 1830 612 1883 τεθεικέναι
622 1829 666 1882 τδν
686 1831 780 1902 νόμον,
795 1831 839 1883 ἵνα
853 1830 927 1903 άνίλη
969 1830 1055 1883 λων
1034 1851 1077 1885 τον
1089 1832 1178 1902 φθόνον
1195 1833 1306 1903 πέφευγε.
1321 1834 1401 1889 ΤΟΥ

145 1909 190 1976 τὴν
204 1910 320 1964 ἐπίνοιαν
335 1910 443 1977 ταύτην,
457 1909 488 1961 δι’
499 1906 596 1971 εαυτοάς
605 1926 663 1979 φασι
672 1909 828 1977 πεποιηκέναι
836 1917 925 1975 τουτο
1006 1914 1070 1980 499,
1082 1925 1126 1965 αι
1142 1910 1220 1964 Φυσει
1232 1912 1316 1974 κακίας
1327 1912 1431 1984 σημειόν
1440 1910 1491 1966 ἐστι
1504 1912 1630 1984 όφθόνος]
1643 1845 1747 1985 Ολέγε

145 1990 189 2042 ἵνα
211 1989 398 2061 ἀποστεροῦντες
414 1988 470 2049 τους
492 1972 596 2056 ἐχοντας
616 1986 727 2042 ἀτέλειαν
747 1989 803 2051 τοίις
826 1987 870 2059 έχθ
873 1988 927 2059 ροίις
969 1991 1080 2043 τοιοῦτόν
1093 1989 1172 2054 ἐστιν,
1186 1991 1225 2043 ότι
1234 1989 1259 2044 ἐν
1269 1990 1355 2053 ἀλλοις
1366 1990 1407 2045 ἐάν
1422 2011 1457 2053 τις
1466 1988 1481 2065 ᾖ
1491 1993 1550 2065 πρός
1560 2012 1614 2046 τινα
1626 1994 1751 2058 κακόνους,

146 2068 296 2140 ἀμύνωνται.
333 2068 416 2122 Ἦσαν
438 2066 487 2139 γάρ
505 2066 601 2131 ἀτελεῖς
625 2067 710 2139 ἐχθροί
731 2087 757 2122 τι
775 2069 860 2122 ἀλλων
887 2070 928 2123 καί
971 2066 1025 2139 ἐχει
1043 2068 1098 2123 τινα
1112 2068 1249 2142 ἀπολογίαν
1265 2072 1364 2141 φάσκων
1377 2072 1522 2125 πεπονθέναι
1535 2091 1559 2125 τι
1573 2071 1629 2144 παρ’
1648 2071 1750 2126 ἐκείνου·

145 2151 280 2214 Λεπτίνου,
293 2148 393 2220 ἔχοντες
409 2148 499 2216 ταότην
514 2145 559 2213 τήν
573 2149 674 2219 δωρεάν.
714 2149 760 2201 Ιίαί
775 2148 815 2201 διά
828 2153 871 2203 τοῦ
885 2150 927 2202 νό·
971 2145 1009 2199 ἐπί
1023 2146 1050 2200 δέ
1064 2151 1108 2200 τοῦ
1119 2150 1209 2219 φθόνου
1223 2146 1397 2220 ἀσιίγγνωστον
1419 2150 1447 2203 τδ
1467 2152 1551 2213 πάθος·
1569 2149 1598 2203 οδ
1616 2150 1664 2222 γὰρ
1679 2150 1703 2213 ἐξ
1716 2149 1753 2206 ὧν

146 2248 194 2299 μου
208 2226 343 2299 ἀμύνασθαι
356 2226 441 2290 αδτοίις
449 2229 560 2295 ζητοῦσι,
570 2227 637 2297 φησί·
652 2227 719 2280 καίδ
735 2225 927 2299 αίιτδςήρήσατο
971 2226 1061 2297 πάσχει
1072 2226 1199 2294 λυπεῖται,
1215 2227 1273 2280 ἀλλ’
1290 2226 1311 2282 εί
1328 2228 1404 2291 ἀλλος
1415 2249 1451 2292 τις
1463 2224 1491 2282 εδ
1509 2231 1622 2301 πράττει,
1641 2229 1755 2285 λυπεῖται

146 2307 390 2380 κατέιτῶνέχθρῶν,
404 2311 478 2361 τοῦτο
492 2305 554 2378 ὑμᾶς
570 2306 632 2361 κατά
644 2313 692 2360 τῶν
708 2305 839 2378 εὗεργετῶν
852 2308 927 2361 πείθει
971 2305 1012 2357 καί
1025 2308 1172 2376 ζημιοῦσθαι
1190 2307 1293 2379 νομίζει.
1331 2307 1375 2361 Λιδ
1388 2308 1430 2363 καί
1444 2310 1582 2363 πεπονθότα
1600 2308 1673 2363 αδτδν
1685 2313 1752 2381 φησί·

146 2389 356 2459 κατεργάσασθαι,
369 2386 398 2440 τδ
408 2384 442 2458 μή
452 2385 493 2438 διά
503 2385 613 2456 κρίσεως,
626 2384 692 2440 ἀλλά
704 2389 773 2457 νόμῳ
784 2386 925 2456 στερίσκειν,
971 2387 1039 2454 τήκει
1052 2387 1100 2459 γάρ
1110 2388 1165 2450 τοίας
1179 2387 1292 2460 ἔχοντας.
1301 2390 1383 2445 ΤΟΥ.

150 2463 184 2520 Ἦ
197 2467 244 2539 γάρ
258 2468 334 2538 κρίσις
345 2466 443 2538 ηθρισκε
456 2463 502 2531 τὴν
517 2464 643 2532 ἀλήθειαν.
685 2464 838 2520 ’Λντιπῖπτον
855 2464 881 2519 δὲ
901 2464 928 2519 ἐκ
1008 2471 1070 2537 499,
1083 2484 1128 2537 27.
1143 2468 1243 2539 Πρῶτον
1259 2468 1301 2539 μὲν
1321 2469 1407 2539 μόνοι]
1427 2468 1528 2539 Πρῶτον
1549 2466 1617 2523 εἶπεν
1632 2468 1687 2522 ἀντί
1695 2472 1754 2533 τοῦ,

147 2550 190 2612 τῆς
204 2546 317 2619 ἐργασίας
332 2545 455 2617 ἀνακθψαν
469 2548 542 2599 τοῦτο
556 2548 587 2616 τῇ
601 2546 747 2643 προκειμένη
768 2544 882 2615 ἐννοίᾳθ
883 2564 928 2598 πο·
972 2545 1012 2616 ἀφ’
1022 2541 1051 2598 σθ
1063 2546 1116 2600 ἐστέ
1127 2547 1158 2598 δι’
1171 2547 1230 2601 θλον
1240 2550 1282 2600 τοῦ
1293 2548 1395 2617 χρόνον.
1407 2548 1489 2602 TCV.

147 2628 273 2697 τέμνεται
288 2622 385 2677 ἀλλΗ
360 2643 408 2693 ουχ
419 2622 545 2693 αἱροῦνταί
556 2641 618 2683 τινες
629 2623 786 2693 προακρουειν
804 2623 846 2676 καί
857 2642 929 2690 κατη-
1007 2629 1071 2719 499.
1086 2642 1130 2723 09.
1151 2624 1194 2678 Ἐν
1212 2623 1249 2688 οίς
1268 2627 1399 2698 κοσμεῖτε]
1416 2621 1520 2696 ”ίςΕφο
1536 2627 1621 2697 λόγοις
1634 2627 1702 2699 λέγει
1716 2628 1756 2682 δτι

147 2711 230 2802 γρριῑν
248 2710 296 2757 τῶν
314 2701 428 2764 ἀναξίων.
466 2700 700 2766 1’ἐίλυσεδείπδιν,
722 2700 780 2753 ἀλλ’
799 2701 845 2755 εἰσί
868 2721 930 2765 τινες
972 2707 1058 2774 τιμᾶτε
1079 2704 1134 2767 τοδς
1156 2704 1278 2775 ἀνδρείους
1298 2704 1552 2771 ἀποθνήσκοντας,οδ
1571 2710 1756 2781 καταφρονεῖτε

148 2783 227 2837 σίτων
240 2782 387 2855 ἐχθροιτῶν
400 2780 431 2833 τά
443 2782 546 2851 μέγιστα
559 2781 703 2911 δνγαμένων
716 2777 744 2832 ἐν
758 2798 788 2851 τη
774 2779 927 2851 πολιτεία,
973 2781 1037 2834 οὕτω
1017 2781 1106 2844 ωςοθκ
1119 2781 1172 2836 ἐστί
1185 2784 1305 2855 ρ.θονεροί
1321 2785 1402 2837 ΤΟΥ.

147 2863 190 2915 ίνα
198 2864 243 2915 κάν
257 2862 386 2933 ἀντιπέσῃ,
400 2859 546 2921 ἀσθενεῖςδέ
560 2878 591 2912 κα
590 2853 761 2929 ίοῦχοίοίτε
775 2858 927 2931 ἐξελέγχειν,
1009 2861 1070 2926 500,
1084 2863 1110 2917 5.
1121 2864 1182 2924 Τους
1195 2864 1353 2934 στεφανίτας]
1367 2862 1421 2923 τοίνς
1432 2864 1582 2933 περιοδικους
1593 2864 1757 2934 καλουμένους

149 2941 281 3009 προσέθηκε
294 2940 336 2992 καί
351 2937 396 3004 τήν
410 2939 530 3005 ποιότητα
541 2943 589 2991 τῶν
606 2936 711 3008 ἐχθρῶν.
721 2937 799 2994 ΤΟΥ.
973 2940 1050 3010 λέγει·
1066 2941 1089 2993 οί
1102 2941 1145 3013 μέν
1159 2941 1207 3012 γάρ
1222 2948 1270 2995 τῶν
1285 2940 1389 3012 ἀγώνων
1407 2938 1453 2993 είσί
1467 2945 1621 3011 στεφανίται,
1635 2943 1659 2995 οί
1677 2942 1704 2996 δέ
1717 2941 1757 3013 ἀρ-

183 3020 247 3087 499,
270 3017 295 3072 5.
311 3018 347 3069 Δι’
367 3017 434 3088 ίιμῶν
456 3015 571 3088 ἀθρόους]
594 3016 639 3069 Διά
658 3021 707 3069 τῶν
724 3010 751 3069 εδ
773 3017 929 3070 πεπονθότων
974 3021 1081 3089 γυρῖται.
1131 3021 1244 3073 Δίδονται
1261 3014 1306 3073 οέν
1328 3021 1439 3091 μέγισται
1461 3020 1551 3090 δωρεαί
1571 3021 1612 3072 καί
1631 3020 1733 3091 μετά
1711 3040 1755 3074 τον

149 3113 198 3166 παρ
197 3095 309 3150 ’.αδτῶν
349 3095 459 3166 ’Λθρόονς
476 3097 502 3149 δέ
521 3096 643 3158 πολλοίις,
659 3092 732 3169 ἵνα]
750 3094 797 3148 κάκ
810 3100 854 3149 τοῦ
868 3096 930 3163 πλή·
974 3099 1102 3169 στέφανον.
1143 3098 1242 3165 Λτειδη
1254 3099 1303 3170 γάρ
1317 3096 1397 3169 είρηκε
1410 3098 1465 3168 περί
1482 3105 1530 3151 τῶν
1544 3097 1683 3169 πολεμικῶν
1700 3101 1756 3162 τοὶνς

150 3174 244 3237 θουςτδ
257 3174 361 3228 άτοπον·
379 3176 417 3228 δτι
433 3173 483 3227 οὔδ’
504 3172 604 3244 ὀλίγους
627 3172 771 3241 ἀδικήσετε,
790 3173 857 3226 ἀλλά
871 3174 931 3229 πολ·
974 3176 1216 3250 ἐπιταφίους,ἐιρηκε
1225 3179 1266 3231 καί
1279 3178 1335 3240 τοδς
1349 3176 1388 3231 ἐπί
1404 3180 1435 3249 τῇ
1454 3175 1537 3250 εἰρήνη
1551 3177 1754 3251 ἀγωνιζομένους

149 3249 221 3315 λοός·
239 3271 271 3306 κα
270 3252 376 3323 ίκαιρδν
395 3253 435 3317 δὲ,
450 3252 539 3323 φησίν,
562 3253 710 3325 είιρίσκουσιν
728 3252 931 3325 ἀμυνασθαιτοίις
974 3255 1149 3328 ἐστεφανοῦντο
1162 3257 1366 3330 γάροινικωντες
1376 3255 1401 3311 ἐν
1415 3256 1518 3319 τούτοις.
1533 3259 1613 3312 ΤΟΥ.

148 3332 251 3403 ἐχθρσίις
264 3330 371 3397 ἑαυτῶν,
386 3331 521 3403 ἀπάγοντες
533 3331 619 3395 αθτοίις
635 3332 676 3384 διδ
688 3336 732 3385 τοῦ
746 3334 823 3404 νόμου
832 3332 866 3396 εές
878 3334 930 3405 κρί·
1011 3334 1097 3388 Καὶ’
1073 3355 1120 3406 ουχ
1138 3336 1299 3408 θτιτῇρόσει
1311 3336 1405 3389 τούτων
1423 3337 1549 3409 μέτεστιν]
1562 3336 1592 3388 Οί
1602 3335 1666 3406 ἀγα
1653 3335 1692 3389 οί
1703 3335 1757 3402 δλί
1763 3386 1770 3395 ,

149 3431 197 3465 σιν.
210 3411 291 3465 ΤΟΥ.
973 3432 1014 3483 γοι
1024 3411 1169 3481 ἀναγκαίως
1181 3412 1251 3466 κακοί
1262 3411 1310 3484 γάρ
1322 3411 1346 3464 σί
1359 3411 1457 3467 πολλοί.
1495 3411 1582 3467 Λιά”’
1551 3432 1599 3466 των
1609 3410 1740 3484 ὀλίγων
1712 3434 1757 3468 ουν

185 3494 249 3559 499,
263 3508 290 3560 7.
301 3489 360 3542 Κατ’
372 3490 449 3561 άνδρα
459 3490 600 3560 κριθέντας]
617 3488 650 3561 μή
668 3488 783 3561 ἀθρόους,
797 3489 863 3542 ιίλλίι
877 3492 930 3544 κατ’
973 3492 1030 3554 τοθς
1042 3492 1167 3562 γενναίους
1178 3492 1300 3562 σημαίνει.
1339 3491 1439 3553 Τούτοις
1450 3485 1494 3544 οδν
1506 3492 1535 3545 οδ
1549 3493 1675 3563 φθονεῖτε,
1690 3491 1757 3547 ἀλλά

149 3568 239 3639 ἀνδρα·
254 3568 296 3621 καί
307 3569 398 3639 κρίσει,
411 3566 444 3639 μὴ
457 3569 534 3640 νόμῳ.
549 3569 629 3624 ΤΟΥ,
711 3584 715 3593 ’
974 3572 1015 3624 καί
1028 3570 1173 3636 συνήδεσθε,
1188 3570 1220 3623 δι’
1234 3569 1270 3625 ὧν
1285 3573 1371 3642 τιμᾶτε
1388 3569 1489 3637 αδτοδς,
1503 3570 1524 3624 εί
1533 3572 1573 3624 καί
1585 3570 1699 3644 ἀνόμοιοί
1710 3573 1756 3626 εέσι

187 3645 259 3717 Ἐγὼ
269 3646 311 3719 μὲν
318 3647 367 3718 γάρ
377 3646 559 3718 ἐπολαμόάνω]
571 3646 698 3700 Ἐντεῦθεν
708 3646 738 3700 τά
748 3647 877 3718 ἐπιλογικά
886 3648 929 3715 δη·
973 3649 1036 3703 κατά
1047 3650 1126 3720 φυσιν.
1140 3651 1221 3705 TCV.

149 3726 246 3781 λοῦται.
283 3725 323 3781 Τά
340 3726 388 3800 γάρ
402 3725 504 3780 ἐκάστου
526 3727 659 3796 κεφαλαίου
680 3725 767 3798 ίσχυρά
784 3730 882 3800 συνάγει
898 3728 930 3780 δι’
1010 3730 1071 3794 500,
1087 3731 1111 3785 8,
1130 3729 1174 3781 Διά
1190 3728 1281 3799 ταῦτα]
1298 3726 1338 3780 διέι
1353 3727 1382 3782 τδ
1396 3726 1460 3780 εἶναι
1474 3727 1559 3792 αδτοίις
1569 3731 1695 3800 γενναίους
1716 3731 1758 3785 καί

149 3806 228 3861 αέτῶν
249 3808 342 3882 τουτων
356 3814 404 3862 τῶν
418 3807 474 3878 περί
489 3807 620 3874 Λεπτίνην·
635 3806 703 3878 λέγει
717 3807 743 3861 δέ
759 3810 798 3861 δτι
810 3808 852 3861 καί
866 3808 931 3863 οὕτω
973 3807 1081 3877 ὀλίγους.
1096 3810 1167 3862 ΤΟΥ
1170 3848 1177 3860 .

149 3886 289 3958 συμδαίνει,
309 3886 334 3940 εί
345 3906 375 3958 γε
396 3886 504 3948 ἀνάξιοι,
520 3887 550 3937 δι’
575 3885 643 3957 ὑμῶν
656 3891 703 3938 τῶν
718 3885 813 3957 ἐχθρῶν
829 3886 931 3942 ἀποστε·
1009 3885 1093 3948 Οθδεές
1102 3889 1199 3941 πώποτε
1209 3884 1253 3952 τήν
1265 3886 1336 3940 πόλιν
1346 3886 1433 3957 ἡμῶν]
1444 3885 1491 3939 ίίαί
1502 3885 1527 3941 ἐν
1537 3893 1572 3959 τῷ
1580 3891 1653 3959 τιμᾶν
1664 3891 1757 3958 μισεῖτε

148 3970 231 4038 ροῖντσ
242 3971 284 4035 τῆς
297 3971 378 4038 τιμῆς.
390 3968 471 4020 ΤΟΥ.
973 3962 1018 4031 τήν
1028 3959 1111 4031 ήτταν·
1123 3967 1248 4038 τοιγάρτοι
1260 3969 1302 4031 τῆς
1309 3964 1444 4036 εὐεργεσίας
1454 3966 1554 4035 μείζονα
1564 3967 1656 4037 δωρεὰν
1666 3968 1756 4022 δίδοτε.

185 4051 247 4116 499,
261 4066 288 4116 9.
312 4046 358 4098 ίίαί
378 4044 426 4118 μὴν
446 4045 498 4099 οὔδ’
521 4044 612 4098 ἐκείνου
626 4064 655 4116 γε
673 4045 820 4100 ἀποστατέον
834 4051 877 4100 τοῦ
890 4048 931 4103 λό·
978 4041 1008 4097 ‘0
1020 4042 1067 4115 γέιρ
1079 4043 1105 4108 ἐξ
1115 4043 1169 4098 ίσου
1181 4050 1258 4115 τιμῶν
1271 4045 1354 4115 χρέος,
1367 4042 1396 4096 οδ
1411 4045 1498 4113 χάριν,
1514 4046 1623 4114 παράχει.
1638 4046 1719 4100 ΤΟΥ.

148 4126 211 4196 γον]
224 4123 418 4195 Ἐπαγωνίζιται
431 4124 548 4195 πάλιντῷ
557 4122 731 4194 μεταληπτικίξι
743 4121 771 4177 ἐκ
784 4125 928 4195 περιουσίας,
1010 4124 1071 4189 500,
1091 4142 1132 4179 ιο,
1152 4123 1310 4193 λντευποιεῖ]
1329 4123 1383 4184 τοίας
1401 4121 1603 4193 εδεργιτήσαντας
1623 4122 1698 4189 αὐτὴν
1714 4127 1758 4191 δη·

148 4205 188 4256 δτι
198 4203 253 4256 οδδέ
264 4208 306 4256 νῦν
318 4205 440 4274 κρίνεσθαι
452 4203 555 4264 δεῖτοίις
568 4202 671 4273 ἔχοντας
679 4242 687 4265 ,
695 4201 762 4255 ἀλλά
773 4204 847 4257 πάλαι
858 4203 931 4270 ηνίκα
973 4200 1048 4270 λαδή.
1060 4206 1091 4258 Ρ.

149 4280 299 4351 ἐλάμθανον.
338 4281 379 4335 Ἂν
395 4283 422 4335 δέ
445 4301 480 4343 τις
497 4280 579 4348 οίηται
592 4285 668 4335 ταῦτα
682 4280 715 4352 μή
734 4284 864 4353 προσήκειν
879 4286 931 4347 τοῖς
1011 4284 1072 4348 500,
1090 4299 1131 4334 11.
1147 4282 1218 4334 Ἐστι
1239 4282 1320 4334 τοίνυν
1341 4285 1417 4333 ταῦτα
1432 4282 1525 4343 πάντα,
1544 4276 1566 4332 ὦ
1584 4280 1667 4351 άνδρες
1690 4280 1757 4349 Ἀθη·

150 4359 289 4430 ἐπιλόγοις,
302 4359 408 4413 ίστωσαν
423 4362 461 4414 ὅτι
479 4361 520 4415 καί
539 4359 565 4413 ἐν
582 4363 634 4423 τοῖς
652 4361 776 4432 ἐπιλόγοις
787 4363 811 4415 οί
831 4363 932 4417 παλαιοί
974 4365 1055 4426 ναῖοι,
1071 4360 1242 4428 δικαιοσύνης]
1255 4359 1313 4430 πρὸς
1329 4358 1358 4412 τδ
1372 4357 1520 4412 ἀντιδιδόναι
1533 4360 1585 4421 τοῖς
1602 4354 1629 4411 εδ
1645 4364 1753 4413 ποιοῦσι·

150 4436 314 4509 ἀγωνίζονται
329 4439 388 4510 πρδς
401 4439 473 4501 αδτδς
484 4439 527 4502 τάς
542 4440 668 4510 προτάσεις
680 4439 724 4501 τάς
735 4441 760 4494 ἐν
779 4441 861 4503 αέτοῖς
879 4462 929 4496 κει·
974 4440 1068 4493 δίκαιον
1080 4439 1137 4509 γάρ.
1186 4436 1279 4508 Ἀρετῆς
1292 4435 1319 4490 δέ
1334 4440 1376 4502 τῆς
1395 4437 1556 4506 μεταδόσεως·
1573 4436 1756 4509 μεγαλοψυχίας

150 4519 233 4589 μίνας.
246 4520 327 4572 ΤΟΥ.
974 4516 1030 4571 ἀντί
1039 4520 1083 4571 τοῦ
1095 4515 1291 4587 μεγαλοδωρεᾶς.
1344 4513 1458 4576 Εδδυξίας
1469 4513 1524 4567 ἀντί
1537 4519 1580 4568 τοῦ
1592 4514 1659 4587 ἔχειν
1673 4517 1755 4579 δόξαν.

186 4602 249 4667 499,
265 4615 307 4651 10.
318 4595 376 4649 Ὅτι
385 4599 428 4663 τῆς
440 4595 483 4667 μίν
492 4594 574 4668 ἀξίας]
586 4597 773 4669 Παραγραφικδν
785 4597 812 4651 ἐκ
821 4603 864 4651 τοῦ
873 4600 930 4670 χρό·
974 4593 1010 4649 Ἦ
1029 4599 1073 4650 τοῦ
1088 4598 1131 4662 τῆς
1142 4594 1237 4656 πόλεως
1258 4592 1408 4664 ἀξιώματος,
1424 4593 1452 4646 οὗ
1470 4598 1514 4647 τοῦ
1531 4594 1596 4665 παρά
1609 4599 1652 4661 τῆς
1670 4596 1756 4667 τύχης,

150 4695 203 4730 νου.
214 4677 305 4738 Δισσῶς
318 4674 344 4729 δέ
357 4678 429 4728 τοῦτο
442 4676 516 4728 ποιεῖ·
526 4675 568 4727 καί
579 4675 627 4746 γάρ
640 4677 682 4729 καί
692 4676 754 4730 κατέ
764 4676 792 4730 τδ
801 4679 930 4748 πρόσωπον
974 4674 1029 4728 οἷον
1039 4675 1208 4745 είιδαιμονίας,
1223 4671 1293 4725 ἀλλά.
1301 4676 1346 4727 τοῦ
1362 4676 1405 4740 τῆς
1418 4673 1496 4743 ψυχῆς
1507 4672 1575 4744 λέγει
1587 4672 1667 4739 ήθους·
1683 4693 1758 4745 μεγα-

150 4754 209 4807 αδτδ
219 4756 296 4808 ποιεῖ·
311 4755 352 4807 θτε
369 4751 471 4825 μὲνγὰρ
485 4753 553 4823 λέγει
570 4754 611 4806 ὅτε
623 4753 765 4826 ἐδώκαμεν,
778 4757 820 4809 τδν
839 4759 930 4828 χρόνον
973 4754 1080 4826 λόψυχοι
1090 4752 1138 4825 γάρ
1151 4748 1222 4820 ἦσαν.
1235 4752 1315 4808 ΤΟΥ.

150 4832 275 4905 ἐμφαίνει,
285 4835 327 4886 ότε
338 4831 364 4885 δέ
377 4828 447 4885 οὗτοι
459 4832 591 4902 παρόντες,
601 4833 631 4885 τδ
642 4834 782 4904 πρόσωπον.
795 4836 875 4891 ΤΟΥ,
1011 4835 1072 4898 500,
1088 4849 1131 4886 τι.
1148 4830 1234 4883 Πολλά
1247 4830 1274 4884 δέ
1285 4832 1415 4902 θαυμάζων
1425 4832 1560 4902 Λεπτίνου]
1574 4828 1621 4884 ἀπδ
1633 4832 1675 4895 τῆς
1687 4831 1757 4883 ποιό·

174 4917 249 4984 499,
261 4930 304 4968 11.
314 4910 365 4979 Τήν
380 4910 485 4974 ἐξέτασιν
495 4906 524 4977 ἦν
534 4912 627 4964 δίκαιον
638 4912 773 4984 λαμδάνειν
784 4917 793 4982 ]
805 4913 860 4967 ἀντί
877 4919 929 4981 τοῦ,
975 4932 1047 4981 τητος
1058 4916 1100 4979 τής
1112 4911 1205 4973 πόλεως
1218 4910 1305 4982 μετίόη
1318 4909 1358 4965 ἐπί
1371 4908 1415 4975 τήν
1425 4913 1543 4977 ποιότητα
1555 4911 1672 4964 Λεπτίνου
1682 4948 1690 4975 ,
1704 4910 1757 4962 δια·

150 4990 200 5044 ἐδει
208 4992 347 5063 δοκιμάζειν
359 4989 444 5053 σίτοίις
456 4992 520 5044 τότε.
532 4991 613 5044 TCV.
975 4990 1052 5058 όολήν
1066 4991 1209 5062 ποιούμενος
1223 4994 1265 5042 τοῦ
1278 4990 1369 5060 τρόπον
1379 4987 1463 5041 αδτοῦ.
1475 4989 1555 5042 TCV.

186 5073 248 5140 499,
266 5072 308 5127 13.
322 5069 352 5123 Ei
369 5071 392 5122 δ’
405 5065 473 5123 οὗτοι
484 5072 557 5123 τοῦτο
567 5069 701 5140 φήσουσιν]
717 5071 756 5122 δτι
769 5067 876 5137 ἀνάξιοι,
890 5071 931 5124 οὗ·
1011 5071 1072 5135 5οο,
1081 5074 1126 5134 04.
1138 5068 1233 5140 Ὥσπερ
1244 5070 1274 5120 ἀν
1287 5066 1312 5121 εί
1320 5087 1356 5130 τις
1368 5067 1491 5140 μεγάλας]
1508 5066 1671 5139 Ἀντιστροφή·
1687 5067 1720 5129 ὡς
1729 5067 1757 5121 τδ

149 5148 190 5202 δέν
205 5148 294 5202 κωλόει
311 5155 346 5220 τῷ
359 5148 429 5221 λόγῳ
440 5147 740 5219 αὗτουςέπαγγέλλεσθαι,
751 5149 831 5205 ΤΟΥ.
975 5152 1018 5223 (ρ,
1035 5167 1077 5215 τα,
1091 5154 1138 5218 ιο)
1155 5170 1165 5197 ι
1184 5150 1213 5200 ἀν
1229 5146 1273 5219 μίν
1294 5148 1341 5200 ὅσα
1359 5147 1389 5201 άν
1401 5165 1437 5209 τις
1448 5146 1513 5219 λάόη
1534 5146 1576 5200 καί
1588 5148 1666 5219 σώσῃ,
1681 5149 1757 5218 μεγά-

185 5227 304 5299 49915.
318 5226 380 5299 Παρ’
394 5228 455 5282 αθτδ
471 5227 639 5300 τάδικήματα]
653 5226 707 5281 ἀντί
719 5232 761 5281 τοῦ
770 5233 929 5302 παραχρῆμα.
979 5251 990 5280 ι
1006 5229 1054 5296 λην
1068 5229 1120 5300 ἔχει
1134 5232 1165 5302 τῇ
1185 5227 1248 5301 τάχη
1267 5224 1312 5293 τήν
1326 5228 1414 5298 χάριν,
1435 5227 1465 5278 ἀν
1486 5226 1509 5279 δ’
1525 5224 1654 5287 ἀναλώσας
1675 5224 1756 5296 λάθη,

261 5332 385 5371 omum
398 5334 422 5370 ιι.
583 5330 594 5351 ·
1626 5322 1654 5366 ⁴2
