<?xml version="1.0" encoding="UTF-8"?>
<!DOCTYPE html PUBLIC "-//W3C//DTD XHTML 1.0 Transitional//EN"
    "http://www.w3.org/TR/xhtml1/DTD/xhtml1-transitional.dtd">
<html xmlns="http://www.w3.org/1999/xhtml" xml:lang="en" lang="en">
 <head>
  <title>
</title>
<meta http-equiv="Content-Type" content="text/html;charset=utf-8" />
  <meta name='ocr-system' content='tesseract 3.04.00' />
  <meta name='ocr-capabilities' content='ocr_page ocr_carea ocr_par ocr_line ocrx_word'/>
</head>
<body>
  <div class='ocr_page' id='page_1' title='image "./oratoresattici01hunzgoog_0529.png"; bbox 0 0 3967 5967; ppageno 0'>
   <div class='ocr_carea' id='block_1_1' title="bbox 721 447 1788 509">
    <p class='ocr_par' dir='ltr' id='par_1_1' title="bbox 721 447 1788 509">
     <span class='ocr_line' id='line_1_1' title="bbox 721 447 1788 509; baseline -0.003 -1"><span class='ocrx_word' id='word_1_1' title='bbox 721 449 943 509; x_wconf 76' lang='grc' dir='ltr'>ΟῖιίίλίλΝΟΥ</span> <span class='ocrx_word' id='word_1_2' title='bbox 965 447 1260 506; x_wconf 76' lang='grc' dir='ltr'>ΠΡΟΑΚΙῸΜΕΝΑ.</span> <span class='ocrx_word' id='word_1_3' title='bbox 1731 454 1788 505; x_wconf 75' lang='grc' dir='ltr'>ῦίῦ</span> 
     </span>
    </p>
   </div>
   <div class='ocr_carea' id='block_1_2' title="bbox 195 573 1788 731">
    <p class='ocr_par' dir='ltr' id='par_1_2' title="bbox 195 573 1788 731">
     <span class='ocr_line' id='line_1_2' title="bbox 198 573 1788 649; baseline -0.004 -16"><span class='ocrx_word' id='word_1_4' title='bbox 198 576 338 647; x_wconf 80' lang='grc' dir='ltr'>Ἐλλήνων,</span> <span class='ocrx_word' id='word_1_5' title='bbox 358 573 428 641; x_wconf 85' lang='grc' dir='ltr'>ούτύς</span> <span class='ocrx_word' id='word_1_6' title='bbox 441 577 505 632; x_wconf 88' lang='grc' dir='ltr'>ἐστιν</span> <span class='ocrx_word' id='word_1_7' title='bbox 519 578 534 631; x_wconf 91' lang='grc' dir='ltr'>ό</span> <span class='ocrx_word' id='word_1_8' title='bbox 547 578 629 649; x_wconf 79' lang='grc' dir='ltr'>καιρδς</span> <span class='ocrx_word' id='word_1_9' title='bbox 641 579 655 632; x_wconf 85' lang='grc' dir='ltr'>ό</span> <span class='ocrx_word' id='word_1_10' title='bbox 667 580 746 641; x_wconf 75' lang='grc' dir='ltr'>διδούς</span> <span class='ocrx_word' id='word_1_11' title='bbox 761 579 835 634; x_wconf 90' lang='grc' dir='ltr'>πάλιν</span> <span class='ocrx_word' id='word_1_12' title='bbox 850 575 894 644; x_wconf 77' lang='grc' dir='ltr'>τήν</span> <span class='ocrx_word' id='word_1_13' title='bbox 908 577 967 648; x_wconf 83' lang='grc' dir='ltr'>ῆγε-</span> <span class='ocrx_word' id='word_1_14' title='bbox 1013 576 1131 649; x_wconf 79' lang='grc' dir='ltr'>Ιήροῦντος</span> <span class='ocrx_word' id='word_1_15' title='bbox 1147 576 1246 641; x_wconf 87' lang='grc' dir='ltr'>σύνηθες</span> <span class='ocrx_word' id='word_1_16' title='bbox 1257 573 1283 627; x_wconf 81' lang='grc' dir='ltr'>δὲ</span> <span class='ocrx_word' id='word_1_17' title='bbox 1295 573 1362 643; x_wconf 76' lang='grc' dir='ltr'>αύτῷ</span> <span class='ocrx_word' id='word_1_18' title='bbox 1374 577 1445 626; x_wconf 83' lang='grc' dir='ltr'>τοῦτο</span> <span class='ocrx_word' id='word_1_19' title='bbox 1460 575 1549 639; x_wconf 90' lang='grc' dir='ltr'>ποιεῖν,</span> <span class='ocrx_word' id='word_1_20' title='bbox 1562 573 1672 642; x_wconf 72' lang='grc' dir='ltr'>κρύπτειν</span> <span class='ocrx_word' id='word_1_21' title='bbox 1691 574 1735 644; x_wconf 78' lang='grc' dir='ltr'>μὲν</span> <span class='ocrx_word' id='word_1_22' title='bbox 1746 576 1788 636; x_wconf 81' lang='grc' dir='ltr'>τάς</span> 
     </span>
     <span class='ocr_line' id='line_1_3' title="bbox 195 648 1787 731; baseline -0.003 -19"><span class='ocrx_word' id='word_1_23' title='bbox 195 661 281 730; x_wconf 87' lang='grc' dir='ltr'>μονίαν</span> <span class='ocrx_word' id='word_1_24' title='bbox 296 662 327 731; x_wconf 79' lang='grc' dir='ltr'>τῇ</span> <span class='ocrx_word' id='word_1_25' title='bbox 338 658 419 712; x_wconf 86' lang='grc' dir='ltr'>πόλει.</span> <span class='ocrx_word' id='word_1_26' title='bbox 439 656 482 720; x_wconf 85' lang='grc' dir='ltr'>Ἐξ</span> <span class='ocrx_word' id='word_1_27' title='bbox 500 657 580 728; x_wconf 85' lang='grc' dir='ltr'>έτέρου</span> <span class='ocrx_word' id='word_1_28' title='bbox 593 658 619 711; x_wconf 87' lang='grc' dir='ltr'>δέ</span> <span class='ocrx_word' id='word_1_29' title='bbox 632 660 646 710; x_wconf 89' lang='grc' dir='ltr'>θ</span> <span class='ocrx_word' id='word_1_30' title='bbox 658 660 763 728; x_wconf 74' lang='grc' dir='ltr'>περιέχει</span> <span class='ocrx_word' id='word_1_31' title='bbox 783 658 811 711; x_wconf 84' lang='grc' dir='ltr'>τδ</span> <span class='ocrx_word' id='word_1_32' title='bbox 824 656 966 727; x_wconf 83' lang='grc' dir='ltr'>ἀναγκαῖον,</span> <span class='ocrx_word' id='word_1_33' title='bbox 1013 654 1104 725; x_wconf 81' lang='grc' dir='ltr'>ἀρχάς,</span> <span class='ocrx_word' id='word_1_34' title='bbox 1125 654 1152 708; x_wconf 91' lang='grc' dir='ltr'>ἐκ</span> <span class='ocrx_word' id='word_1_35' title='bbox 1176 654 1202 707; x_wconf 89' lang='grc' dir='ltr'>δέ</span> <span class='ocrx_word' id='word_1_36' title='bbox 1215 661 1259 706; x_wconf 88' lang='grc' dir='ltr'>τοῦ</span> <span class='ocrx_word' id='word_1_37' title='bbox 1274 653 1357 714; x_wconf 85' lang='grc' dir='ltr'>τέλους</span> <span class='ocrx_word' id='word_1_38' title='bbox 1380 653 1513 722; x_wconf 85' lang='grc' dir='ltr'>άρχεσθαι,</span> <span class='ocrx_word' id='word_1_39' title='bbox 1536 652 1560 705; x_wconf 90' lang='grc' dir='ltr'>ἐν</span> <span class='ocrx_word' id='word_1_40' title='bbox 1573 648 1610 713; x_wconf 91' lang='grc' dir='ltr'>οίς</span> <span class='ocrx_word' id='word_1_41' title='bbox 1629 656 1787 726; x_wconf 76' lang='grc' dir='ltr'>συναρπάζειν</span> 
     </span>
    </p>
   </div>
   <div class='ocr_carea' id='block_1_3' title="bbox 178 730 1788 5282">
    <p class='ocr_par' dir='ltr' id='par_1_3' title="bbox 178 730 1788 5282">
     <span class='ocr_line' id='line_1_4' title="bbox 193 730 1788 808; baseline -0.001 -20"><span class='ocrx_word' id='word_1_42' title='bbox 193 738 225 788; x_wconf 90' lang='grc' dir='ltr'>δι’</span> <span class='ocrx_word' id='word_1_43' title='bbox 238 733 266 789; x_wconf 88' lang='grc' dir='ltr'>ού</span> <span class='ocrx_word' id='word_1_44' title='bbox 280 737 321 789; x_wconf 84' lang='grc' dir='ltr'>καί</span> <span class='ocrx_word' id='word_1_45' title='bbox 330 735 406 808; x_wconf 88' lang='grc' dir='ltr'>φόόον</span> <span class='ocrx_word' id='word_1_46' title='bbox 420 734 467 802; x_wconf 85' lang='grc' dir='ltr'>ήδη</span> <span class='ocrx_word' id='word_1_47' title='bbox 484 738 537 796; x_wconf 90' lang='grc' dir='ltr'>τοῖς</span> <span class='ocrx_word' id='word_1_48' title='bbox 555 734 682 789; x_wconf 85' lang='grc' dir='ltr'>ἀκούουσιν</span> <span class='ocrx_word' id='word_1_49' title='bbox 699 736 837 807; x_wconf 77' lang='grc' dir='ltr'>ἐργάζεται,</span> <span class='ocrx_word' id='word_1_50' title='bbox 859 734 969 796; x_wconf 78' lang='grc' dir='ltr'>συνιστὰς</span> <span class='ocrx_word' id='word_1_51' title='bbox 1014 734 1128 804; x_wconf 86' lang='grc' dir='ltr'>βούλεται</span> <span class='ocrx_word' id='word_1_52' title='bbox 1150 736 1205 794; x_wconf 78' lang='grc' dir='ltr'>τούς</span> <span class='ocrx_word' id='word_1_53' title='bbox 1220 732 1363 796; x_wconf 89' lang='grc' dir='ltr'>ἀκούοντας,</span> <span class='ocrx_word' id='word_1_54' title='bbox 1381 733 1414 793; x_wconf 81' lang='grc' dir='ltr'>ὡς</span> <span class='ocrx_word' id='word_1_55' title='bbox 1428 730 1486 802; x_wconf 86' lang='grc' dir='ltr'>ύπέρ</span> <span class='ocrx_word' id='word_1_56' title='bbox 1499 731 1714 802; x_wconf 79' lang='grc' dir='ltr'>ὁμολογουμένων.</span> <span class='ocrx_word' id='word_1_57' title='bbox 1753 734 1788 786; x_wconf 70' lang='grc'>05</span> 
     </span>
     <span class='ocr_line' id='line_1_5' title="bbox 193 809 1788 885; baseline -0.003 -17"><span class='ocrx_word' id='word_1_58' title='bbox 193 814 308 881; x_wconf 68' lang='grc' dir='ltr'>ἑξήκοντα</span> <span class='ocrx_word' id='word_1_59' title='bbox 326 817 356 867; x_wconf 80' lang='grc' dir='ltr'>ἀν</span> <span class='ocrx_word' id='word_1_60' title='bbox 377 813 417 867; x_wconf 82' lang='grc' dir='ltr'>ἐπί</span> <span class='ocrx_word' id='word_1_61' title='bbox 435 812 480 879; x_wconf 83' lang='grc' dir='ltr'>τήν</span> <span class='ocrx_word' id='word_1_62' title='bbox 501 812 607 880; x_wconf 73' lang='grc' dir='ltr'>Ἀττικὴν</span> <span class='ocrx_word' id='word_1_63' title='bbox 629 815 771 880; x_wconf 87' lang='grc' dir='ltr'>Φίλιππον,</span> <span class='ocrx_word' id='word_1_64' title='bbox 790 814 810 868; x_wconf 90' lang='grc' dir='ltr'>εί</span> <span class='ocrx_word' id='word_1_65' title='bbox 833 813 866 885; x_wconf 76' lang='grc' dir='ltr'>μὴ</span> <span class='ocrx_word' id='word_1_66' title='bbox 884 812 969 867; x_wconf 87' lang='grc' dir='ltr'>Ὀλύν·</span> <span class='ocrx_word' id='word_1_67' title='bbox 1011 814 1059 885; x_wconf 87' lang='grc' dir='ltr'>γάρ</span> <span class='ocrx_word' id='word_1_68' title='bbox 1073 810 1103 880; x_wconf 85' lang='grc' dir='ltr'>ήν</span> <span class='ocrx_word' id='word_1_69' title='bbox 1119 815 1206 884; x_wconf 84' lang='grc' dir='ltr'>δμοιον</span> <span class='ocrx_word' id='word_1_70' title='bbox 1220 812 1287 873; x_wconf 79' lang='grc' dir='ltr'>εύθῦς</span> <span class='ocrx_word' id='word_1_71' title='bbox 1302 814 1423 881; x_wconf 85' lang='grc' dir='ltr'>μάχεσθαι</span> <span class='ocrx_word' id='word_1_72' title='bbox 1436 811 1493 881; x_wconf 91' lang='grc' dir='ltr'>πρδς</span> <span class='ocrx_word' id='word_1_73' title='bbox 1505 809 1734 882; x_wconf 86' lang='grc' dir='ltr'>ἀμφισόητούμενον</span> <span class='ocrx_word' id='word_1_74' title='bbox 1746 813 1788 865; x_wconf 83' lang='grc' dir='ltr'>καί</span> 
     </span>
     <span class='ocr_line' id='line_1_6' title="bbox 194 890 1787 964; baseline -0.002 -20"><span class='ocrx_word' id='word_1_75' title='bbox 194 894 243 945; x_wconf 90' lang='grc' dir='ltr'>θισι</span> <span class='ocrx_word' id='word_1_76' title='bbox 262 895 398 958; x_wconf 85' lang='grc' dir='ltr'>σώζοιντο,</span> <span class='ocrx_word' id='word_1_77' title='bbox 421 895 485 946; x_wconf 85' lang='grc' dir='ltr'>ῶστε</span> <span class='ocrx_word' id='word_1_78' title='bbox 517 892 603 955; x_wconf 82' lang='grc' dir='ltr'>αύτσίνς</span> <span class='ocrx_word' id='word_1_79' title='bbox 624 894 789 964; x_wconf 77' lang='grc' dir='ltr'>φοόουμίνους</span> <span class='ocrx_word' id='word_1_80' title='bbox 809 893 896 946; x_wconf 83' lang='grc' dir='ltr'>λοιπδν</span> <span class='ocrx_word' id='word_1_81' title='bbox 918 898 967 945; x_wconf 86' lang='grc' dir='ltr'>τῶν</span> <span class='ocrx_word' id='word_1_82' title='bbox 1011 894 1044 954; x_wconf 84' lang='grc' dir='ltr'>ῶς</span> <span class='ocrx_word' id='word_1_83' title='bbox 1065 891 1123 963; x_wconf 77' lang='grc' dir='ltr'>ύπέρ</span> <span class='ocrx_word' id='word_1_84' title='bbox 1143 891 1351 962; x_wconf 71' lang='grc' dir='ltr'><strong>ὁμολογουμένων</strong></span> <span class='ocrx_word' id='word_1_85' title='bbox 1371 892 1522 960; x_wconf 81' lang='grc' dir='ltr'>προτρέπειν,</span> <span class='ocrx_word' id='word_1_86' title='bbox 1537 890 1620 951; x_wconf 79' lang='grc' dir='ltr'>άλλως</span> <span class='ocrx_word' id='word_1_87' title='bbox 1640 909 1667 942; x_wconf 92' lang='grc' dir='ltr'>τε</span> <span class='ocrx_word' id='word_1_88' title='bbox 1680 891 1721 943; x_wconf 80' lang='grc' dir='ltr'>καί</span> <span class='ocrx_word' id='word_1_89' title='bbox 1743 895 1787 944; x_wconf 92' lang='grc' dir='ltr'>τοῦ</span> 
     </span>
     <span class='ocr_line' id='line_1_7' title="bbox 193 965 1788 1041; baseline -0.001 -19"><span class='ocrx_word' id='word_1_90' title='bbox 193 969 300 1040; x_wconf 88' lang='grc' dir='ltr'>πράξεων</span> <span class='ocrx_word' id='word_1_91' title='bbox 315 969 454 1041; x_wconf 80' lang='grc' dir='ltr'>ἐρρωμένως</span> <span class='ocrx_word' id='word_1_92' title='bbox 474 968 626 1040; x_wconf 83' lang='grc' dir='ltr'>ἀντέχεσθαι.</span> <span class='ocrx_word' id='word_1_93' title='bbox 666 965 785 1040; x_wconf 79' lang='grc' dir='ltr'>Ἐκατίρα</span> <span class='ocrx_word' id='word_1_94' title='bbox 798 970 825 1023; x_wconf 87' lang='grc' dir='ltr'>δέ</span> <span class='ocrx_word' id='word_1_95' title='bbox 841 976 889 1023; x_wconf 91' lang='grc' dir='ltr'>τῶν</span> <span class='ocrx_word' id='word_1_96' title='bbox 907 970 967 1024; x_wconf 85' lang='grc' dir='ltr'>ἀπο·</span> <span class='ocrx_word' id='word_1_97' title='bbox 1012 969 1145 1040; x_wconf 73' lang='grc' dir='ltr'>ἀναγκαίου</span> <span class='ocrx_word' id='word_1_98' title='bbox 1159 970 1294 1030; x_wconf 79' lang='grc' dir='ltr'>δεικνύντος</span> <span class='ocrx_word' id='word_1_99' title='bbox 1308 967 1351 1022; x_wconf 81' lang='grc' dir='ltr'>τόν</span> <span class='ocrx_word' id='word_1_100' title='bbox 1372 967 1488 1038; x_wconf 74' lang='grc' dir='ltr'>ἐσόμενον</span> <span class='ocrx_word' id='word_1_101' title='bbox 1506 968 1627 1032; x_wconf 91' lang='grc' dir='ltr'>κίνδυνον,</span> <span class='ocrx_word' id='word_1_102' title='bbox 1648 966 1670 1021; x_wconf 89' lang='grc' dir='ltr'>εἰ</span> <span class='ocrx_word' id='word_1_103' title='bbox 1682 968 1788 1040; x_wconf 74' lang='grc' dir='ltr'>ραθυμή·</span> 
     </span>
     <span class='ocr_line' id='line_1_8' title="bbox 192 1043 1786 1119; baseline 0.001 -20"><span class='ocrx_word' id='word_1_104' title='bbox 192 1048 288 1109; x_wconf 83' lang='grc' dir='ltr'>δείξεων</span> <span class='ocrx_word' id='word_1_105' title='bbox 303 1047 460 1112; x_wconf 82' lang='grc' dir='ltr'>θουκυδίδου,</span> <span class='ocrx_word' id='word_1_106' title='bbox 481 1048 523 1100; x_wconf 86' lang='grc' dir='ltr'>καί</span> <span class='ocrx_word' id='word_1_107' title='bbox 537 1046 651 1114; x_wconf 82' lang='grc' dir='ltr'>εἴληπται</span> <span class='ocrx_word' id='word_1_108' title='bbox 671 1047 697 1102; x_wconf 91' lang='grc' dir='ltr'>ἐκ</span> <span class='ocrx_word' id='word_1_109' title='bbox 713 1053 756 1115; x_wconf 87' lang='grc' dir='ltr'>τῆς</span> <span class='ocrx_word' id='word_1_110' title='bbox 775 1049 916 1119; x_wconf 76' lang='grc' dir='ltr'>Κορινθίων,</span> <span class='ocrx_word' id='word_1_111' title='bbox 935 1049 967 1111; x_wconf 85' lang='grc' dir='ltr'>ὡς</span> <span class='ocrx_word' id='word_1_112' title='bbox 1011 1067 1087 1102; x_wconf 84' lang='grc' dir='ltr'>σαιεν.</span> <span class='ocrx_word' id='word_1_113' title='bbox 1124 1050 1202 1101; x_wconf 87' lang='grc' dir='ltr'>Τοῦτο</span> <span class='ocrx_word' id='word_1_114' title='bbox 1222 1043 1320 1119; x_wconf 80' lang='grc' dir='ltr'>μένοθν</span> <span class='ocrx_word' id='word_1_115' title='bbox 1341 1046 1392 1100; x_wconf 84' lang='grc' dir='ltr'>ἐστὶ</span> <span class='ocrx_word' id='word_1_116' title='bbox 1405 1045 1434 1099; x_wconf 87' lang='grc' dir='ltr'>εδ</span> <span class='ocrx_word' id='word_1_117' title='bbox 1449 1052 1544 1117; x_wconf 80' lang='grc' dir='ltr'>πρῶτον</span> <span class='ocrx_word' id='word_1_118' title='bbox 1568 1048 1638 1118; x_wconf 89' lang='grc' dir='ltr'>μέρος</span> <span class='ocrx_word' id='word_1_119' title='bbox 1653 1053 1702 1099; x_wconf 88' lang='grc' dir='ltr'>τῶν</span> <span class='ocrx_word' id='word_1_120' title='bbox 1713 1067 1786 1117; x_wconf 78' lang='grc' dir='ltr'>κεφα-</span> 
     </span>
     <span class='ocr_line' id='line_1_9' title="bbox 193 1123 1784 1197; baseline -0.001 -19"><span class='ocrx_word' id='word_1_121' title='bbox 193 1125 263 1197; x_wconf 87' lang='grc' dir='ltr'>έφην,</span> <span class='ocrx_word' id='word_1_122' title='bbox 279 1127 439 1197; x_wconf 85' lang='grc' dir='ltr'>δημηγορίας.</span> <span class='ocrx_word' id='word_1_123' title='bbox 477 1126 525 1178; x_wconf 78' lang='grc' dir='ltr'>Καὶ</span> <span class='ocrx_word' id='word_1_124' title='bbox 542 1125 590 1197; x_wconf 73' lang='grc' dir='ltr'>γάρ</span> <span class='ocrx_word' id='word_1_125' title='bbox 612 1126 652 1181; x_wconf 77' lang='grc' dir='ltr'>ἐπὶ</span> <span class='ocrx_word' id='word_1_126' title='bbox 673 1128 821 1197; x_wconf 69' lang='grc' dir='ltr'>προστασίαν</span> <span class='ocrx_word' id='word_1_127' title='bbox 839 1133 887 1179; x_wconf 89' lang='grc' dir='ltr'>τῶν</span> <span class='ocrx_word' id='word_1_128' title='bbox 908 1125 967 1178; x_wconf 81' lang='grc' dir='ltr'>Ἓλ-</span> <span class='ocrx_word' id='word_1_129' title='bbox 1010 1126 1097 1181; x_wconf 90' lang='grc' dir='ltr'>λαίων.</span> <span class='ocrx_word' id='word_1_130' title='bbox 1134 1126 1207 1180; x_wconf 86' lang='grc' dir='ltr'>Τδδέ</span> <span class='ocrx_word' id='word_1_131' title='bbox 1225 1126 1346 1196; x_wconf 87' lang='grc' dir='ltr'>δεύτερον,</span> <span class='ocrx_word' id='word_1_132' title='bbox 1360 1126 1420 1196; x_wconf 78' lang='grc' dir='ltr'>ὅπερ</span> <span class='ocrx_word' id='word_1_133' title='bbox 1434 1123 1487 1195; x_wconf 89' lang='grc' dir='ltr'>ίχιι</span> <span class='ocrx_word' id='word_1_134' title='bbox 1502 1126 1545 1178; x_wconf 79' lang='grc' dir='ltr'>τόν</span> <span class='ocrx_word' id='word_1_135' title='bbox 1559 1126 1613 1195; x_wconf 85' lang='grc' dir='ltr'>περί</span> <span class='ocrx_word' id='word_1_136' title='bbox 1627 1131 1677 1178; x_wconf 87' lang='grc' dir='ltr'>τῶν</span> <span class='ocrx_word' id='word_1_137' title='bbox 1687 1129 1784 1197; x_wconf 64' lang='grc' dir='ltr'>χρημάι</span> 
     </span>
     <span class='ocr_line' id='line_1_10' title="bbox 190 1203 1785 1278; baseline 0.002 -23"><span class='ocrx_word' id='word_1_138' title='bbox 190 1203 272 1271; x_wconf 91' lang='grc' dir='ltr'>λήνων</span> <span class='ocrx_word' id='word_1_139' title='bbox 287 1205 388 1275; x_wconf 76' lang='grc' dir='ltr'>προάγει</span> <span class='ocrx_word' id='word_1_140' title='bbox 401 1205 457 1265; x_wconf 79' lang='grc' dir='ltr'>τοῦς</span> <span class='ocrx_word' id='word_1_141' title='bbox 474 1205 677 1275; x_wconf 80' lang='grc' dir='ltr'>Λακεδαιμονίους</span> <span class='ocrx_word' id='word_1_142' title='bbox 687 1204 701 1257; x_wconf 95' lang='grc' dir='ltr'>ό</span> <span class='ocrx_word' id='word_1_143' title='bbox 712 1205 836 1274; x_wconf 90' lang='grc' dir='ltr'>Κορίνθιος</span> <span class='ocrx_word' id='word_1_144' title='bbox 847 1203 970 1274; x_wconf 83' lang='grc' dir='ltr'>καίφοόεῖ</span> <span class='ocrx_word' id='word_1_145' title='bbox 1010 1224 1059 1258; x_wconf 89' lang='grc' dir='ltr'>των</span> <span class='ocrx_word' id='word_1_146' title='bbox 1072 1206 1161 1278; x_wconf 92' lang='grc' dir='ltr'>λόγον,</span> <span class='ocrx_word' id='word_1_147' title='bbox 1177 1206 1201 1267; x_wconf 90' lang='grc' dir='ltr'>ἐξ</span> <span class='ocrx_word' id='word_1_148' title='bbox 1211 1204 1353 1266; x_wconf 73' lang='grc' dir='ltr'>ἀντιθέσεως</span> <span class='ocrx_word' id='word_1_149' title='bbox 1369 1203 1495 1274; x_wconf 87' lang='grc' dir='ltr'>εἰσήγαγε,</span> <span class='ocrx_word' id='word_1_150' title='bbox 1517 1205 1599 1274; x_wconf 82' lang='grc' dir='ltr'>νπερί</span> <span class='ocrx_word' id='word_1_151' title='bbox 1610 1205 1637 1258; x_wconf 87' lang='grc' dir='ltr'>δέ</span> <span class='ocrx_word' id='word_1_152' title='bbox 1648 1208 1785 1276; x_wconf 89' lang='grc' dir='ltr'>χρημάτων</span> 
     </span>
     <span class='ocr_line' id='line_1_11' title="bbox 191 1279 1786 1356; baseline -0.001 -20"><span class='ocrx_word' id='word_1_153' title='bbox 191 1283 265 1336; x_wconf 89' lang='grc' dir='ltr'>πάλιν</span> <span class='ocrx_word' id='word_1_154' title='bbox 276 1279 313 1344; x_wconf 86' lang='grc' dir='ltr'>οίς</span> <span class='ocrx_word' id='word_1_155' title='bbox 323 1282 441 1335; x_wconf 89' lang='grc' dir='ltr'>δείκνυσιν</span> <span class='ocrx_word' id='word_1_156' title='bbox 456 1281 660 1354; x_wconf 74' lang='grc' dir='ltr'>ύδῶβαδίζοντας</span> <span class='ocrx_word' id='word_1_157' title='bbox 672 1282 711 1336; x_wconf 82' lang='grc' dir='ltr'>ἐπί</span> <span class='ocrx_word' id='word_1_158' title='bbox 724 1281 768 1348; x_wconf 81' lang='grc' dir='ltr'>τὴν</span> <span class='ocrx_word' id='word_1_159' title='bbox 778 1282 965 1349; x_wconf 86' lang='grc' dir='ltr'>Πελοπόννησον</span> <span class='ocrx_word' id='word_1_160' title='bbox 1013 1285 1116 1355; x_wconf 74' lang='grc' dir='ltr'>σπόρου</span> <span class='ocrx_word' id='word_1_161' title='bbox 1140 1306 1151 1335; x_wconf 85' lang='grc' dir='ltr'>ε</span> <span class='ocrx_word' id='word_1_162' title='bbox 1172 1284 1262 1356; x_wconf 84' lang='grc' dir='ltr'>λέγων,</span> <span class='ocrx_word' id='word_1_163' title='bbox 1286 1282 1353 1336; x_wconf 81' lang='grc' dir='ltr'>ἀλλά</span> <span class='ocrx_word' id='word_1_164' title='bbox 1372 1284 1445 1336; x_wconf 84' lang='grc' dir='ltr'>πόθεν</span> <span class='ocrx_word' id='word_1_165' title='bbox 1465 1282 1551 1352; x_wconf 84' lang='grc' dir='ltr'>έξομεν</span> <span class='ocrx_word' id='word_1_166' title='bbox 1565 1283 1696 1353; x_wconf 79' lang='grc' dir='ltr'>χρήματας</span> <span class='ocrx_word' id='word_1_167' title='bbox 1714 1285 1729 1336; x_wconf 87' lang='grc' dir='ltr'>δ</span> <span class='ocrx_word' id='word_1_168' title='bbox 1744 1284 1786 1335; x_wconf 84' lang='grc' dir='ltr'>καί</span> 
     </span>
     <span class='ocr_line' id='line_1_12' title="bbox 194 1359 1785 1434; baseline 0 -20"><span class='ocrx_word' id='word_1_169' title='bbox 194 1361 343 1429; x_wconf 72' lang='grc' dir='ltr'>Ἀθηναίους</span> <span class='ocrx_word' id='word_1_170' title='bbox 364 1361 398 1433; x_wconf 79' lang='grc' dir='ltr'>[θ]</span> <span class='ocrx_word' id='word_1_171' title='bbox 418 1361 497 1423; x_wconf 86' lang='grc' dir='ltr'>καλῶς</span> <span class='ocrx_word' id='word_1_172' title='bbox 517 1361 547 1413; x_wconf 84' lang='grc' dir='ltr'>ἀν</span> <span class='ocrx_word' id='word_1_173' title='bbox 561 1380 597 1424; x_wconf 91' lang='grc' dir='ltr'>τις</span> <span class='ocrx_word' id='word_1_174' title='bbox 614 1360 678 1416; x_wconf 86' lang='grc' dir='ltr'>είποι</span> <span class='ocrx_word' id='word_1_175' title='bbox 692 1362 721 1416; x_wconf 87' lang='grc' dir='ltr'>τδ</span> <span class='ocrx_word' id='word_1_176' title='bbox 735 1362 869 1433; x_wconf 85' lang='grc' dir='ltr'>ἀναγκαῖον</span> <span class='ocrx_word' id='word_1_177' title='bbox 890 1359 963 1414; x_wconf 81' lang='grc' dir='ltr'>εἰναι.</span> <span class='ocrx_word' id='word_1_178' title='bbox 1010 1361 1076 1434; x_wconf 79' lang='grc' dir='ltr'>αύτῷ</span> <span class='ocrx_word' id='word_1_179' title='bbox 1092 1363 1268 1433; x_wconf 82' lang='grc' dir='ltr'>χαλεπώτατον</span> <span class='ocrx_word' id='word_1_180' title='bbox 1285 1361 1350 1415; x_wconf 84' lang='grc' dir='ltr'>εἶναι</span> <span class='ocrx_word' id='word_1_181' title='bbox 1361 1364 1449 1415; x_wconf 81' lang='grc' dir='ltr'>δοκοῦν</span> <span class='ocrx_word' id='word_1_182' title='bbox 1463 1362 1524 1433; x_wconf 79' lang='grc' dir='ltr'>μετὰ</span> <span class='ocrx_word' id='word_1_183' title='bbox 1544 1366 1691 1429; x_wconf 85' lang='grc' dir='ltr'>κατασκευῆς</span> <span class='ocrx_word' id='word_1_184' title='bbox 1702 1382 1785 1432; x_wconf 81' lang='grc' dir='ltr'>προοι·</span> 
     </span>
     <span class='ocr_line' id='line_1_13' title="bbox 192 1437 1785 1513; baseline 0.001 -21"><span class='ocrx_word' id='word_1_185' title='bbox 192 1440 238 1492; x_wconf 86' lang='grc' dir='ltr'>Καί</span> <span class='ocrx_word' id='word_1_186' title='bbox 251 1444 326 1494; x_wconf 90' lang='grc' dir='ltr'>ταῦτα</span> <span class='ocrx_word' id='word_1_187' title='bbox 344 1439 387 1510; x_wconf 79' lang='grc' dir='ltr'>μέν</span> <span class='ocrx_word' id='word_1_188' title='bbox 401 1438 510 1509; x_wconf 77' lang='grc' dir='ltr'>περὶτοῦ</span> <span class='ocrx_word' id='word_1_189' title='bbox 524 1438 616 1493; x_wconf 90' lang='grc' dir='ltr'>οἰκεῖον</span> <span class='ocrx_word' id='word_1_190' title='bbox 633 1437 697 1493; x_wconf 88' lang='grc' dir='ltr'>εἰναι</span> <span class='ocrx_word' id='word_1_191' title='bbox 710 1444 741 1513; x_wconf 78' lang='grc' dir='ltr'>τῆ</span> <span class='ocrx_word' id='word_1_192' title='bbox 755 1439 826 1495; x_wconf 90' lang='grc' dir='ltr'>πόλει</span> <span class='ocrx_word' id='word_1_193' title='bbox 837 1439 879 1493; x_wconf 89' lang='grc' dir='ltr'>τδν</span> <span class='ocrx_word' id='word_1_194' title='bbox 891 1438 966 1493; x_wconf 84' lang='grc' dir='ltr'>πόλι·</span> <span class='ocrx_word' id='word_1_195' title='bbox 1010 1444 1098 1511; x_wconf 90' lang='grc' dir='ltr'>μιακῆς</span> <span class='ocrx_word' id='word_1_196' title='bbox 1116 1439 1246 1512; x_wconf 87' lang='grc' dir='ltr'>εἰσήγαγε,</span> <span class='ocrx_word' id='word_1_197' title='bbox 1257 1439 1449 1511; x_wconf 65' lang='grc' dir='ltr'>προθεραπεύσας</span> <span class='ocrx_word' id='word_1_198' title='bbox 1464 1439 1542 1511; x_wconf 81' lang='grc' dir='ltr'>έαυτῷ</span> <span class='ocrx_word' id='word_1_199' title='bbox 1555 1439 1597 1492; x_wconf 79' lang='grc' dir='ltr'>τόν</span> <span class='ocrx_word' id='word_1_200' title='bbox 1611 1438 1732 1509; x_wconf 78' lang='grc' dir='ltr'>ἀκροατὴν</span> <span class='ocrx_word' id='word_1_201' title='bbox 1744 1441 1785 1494; x_wconf 84' lang='grc' dir='ltr'>καί</span> 
     </span>
     <span class='ocr_line' id='line_1_14' title="bbox 192 1516 1784 1591; baseline 0 -21"><span class='ocrx_word' id='word_1_202' title='bbox 192 1536 248 1586; x_wconf 86' lang='grc' dir='ltr'>μον.</span> <span class='ocrx_word' id='word_1_203' title='bbox 286 1517 334 1570; x_wconf 87' lang='grc' dir='ltr'>Τδν</span> <span class='ocrx_word' id='word_1_204' title='bbox 356 1516 383 1570; x_wconf 83' lang='grc' dir='ltr'>δέ</span> <span class='ocrx_word' id='word_1_205' title='bbox 404 1517 519 1588; x_wconf 73' lang='grc' dir='ltr'>περὶτῶν</span> <span class='ocrx_word' id='word_1_206' title='bbox 540 1520 675 1590; x_wconf 81' lang='grc' dir='ltr'>χρημάτων</span> <span class='ocrx_word' id='word_1_207' title='bbox 689 1518 767 1589; x_wconf 92' lang='grc' dir='ltr'>λόγον</span> <span class='ocrx_word' id='word_1_208' title='bbox 790 1518 921 1589; x_wconf 72' lang='grc' dir='ltr'>ἐγύμνασεν</span> <span class='ocrx_word' id='word_1_209' title='bbox 942 1517 966 1579; x_wconf 89' lang='grc' dir='ltr'>ἐξ</span> <span class='ocrx_word' id='word_1_210' title='bbox 1008 1519 1269 1591; x_wconf 87' lang='grc' dir='ltr'>προεπαγγελλόμενος</span> <span class='ocrx_word' id='word_1_211' title='bbox 1280 1519 1441 1589; x_wconf 82' lang='grc' dir='ltr'>κατορθώσειν</span> <span class='ocrx_word' id='word_1_212' title='bbox 1454 1517 1539 1579; x_wconf 75' lang='grc' dir='ltr'>αύτούς</span> <span class='ocrx_word' id='word_1_213' title='bbox 1552 1519 1656 1583; x_wconf 74' lang='grc' dir='ltr'>ἅπαντα,</span> <span class='ocrx_word' id='word_1_214' title='bbox 1672 1516 1694 1571; x_wconf 91' lang='grc' dir='ltr'>εἰ</span> <span class='ocrx_word' id='word_1_215' title='bbox 1708 1520 1784 1589; x_wconf 75' lang='grc' dir='ltr'>μόνον</span> 
     </span>
     <span class='ocr_line' id='line_1_15' title="bbox 190 1594 1786 1669; baseline 0.002 -23"><span class='ocrx_word' id='word_1_216' title='bbox 190 1594 340 1659; x_wconf 83' lang='grc' dir='ltr'>ἀντιθέσεως,</span> <span class='ocrx_word' id='word_1_217' title='bbox 351 1595 462 1657; x_wconf 76' lang='grc' dir='ltr'>συνιστὰς</span> <span class='ocrx_word' id='word_1_218' title='bbox 473 1595 589 1667; x_wconf 84' lang='grc' dir='ltr'>ύπάρχειν</span> <span class='ocrx_word' id='word_1_219' title='bbox 599 1597 671 1651; x_wconf 85' lang='grc' dir='ltr'>ίκανά</span> <span class='ocrx_word' id='word_1_220' title='bbox 681 1600 713 1669; x_wconf 75' lang='grc' dir='ltr'>τῇ</span> <span class='ocrx_word' id='word_1_221' title='bbox 718 1597 798 1661; x_wconf 91' lang='grc' dir='ltr'>πόλει,</span> <span class='ocrx_word' id='word_1_222' title='bbox 809 1596 831 1649; x_wconf 90' lang='grc' dir='ltr'>εἰ</span> <span class='ocrx_word' id='word_1_223' title='bbox 839 1596 966 1666; x_wconf 85' lang='grc' dir='ltr'>βούλοιντο</span> <span class='ocrx_word' id='word_1_224' title='bbox 1009 1600 1127 1652; x_wconf 79' lang='grc' dir='ltr'>πεισθεῖεν</span> <span class='ocrx_word' id='word_1_225' title='bbox 1141 1598 1217 1669; x_wconf 82' lang='grc' dir='ltr'>αύτῷ.</span> <span class='ocrx_word' id='word_1_226' title='bbox 1255 1598 1290 1650; x_wconf 86' lang='grc' dir='ltr'>Τδ</span> <span class='ocrx_word' id='word_1_227' title='bbox 1303 1597 1330 1650; x_wconf 88' lang='grc' dir='ltr'>δέ</span> <span class='ocrx_word' id='word_1_228' title='bbox 1340 1598 1421 1667; x_wconf 90' lang='grc' dir='ltr'>τρίτον</span> <span class='ocrx_word' id='word_1_229' title='bbox 1439 1596 1463 1659; x_wconf 87' lang='grc' dir='ltr'>ἐξ</span> <span class='ocrx_word' id='word_1_230' title='bbox 1472 1595 1614 1658; x_wconf 70' lang='grc' dir='ltr'>ἀντιθέσεως</span> <span class='ocrx_word' id='word_1_231' title='bbox 1628 1604 1734 1667; x_wconf 79' lang='grc' dir='ltr'>φανερῶς</span> <span class='ocrx_word' id='word_1_232' title='bbox 1744 1598 1786 1650; x_wconf 82' lang='grc' dir='ltr'>καί</span> 
     </span>
     <span class='ocr_line' id='line_1_16' title="bbox 189 1671 1784 1748; baseline 0.003 -24"><span class='ocrx_word' id='word_1_233' title='bbox 189 1672 262 1725; x_wconf 87' lang='grc' dir='ltr'>λῦσαι</span> <span class='ocrx_word' id='word_1_234' title='bbox 274 1673 317 1727; x_wconf 87' lang='grc' dir='ltr'>τδν</span> <span class='ocrx_word' id='word_1_235' title='bbox 338 1673 425 1744; x_wconf 88' lang='grc' dir='ltr'>νόμον,</span> <span class='ocrx_word' id='word_1_236' title='bbox 436 1675 465 1726; x_wconf 88' lang='grc' dir='ltr'>δν</span> <span class='ocrx_word' id='word_1_237' title='bbox 479 1673 604 1737; x_wconf 85' lang='grc' dir='ltr'>Εύόουλος</span> <span class='ocrx_word' id='word_1_238' title='bbox 617 1674 713 1742; x_wconf 81' lang='grc' dir='ltr'>έθηκεν.</span> <span class='ocrx_word' id='word_1_239' title='bbox 754 1674 799 1728; x_wconf 81' lang='grc' dir='ltr'>Ἔν</span> <span class='ocrx_word' id='word_1_240' title='bbox 813 1671 835 1746; x_wconf 82' lang='grc' dir='ltr'><strong>ᾤ</strong></span> <span class='ocrx_word' id='word_1_241' title='bbox 848 1675 889 1728; x_wconf 88' lang='grc' dir='ltr'>καί</span> <span class='ocrx_word' id='word_1_242' title='bbox 907 1677 964 1729; x_wconf 87' lang='grc' dir='ltr'>θαυ·</span> <span class='ocrx_word' id='word_1_243' title='bbox 1009 1675 1126 1748; x_wconf 87' lang='grc' dir='ltr'>λαμπρῶς</span> <span class='ocrx_word' id='word_1_244' title='bbox 1138 1677 1290 1748; x_wconf 83' lang='grc' dir='ltr'>εἰσηγμένης.</span> <span class='ocrx_word' id='word_1_245' title='bbox 1320 1676 1392 1729; x_wconf 82' lang='grc' dir='ltr'>Ἔστι</span> <span class='ocrx_word' id='word_1_246' title='bbox 1401 1677 1481 1728; x_wconf 89' lang='grc' dir='ltr'>τοίνυν</span> <span class='ocrx_word' id='word_1_247' title='bbox 1497 1674 1528 1728; x_wconf 87' lang='grc' dir='ltr'>τά</span> <span class='ocrx_word' id='word_1_248' title='bbox 1539 1674 1657 1727; x_wconf 84' lang='grc' dir='ltr'>ἀνωτάτω</span> <span class='ocrx_word' id='word_1_249' title='bbox 1666 1676 1784 1746; x_wconf 89' lang='grc' dir='ltr'>κεφάλαια</span> 
     </span>
     <span class='ocr_line' id='line_1_17' title="bbox 190 1750 1783 1826; baseline 0.003 -22"><span class='ocrx_word' id='word_1_250' title='bbox 190 1753 287 1821; x_wconf 82' lang='grc' dir='ltr'>μάστιεν</span> <span class='ocrx_word' id='word_1_251' title='bbox 301 1751 330 1804; x_wconf 85' lang='grc' dir='ltr'>ἀν</span> <span class='ocrx_word' id='word_1_252' title='bbox 346 1770 381 1813; x_wconf 89' lang='grc' dir='ltr'>τις</span> <span class='ocrx_word' id='word_1_253' title='bbox 398 1750 472 1805; x_wconf 86' lang='grc' dir='ltr'>αύτοῦ</span> <span class='ocrx_word' id='word_1_254' title='bbox 491 1751 535 1817; x_wconf 81' lang='grc' dir='ltr'>τὴν</span> <span class='ocrx_word' id='word_1_255' title='bbox 557 1755 720 1825; x_wconf 89' lang='grc' dir='ltr'>μεταχείρισιν</span> <span class='ocrx_word' id='word_1_256' title='bbox 739 1754 780 1806; x_wconf 84' lang='grc' dir='ltr'>καί</span> <span class='ocrx_word' id='word_1_257' title='bbox 798 1753 827 1806; x_wconf 85' lang='grc' dir='ltr'>τδ</span> <span class='ocrx_word' id='word_1_258' title='bbox 846 1752 965 1824; x_wconf 84' lang='grc' dir='ltr'>ύπερόάλ-</span> <span class='ocrx_word' id='word_1_259' title='bbox 1008 1759 1051 1807; x_wconf 92' lang='grc' dir='ltr'>τοῦ</span> <span class='ocrx_word' id='word_1_260' title='bbox 1069 1754 1147 1825; x_wconf 92' lang='grc' dir='ltr'>λόγου</span> <span class='ocrx_word' id='word_1_261' title='bbox 1166 1757 1225 1819; x_wconf 88' lang='grc' dir='ltr'>δύο,</span> <span class='ocrx_word' id='word_1_262' title='bbox 1240 1756 1275 1807; x_wconf 79' lang='grc' dir='ltr'>εδ</span> <span class='ocrx_word' id='word_1_263' title='bbox 1293 1756 1412 1826; x_wconf 73' lang='grc' dir='ltr'>συμφέρον</span> <span class='ocrx_word' id='word_1_264' title='bbox 1438 1755 1479 1807; x_wconf 81' lang='grc' dir='ltr'>καί</span> <span class='ocrx_word' id='word_1_265' title='bbox 1496 1754 1525 1807; x_wconf 87' lang='grc' dir='ltr'>εδ</span> <span class='ocrx_word' id='word_1_266' title='bbox 1544 1755 1656 1808; x_wconf 89' lang='grc' dir='ltr'>δυνατόν.</span> <span class='ocrx_word' id='word_1_267' title='bbox 1705 1756 1783 1808; x_wconf 86' lang='grc' dir='ltr'>Κατα·</span> 
     </span>
     <span class='ocr_line' id='line_1_18' title="bbox 189 1828 1783 1904; baseline 0.003 -24"><span class='ocrx_word' id='word_1_268' title='bbox 189 1828 234 1881; x_wconf 93' lang='grc' dir='ltr'>λον</span> <span class='ocrx_word' id='word_1_269' title='bbox 245 1834 288 1896; x_wconf 83' lang='grc' dir='ltr'>τῆς</span> <span class='ocrx_word' id='word_1_270' title='bbox 298 1829 443 1897; x_wconf 89' lang='grc' dir='ltr'>δεινότητος.</span> <span class='ocrx_word' id='word_1_271' title='bbox 481 1829 561 1892; x_wconf 83' lang='grc' dir='ltr'>Εἰδὼς</span> <span class='ocrx_word' id='word_1_272' title='bbox 571 1830 620 1901; x_wconf 89' lang='grc' dir='ltr'>γάρ</span> <span class='ocrx_word' id='word_1_273' title='bbox 633 1833 822 1902; x_wconf 77' lang='grc' dir='ltr'>δυσχερέστατον</span> <span class='ocrx_word' id='word_1_274' title='bbox 842 1829 906 1884; x_wconf 74' lang='grc' dir='ltr'>εἶναι</span> <span class='ocrx_word' id='word_1_275' title='bbox 921 1833 963 1885; x_wconf 81' lang='grc' dir='ltr'>τὀν</span> <span class='ocrx_word' id='word_1_276' title='bbox 1008 1835 1118 1895; x_wconf 85' lang='grc' dir='ltr'>σκευάζει</span> <span class='ocrx_word' id='word_1_277' title='bbox 1138 1833 1165 1886; x_wconf 84' lang='grc' dir='ltr'>δέ</span> <span class='ocrx_word' id='word_1_278' title='bbox 1183 1832 1222 1885; x_wconf 77' lang='grc' dir='ltr'>διὰ</span> <span class='ocrx_word' id='word_1_279' title='bbox 1235 1833 1276 1904; x_wconf 84' lang='grc' dir='ltr'>μέν</span> <span class='ocrx_word' id='word_1_280' title='bbox 1293 1837 1336 1885; x_wconf 92' lang='grc' dir='ltr'>τοῦ</span> <span class='ocrx_word' id='word_1_281' title='bbox 1352 1833 1512 1902; x_wconf 87' lang='grc' dir='ltr'>συμφέροντος</span> <span class='ocrx_word' id='word_1_282' title='bbox 1529 1833 1557 1884; x_wconf 82' lang='grc' dir='ltr'>εδ</span> <span class='ocrx_word' id='word_1_283' title='bbox 1570 1834 1631 1902; x_wconf 89' lang='grc' dir='ltr'>μήτε</span> <span class='ocrx_word' id='word_1_284' title='bbox 1652 1831 1783 1902; x_wconf 87' lang='grc' dir='ltr'>ἀλλότριον</span> 
     </span>
     <span class='ocr_line' id='line_1_19' title="bbox 188 1905 1782 1983; baseline 0.006 -25"><span class='ocrx_word' id='word_1_285' title='bbox 188 1905 265 1976; x_wconf 90' lang='grc' dir='ltr'>λόγον</span> <span class='ocrx_word' id='word_1_286' title='bbox 281 1911 333 1969; x_wconf 88' lang='grc' dir='ltr'>τοῖς</span> <span class='ocrx_word' id='word_1_287' title='bbox 346 1906 460 1961; x_wconf 87' lang='grc' dir='ltr'>ἀκούουσι</span> <span class='ocrx_word' id='word_1_288' title='bbox 473 1909 515 1961; x_wconf 90' lang='grc' dir='ltr'>καί</span> <span class='ocrx_word' id='word_1_289' title='bbox 524 1908 568 1962; x_wconf 85' lang='grc' dir='ltr'>ούκ</span> <span class='ocrx_word' id='word_1_290' title='bbox 577 1912 607 1961; x_wconf 82' lang='grc' dir='ltr'>άν</span> <span class='ocrx_word' id='word_1_291' title='bbox 623 1909 699 1976; x_wconf 80' lang='grc' dir='ltr'>ῆδέως</span> <span class='ocrx_word' id='word_1_292' title='bbox 707 1909 876 1979; x_wconf 80' lang='grc' dir='ltr'>προσιεμένους</span> <span class='ocrx_word' id='word_1_293' title='bbox 884 1909 963 1976; x_wconf 82' lang='grc' dir='ltr'>ἀλλην</span> <span class='ocrx_word' id='word_1_294' title='bbox 1008 1910 1072 1963; x_wconf 87' lang='grc' dir='ltr'>εἰναι</span> <span class='ocrx_word' id='word_1_295' title='bbox 1084 1912 1126 1964; x_wconf 79' lang='grc' dir='ltr'>τόν</span> <span class='ocrx_word' id='word_1_296' title='bbox 1138 1911 1247 1983; x_wconf 90' lang='grc' dir='ltr'>πόλεμον</span> <span class='ocrx_word' id='word_1_297' title='bbox 1263 1912 1322 1982; x_wconf 89' lang='grc' dir='ltr'>μήτε</span> <span class='ocrx_word' id='word_1_298' title='bbox 1335 1910 1392 1980; x_wconf 85' lang='grc' dir='ltr'>ύπέρ</span> <span class='ocrx_word' id='word_1_299' title='bbox 1404 1917 1503 1981; x_wconf 88' lang='grc' dir='ltr'>μικρῶν.</span> <span class='ocrx_word' id='word_1_300' title='bbox 1540 1913 1581 1983; x_wconf 82' lang='grc' dir='ltr'>Τῷ</span> <span class='ocrx_word' id='word_1_301' title='bbox 1590 1912 1633 1982; x_wconf 84' lang='grc' dir='ltr'>μὲν</span> <span class='ocrx_word' id='word_1_302' title='bbox 1642 1912 1690 1983; x_wconf 89' lang='grc' dir='ltr'>γάρ</span> <span class='ocrx_word' id='word_1_303' title='bbox 1701 1914 1782 1967; x_wconf 88' lang='grc' dir='ltr'>δοκεῖν</span> 
     </span>
     <span class='ocr_line' id='line_1_20' title="bbox 189 1985 1780 2061; baseline 0.004 -24"><span class='ocrx_word' id='word_1_304' title='bbox 189 1985 299 2057; x_wconf 83' lang='grc' dir='ltr'>ἀνάγκην</span> <span class='ocrx_word' id='word_1_305' title='bbox 319 1985 402 2049; x_wconf 85' lang='grc' dir='ltr'>αύτοῖς</span> <span class='ocrx_word' id='word_1_306' title='bbox 415 1987 522 2058; x_wconf 80' lang='grc' dir='ltr'>ἐφίστησι</span> <span class='ocrx_word' id='word_1_307' title='bbox 544 1989 654 2060; x_wconf 82' lang='grc' dir='ltr'>μείζονα.</span> <span class='ocrx_word' id='word_1_308' title='bbox 693 1988 760 2055; x_wconf 79' lang='grc' dir='ltr'>Φησὶ</span> <span class='ocrx_word' id='word_1_309' title='bbox 774 1987 822 2058; x_wconf 80' lang='grc' dir='ltr'>γάρ</span> <span class='ocrx_word' id='word_1_310' title='bbox 842 1989 894 2041; x_wconf 91' lang='grc' dir='ltr'>δεῖν</span> <span class='ocrx_word' id='word_1_311' title='bbox 913 1988 962 2041; x_wconf 82' lang='grc' dir='ltr'>εἰσ·</span> <span class='ocrx_word' id='word_1_312' title='bbox 1007 1988 1047 2043; x_wconf 79' lang='grc' dir='ltr'>ἐπὶ</span> <span class='ocrx_word' id='word_1_313' title='bbox 1059 1989 1154 2060; x_wconf 81' lang='grc' dir='ltr'>θρᾴκης</span> <span class='ocrx_word' id='word_1_314' title='bbox 1172 1989 1255 2054; x_wconf 86' lang='grc' dir='ltr'>ἔσται,</span> <span class='ocrx_word' id='word_1_315' title='bbox 1277 1994 1308 2061; x_wconf 81' lang='grc' dir='ltr'>τῇ</span> <span class='ocrx_word' id='word_1_316' title='bbox 1327 1989 1354 2042; x_wconf 87' lang='grc' dir='ltr'>δέ</span> <span class='ocrx_word' id='word_1_317' title='bbox 1368 1988 1471 2058; x_wconf 80' lang='grc' dir='ltr'>ἀληθείᾳ</span> <span class='ocrx_word' id='word_1_318' title='bbox 1489 1989 1547 2059; x_wconf 85' lang='grc' dir='ltr'>ύπέρ</span> <span class='ocrx_word' id='word_1_319' title='bbox 1565 1989 1639 2056; x_wconf 88' lang='grc' dir='ltr'>αύτῆς</span> <span class='ocrx_word' id='word_1_320' title='bbox 1660 1989 1780 2058; x_wconf 85' lang='grc' dir='ltr'>Ἆττικῆς,</span> 
     </span>
     <span class='ocr_line' id='line_1_21' title="bbox 187 2066 1780 2139; baseline 0.003 -21"><span class='ocrx_word' id='word_1_321' title='bbox 187 2067 265 2135; x_wconf 86' lang='grc' dir='ltr'>φέρειν</span> <span class='ocrx_word' id='word_1_322' title='bbox 292 2067 405 2131; x_wconf 77' lang='grc' dir='ltr'>ἕκαστον,</span> <span class='ocrx_word' id='word_1_323' title='bbox 433 2066 461 2119; x_wconf 81' lang='grc' dir='ltr'>ού</span> <span class='ocrx_word' id='word_1_324' title='bbox 488 2073 537 2120; x_wconf 91' lang='grc' dir='ltr'>τῶν</span> <span class='ocrx_word' id='word_1_325' title='bbox 561 2067 684 2122; x_wconf 90' lang='grc' dir='ltr'>πλουσίων</span> <span class='ocrx_word' id='word_1_326' title='bbox 712 2068 798 2138; x_wconf 89' lang='grc' dir='ltr'>μόνον,</span> <span class='ocrx_word' id='word_1_327' title='bbox 831 2066 897 2118; x_wconf 83' lang='grc' dir='ltr'>ἀλλά</span> <span class='ocrx_word' id='word_1_328' title='bbox 922 2069 964 2121; x_wconf 86' lang='grc' dir='ltr'>καί</span> <span class='ocrx_word' id='word_1_329' title='bbox 1006 2067 1064 2138; x_wconf 85' lang='grc' dir='ltr'>ύπὲρ</span> <span class='ocrx_word' id='word_1_330' title='bbox 1085 2068 1163 2121; x_wconf 79' lang='grc' dir='ltr'>αἰετῶν</span> <span class='ocrx_word' id='word_1_331' title='bbox 1191 2067 1332 2134; x_wconf 71' lang='grc' dir='ltr'>Ἀθηναίων,</span> <span class='ocrx_word' id='word_1_332' title='bbox 1357 2066 1415 2137; x_wconf 87' lang='grc' dir='ltr'>ύπέρ</span> <span class='ocrx_word' id='word_1_333' title='bbox 1439 2067 1522 2134; x_wconf 92' lang='grc' dir='ltr'>δόξης,</span> <span class='ocrx_word' id='word_1_334' title='bbox 1550 2067 1608 2138; x_wconf 82' lang='grc' dir='ltr'>ύπέρ</span> <span class='ocrx_word' id='word_1_335' title='bbox 1633 2069 1780 2139; x_wconf 89' lang='grc' dir='ltr'>φιλοτιμίας.</span> 
     </span>
     <span class='ocr_line' id='line_1_22' title="bbox 190 2143 1782 2217; baseline 0.002 -19"><span class='ocrx_word' id='word_1_336' title='bbox 190 2146 288 2199; x_wconf 87' lang='grc' dir='ltr'>πάντων</span> <span class='ocrx_word' id='word_1_337' title='bbox 303 2144 385 2207; x_wconf 85' lang='grc' dir='ltr'>άπλῶς</span> <span class='ocrx_word' id='word_1_338' title='bbox 391 2185 399 2211; x_wconf 92' lang='grc'>,</span> <span class='ocrx_word' id='word_1_339' title='bbox 410 2145 445 2197; x_wconf 83' lang='grc' dir='ltr'>ἵν’</span> <span class='ocrx_word' id='word_1_340' title='bbox 458 2145 630 2217; x_wconf 84' lang='grc' dir='ltr'>εῦλαόούμενοι</span> <span class='ocrx_word' id='word_1_341' title='bbox 646 2144 690 2211; x_wconf 81' lang='grc' dir='ltr'>τὴν</span> <span class='ocrx_word' id='word_1_342' title='bbox 708 2145 735 2198; x_wconf 89' lang='grc' dir='ltr'>ἐκ</span> <span class='ocrx_word' id='word_1_343' title='bbox 745 2150 793 2197; x_wconf 90' lang='grc' dir='ltr'>τῶν</span> <span class='ocrx_word' id='word_1_344' title='bbox 807 2143 902 2198; x_wconf 85' lang='grc' dir='ltr'>οἰκείων</span> <span class='ocrx_word' id='word_1_345' title='bbox 914 2145 963 2198; x_wconf 88' lang='grc' dir='ltr'>εἰσ·</span> <span class='ocrx_word' id='word_1_346' title='bbox 1005 2147 1087 2199; x_wconf 88' lang='grc' dir='ltr'>Τοῦτο</span> <span class='ocrx_word' id='word_1_347' title='bbox 1096 2146 1122 2200; x_wconf 85' lang='grc' dir='ltr'>δὲ</span> <span class='ocrx_word' id='word_1_348' title='bbox 1135 2147 1251 2208; x_wconf 90' lang='grc' dir='ltr'>ποικίλως</span> <span class='ocrx_word' id='word_1_349' title='bbox 1261 2148 1445 2211; x_wconf 86' lang='grc' dir='ltr'>κατεσκεύασεν,</span> <span class='ocrx_word' id='word_1_350' title='bbox 1455 2145 1484 2199; x_wconf 85' lang='grc' dir='ltr'>σύ</span> <span class='ocrx_word' id='word_1_351' title='bbox 1497 2148 1572 2216; x_wconf 91' lang='grc' dir='ltr'>μόνον</span> <span class='ocrx_word' id='word_1_352' title='bbox 1583 2146 1609 2199; x_wconf 89' lang='grc' dir='ltr'>ἐκ</span> <span class='ocrx_word' id='word_1_353' title='bbox 1618 2153 1666 2199; x_wconf 88' lang='grc' dir='ltr'>τῶν</span> <span class='ocrx_word' id='word_1_354' title='bbox 1678 2146 1782 2210; x_wconf 77' lang='grc' dir='ltr'>ἐνδόξων</span> 
     </span>
     <span class='ocr_line' id='line_1_23' title="bbox 188 2222 1782 2296; baseline 0.002 -21"><span class='ocrx_word' id='word_1_355' title='bbox 188 2222 265 2294; x_wconf 84' lang='grc' dir='ltr'>φοράν</span> <span class='ocrx_word' id='word_1_356' title='bbox 291 2223 396 2277; x_wconf 76' lang='grc' dir='ltr'>ἕλωνται</span> <span class='ocrx_word' id='word_1_357' title='bbox 420 2224 462 2278; x_wconf 81' lang='grc' dir='ltr'>τόν</span> <span class='ocrx_word' id='word_1_358' title='bbox 490 2225 566 2295; x_wconf 91' lang='grc' dir='ltr'>νόμον</span> <span class='ocrx_word' id='word_1_359' title='bbox 592 2224 731 2296; x_wconf 77' lang='grc' dir='ltr'>ἐξαλεῖψαι,</span> <span class='ocrx_word' id='word_1_360' title='bbox 754 2223 785 2276; x_wconf 88' lang='grc' dir='ltr'>δι’</span> <span class='ocrx_word' id='word_1_361' title='bbox 812 2224 840 2276; x_wconf 89' lang='grc' dir='ltr'>δν</span> <span class='ocrx_word' id='word_1_362' title='bbox 865 2224 963 2276; x_wconf 88' lang='grc' dir='ltr'>δοκοῦσι</span> <span class='ocrx_word' id='word_1_363' title='bbox 1006 2223 1047 2275; x_wconf 85' lang='grc' dir='ltr'>καί</span> <span class='ocrx_word' id='word_1_364' title='bbox 1061 2230 1250 2294; x_wconf 77' lang='grc' dir='ltr'>προτρεπτικῶν,</span> <span class='ocrx_word' id='word_1_365' title='bbox 1264 2223 1331 2276; x_wconf 88' lang='grc' dir='ltr'>ἀλλά</span> <span class='ocrx_word' id='word_1_366' title='bbox 1343 2226 1384 2278; x_wconf 82' lang='grc' dir='ltr'>καί</span> <span class='ocrx_word' id='word_1_367' title='bbox 1396 2225 1480 2280; x_wconf 83' lang='grc' dir='ltr'>ἐκτῶν</span> <span class='ocrx_word' id='word_1_368' title='bbox 1494 2224 1675 2296; x_wconf 88' lang='grc' dir='ltr'>ἀντικειμένων,</span> <span class='ocrx_word' id='word_1_369' title='bbox 1690 2228 1782 2289; x_wconf 76' lang='grc' dir='ltr'>δεικνύς</span> 
     </span>
     <span class='ocr_line' id='line_1_24' title="bbox 188 2300 1782 2376; baseline 0.002 -23"><span class='ocrx_word' id='word_1_370' title='bbox 188 2302 261 2374; x_wconf 78' lang='grc' dir='ltr'>μικρά</span> <span class='ocrx_word' id='word_1_371' title='bbox 275 2304 413 2375; x_wconf 88' lang='grc' dir='ltr'>κερδαίνειν,</span> <span class='ocrx_word' id='word_1_372' title='bbox 452 2304 499 2356; x_wconf 89' lang='grc' dir='ltr'>Καί</span> <span class='ocrx_word' id='word_1_373' title='bbox 520 2303 570 2357; x_wconf 82' lang='grc' dir='ltr'>ἐστι</span> <span class='ocrx_word' id='word_1_374' title='bbox 586 2309 659 2358; x_wconf 92' lang='grc' dir='ltr'>τοῦτο</span> <span class='ocrx_word' id='word_1_375' title='bbox 672 2304 701 2358; x_wconf 77' lang='grc' dir='ltr'>τό</span> <span class='ocrx_word' id='word_1_376' title='bbox 723 2305 792 2376; x_wconf 88' lang='grc' dir='ltr'>μέρος</span> <span class='ocrx_word' id='word_1_377' title='bbox 813 2302 961 2374; x_wconf 75' lang='grc' dir='ltr'>περιεκτικόν</span> <span class='ocrx_word' id='word_1_378' title='bbox 1006 2301 1051 2368; x_wconf 87' lang='grc' dir='ltr'>όση</span> <span class='ocrx_word' id='word_1_379' title='bbox 1075 2300 1178 2372; x_wconf 83' lang='grc' dir='ltr'>αἰσχύνη</span> <span class='ocrx_word' id='word_1_380' title='bbox 1202 2304 1243 2355; x_wconf 84' lang='grc' dir='ltr'>καί</span> <span class='ocrx_word' id='word_1_381' title='bbox 1269 2304 1328 2355; x_wconf 79' lang='grc' dir='ltr'>ὅσον</span> <span class='ocrx_word' id='word_1_382' title='bbox 1347 2304 1439 2365; x_wconf 82' lang='grc' dir='ltr'>ὄνειδος</span> <span class='ocrx_word' id='word_1_383' title='bbox 1461 2305 1582 2373; x_wconf 78' lang='grc' dir='ltr'>περιέσται</span> <span class='ocrx_word' id='word_1_384' title='bbox 1604 2303 1738 2374; x_wconf 80' lang='grc' dir='ltr'>τῆπόλει,</span> <span class='ocrx_word' id='word_1_385' title='bbox 1760 2304 1782 2357; x_wconf 90' lang='grc' dir='ltr'>εἰ</span> 
     </span>
     <span class='ocr_line' id='line_1_25' title="bbox 188 2380 1781 2453; baseline 0.001 -21"><span class='ocrx_word' id='word_1_386' title='bbox 188 2380 273 2450; x_wconf 86' lang='grc' dir='ltr'>μέρους</span> <span class='ocrx_word' id='word_1_387' title='bbox 297 2385 340 2433; x_wconf 92' lang='grc' dir='ltr'>τοῦ</span> <span class='ocrx_word' id='word_1_388' title='bbox 367 2382 470 2435; x_wconf 81' lang='grc' dir='ltr'>δυνατοῦ</span> <span class='ocrx_word' id='word_1_389' title='bbox 496 2387 544 2435; x_wconf 88' lang='grc' dir='ltr'>τῶν</span> <span class='ocrx_word' id='word_1_390' title='bbox 573 2380 712 2450; x_wconf 71' lang='grc' dir='ltr'>Ἀθηναίων.</span> <span class='ocrx_word' id='word_1_391' title='bbox 749 2382 797 2434; x_wconf 81' lang='grc' dir='ltr'>Καί</span> <span class='ocrx_word' id='word_1_392' title='bbox 822 2383 851 2434; x_wconf 87' lang='grc' dir='ltr'>δν</span> <span class='ocrx_word' id='word_1_393' title='bbox 874 2382 961 2452; x_wconf 87' lang='grc' dir='ltr'>τρόπον</span> <span class='ocrx_word' id='word_1_394' title='bbox 1005 2382 1146 2449; x_wconf 85' lang='grc' dir='ltr'>περιὶδοῦσα</span> <span class='ocrx_word' id='word_1_395' title='bbox 1157 2384 1243 2435; x_wconf 88' lang='grc' dir='ltr'>τοῦτον</span> <span class='ocrx_word' id='word_1_396' title='bbox 1253 2381 1295 2433; x_wconf 79' lang='grc' dir='ltr'>τόν</span> <span class='ocrx_word' id='word_1_397' title='bbox 1306 2381 1542 2453; x_wconf 82' lang='grc' dir='ltr'>πόλεμονύπίρτῶν</span> <span class='ocrx_word' id='word_1_398' title='bbox 1556 2381 1651 2434; x_wconf 81' lang='grc' dir='ltr'>οἰκείων</span> <span class='ocrx_word' id='word_1_399' title='bbox 1665 2382 1705 2434; x_wconf 79' lang='grc' dir='ltr'>καί</span> <span class='ocrx_word' id='word_1_400' title='bbox 1723 2382 1781 2453; x_wconf 75' lang='grc' dir='ltr'>ύπὶρ</span> 
     </span>
     <span class='ocr_line' id='line_1_26' title="bbox 187 2456 1780 2531; baseline 0.001 -21"><span class='ocrx_word' id='word_1_401' title='bbox 187 2456 212 2510; x_wconf 86' lang='grc' dir='ltr'>ἐν</span> <span class='ocrx_word' id='word_1_402' title='bbox 230 2460 284 2520; x_wconf 86' lang='grc' dir='ltr'>ταῖς</span> <span class='ocrx_word' id='word_1_403' title='bbox 302 2463 462 2522; x_wconf 77' lang='grc' dir='ltr'>κατασκευαῖς</span> <span class='ocrx_word' id='word_1_404' title='bbox 479 2466 522 2513; x_wconf 81' lang='grc' dir='ltr'>τοῦ</span> <span class='ocrx_word' id='word_1_405' title='bbox 537 2461 667 2531; x_wconf 89' lang='grc' dir='ltr'>προσήκειν</span> <span class='ocrx_word' id='word_1_406' title='bbox 686 2460 768 2522; x_wconf 88' lang='grc' dir='ltr'>αύτσῖς</span> <span class='ocrx_word' id='word_1_407' title='bbox 789 2461 831 2513; x_wconf 86' lang='grc' dir='ltr'>τδν</span> <span class='ocrx_word' id='word_1_408' title='bbox 847 2460 958 2530; x_wconf 88' lang='grc' dir='ltr'>πόλεμον</span> <span class='ocrx_word' id='word_1_409' title='bbox 1005 2462 1047 2524; x_wconf 88' lang='grc' dir='ltr'>τῆς</span> <span class='ocrx_word' id='word_1_410' title='bbox 1058 2461 1140 2529; x_wconf 86' lang='grc' dir='ltr'>χώρας</span> <span class='ocrx_word' id='word_1_411' title='bbox 1157 2458 1230 2525; x_wconf 84' lang='grc' dir='ltr'>αύτῆς</span> <span class='ocrx_word' id='word_1_412' title='bbox 1245 2460 1427 2513; x_wconf 89' lang='grc' dir='ltr'>κινδυνεύσειεν.</span> <span class='ocrx_word' id='word_1_413' title='bbox 1466 2458 1530 2512; x_wconf 85' lang='grc' dir='ltr'>Εἰτα</span> <span class='ocrx_word' id='word_1_414' title='bbox 1549 2460 1590 2512; x_wconf 88' lang='grc' dir='ltr'>καί</span> <span class='ocrx_word' id='word_1_415' title='bbox 1605 2459 1632 2512; x_wconf 91' lang='grc' dir='ltr'>ἐκ</span> <span class='ocrx_word' id='word_1_416' title='bbox 1645 2464 1688 2511; x_wconf 88' lang='grc' dir='ltr'>τοῦ</span> <span class='ocrx_word' id='word_1_417' title='bbox 1703 2459 1780 2524; x_wconf 88' lang='grc' dir='ltr'>ζήλου</span> 
     </span>
     <span class='ocr_line' id='line_1_27' title="bbox 187 2536 1779 2608; baseline 0 -19"><span class='ocrx_word' id='word_1_418' title='bbox 187 2537 317 2605; x_wconf 79' lang='grc' dir='ltr'>μετέστησε</span> <span class='ocrx_word' id='word_1_419' title='bbox 329 2536 371 2590; x_wconf 86' lang='grc' dir='ltr'>τδν</span> <span class='ocrx_word' id='word_1_420' title='bbox 390 2537 465 2606; x_wconf 84' lang='grc' dir='ltr'>φόόον</span> <span class='ocrx_word' id='word_1_421' title='bbox 478 2537 515 2590; x_wconf 83' lang='grc' dir='ltr'>ἐπ’</span> <span class='ocrx_word' id='word_1_422' title='bbox 527 2537 621 2603; x_wconf 80' lang='grc' dir='ltr'>αύτούς,</span> <span class='ocrx_word' id='word_1_423' title='bbox 635 2539 678 2590; x_wconf 82' lang='grc' dir='ltr'>ἵνα</span> <span class='ocrx_word' id='word_1_424' title='bbox 700 2538 732 2608; x_wconf 76' lang='grc' dir='ltr'>μή</span> <span class='ocrx_word' id='word_1_425' title='bbox 748 2539 781 2600; x_wconf 80' lang='grc' dir='ltr'>ὡς</span> <span class='ocrx_word' id='word_1_426' title='bbox 796 2538 852 2608; x_wconf 88' lang='grc' dir='ltr'>ύπέρ</span> <span class='ocrx_word' id='word_1_427' title='bbox 872 2537 959 2590; x_wconf 86' lang='grc' dir='ltr'>Ὀλυν·</span> <span class='ocrx_word' id='word_1_428' title='bbox 1005 2541 1048 2587; x_wconf 90' lang='grc' dir='ltr'>τοῦ</span> <span class='ocrx_word' id='word_1_429' title='bbox 1060 2537 1118 2607; x_wconf 80' lang='grc' dir='ltr'>πρδς</span> <span class='ocrx_word' id='word_1_430' title='bbox 1129 2537 1171 2589; x_wconf 85' lang='grc' dir='ltr'>τδν</span> <span class='ocrx_word' id='word_1_431' title='bbox 1189 2538 1317 2607; x_wconf 90' lang='grc' dir='ltr'>πολέμιον,</span> <span class='ocrx_word' id='word_1_432' title='bbox 1329 2538 1363 2599; x_wconf 81' lang='grc' dir='ltr'>ὣς</span> <span class='ocrx_word' id='word_1_433' title='bbox 1377 2537 1479 2608; x_wconf 79' lang='grc' dir='ltr'>αἰσχρόν</span> <span class='ocrx_word' id='word_1_434' title='bbox 1494 2537 1587 2591; x_wconf 87' lang='grc' dir='ltr'>ἐκεῖνον</span> <span class='ocrx_word' id='word_1_435' title='bbox 1602 2537 1644 2607; x_wconf 79' lang='grc' dir='ltr'>μὲν</span> <span class='ocrx_word' id='word_1_436' title='bbox 1656 2537 1697 2589; x_wconf 81' lang='grc' dir='ltr'>διὰ</span> <span class='ocrx_word' id='word_1_437' title='bbox 1709 2536 1779 2606; x_wconf 90' lang='grc' dir='ltr'>φιλο-</span> 
     </span>
     <span class='ocr_line' id='line_1_28' title="bbox 186 2612 1780 2687; baseline 0.003 -22"><span class='ocrx_word' id='word_1_438' title='bbox 186 2614 255 2679; x_wconf 89' lang='grc' dir='ltr'>θίων,</span> <span class='ocrx_word' id='word_1_439' title='bbox 276 2612 333 2665; x_wconf 88' lang='grc' dir='ltr'>ἀλλ’</span> <span class='ocrx_word' id='word_1_440' title='bbox 343 2615 376 2675; x_wconf 85' lang='grc' dir='ltr'>ῶς</span> <span class='ocrx_word' id='word_1_441' title='bbox 389 2614 446 2684; x_wconf 81' lang='grc' dir='ltr'>ύπὲρ</span> <span class='ocrx_word' id='word_1_442' title='bbox 463 2614 541 2667; x_wconf 80' lang='grc' dir='ltr'>αἰετῶν</span> <span class='ocrx_word' id='word_1_443' title='bbox 556 2615 732 2684; x_wconf 88' lang='grc' dir='ltr'>βουλεύωνται,</span> <span class='ocrx_word' id='word_1_444' title='bbox 746 2620 833 2669; x_wconf 91' lang='grc' dir='ltr'>τοῦτον</span> <span class='ocrx_word' id='word_1_445' title='bbox 847 2617 889 2669; x_wconf 88' lang='grc' dir='ltr'>τδν</span> <span class='ocrx_word' id='word_1_446' title='bbox 903 2618 960 2687; x_wconf 80' lang='grc' dir='ltr'>τρό·</span> <span class='ocrx_word' id='word_1_447' title='bbox 1004 2615 1089 2667; x_wconf 86' lang='grc' dir='ltr'>πονίαν</span> <span class='ocrx_word' id='word_1_448' title='bbox 1104 2615 1198 2667; x_wconf 74' lang='grc' dir='ltr'>ἅπαντα</span> <span class='ocrx_word' id='word_1_449' title='bbox 1214 2617 1356 2685; x_wconf 77' lang='grc' dir='ltr'>κατορθοῦν,</span> <span class='ocrx_word' id='word_1_450' title='bbox 1373 2614 1508 2680; x_wconf 71' lang='grc' dir='ltr'>Ἀθηναίους</span> <span class='ocrx_word' id='word_1_451' title='bbox 1526 2616 1566 2677; x_wconf 78' lang='grc' dir='ltr'>δὲ,</span> <span class='ocrx_word' id='word_1_452' title='bbox 1583 2616 1712 2669; x_wconf 76' lang='grc' dir='ltr'>καὶταῦτα</span> <span class='ocrx_word' id='word_1_453' title='bbox 1725 2618 1780 2678; x_wconf 79' lang='grc' dir='ltr'>τοῦς</span> 
     </span>
     <span class='ocr_line' id='line_1_29' title="bbox 189 2692 1779 2770; baseline 0 -23"><span class='ocrx_word' id='word_1_454' title='bbox 189 2714 235 2747; x_wconf 91' lang='grc' dir='ltr'>πον</span> <span class='ocrx_word' id='word_1_455' title='bbox 247 2695 367 2748; x_wconf 86' lang='grc' dir='ltr'>κάνταῦθα</span> <span class='ocrx_word' id='word_1_456' title='bbox 383 2697 536 2765; x_wconf 78' lang='grc' dir='ltr'>περιέστησεν</span> <span class='ocrx_word' id='word_1_457' title='bbox 556 2697 638 2759; x_wconf 86' lang='grc' dir='ltr'>αἰετοῖς</span> <span class='ocrx_word' id='word_1_458' title='bbox 652 2699 783 2768; x_wconf 90' lang='grc' dir='ltr'>φροντίδα,</span> <span class='ocrx_word' id='word_1_459' title='bbox 803 2697 835 2768; x_wconf 77' lang='grc' dir='ltr'>μή</span> <span class='ocrx_word' id='word_1_460' title='bbox 852 2700 960 2770; x_wconf 71' lang='grc' dir='ltr'>περὶτοῦ</span> <span class='ocrx_word' id='word_1_461' title='bbox 1005 2694 1072 2755; x_wconf 65' lang='grc' dir='ltr'>θεοθς</span> <span class='ocrx_word' id='word_1_462' title='bbox 1091 2693 1194 2762; x_wconf 69' lang='grc' dir='ltr'>ἐχῡνῖας</span> <span class='ocrx_word' id='word_1_463' title='bbox 1209 2694 1250 2745; x_wconf 55' lang='grc' dir='ltr'>καί</span> <span class='ocrx_word' id='word_1_464' title='bbox 1269 2692 1313 2758; x_wconf 66' lang='grc' dir='ltr'>ῐθν</span> <span class='ocrx_word' id='word_1_465' title='bbox 1332 2694 1409 2762; x_wconf 69' lang='grc' dir='ltr'>τύχην</span> <span class='ocrx_word' id='word_1_466' title='bbox 1421 2696 1607 2764; x_wconf 62' lang='grc' dir='ltr'>συνειρομένην,</span> <span class='ocrx_word' id='word_1_467' title='bbox 1623 2694 1697 2763; x_wconf 81' lang='grc' dir='ltr'>μηδέν</span> <span class='ocrx_word' id='word_1_468' title='bbox 1713 2694 1779 2756; x_wconf 78' lang='grc' dir='ltr'>ἀξιον</span> 
     </span>
     <span class='ocr_line' id='line_1_30' title="bbox 185 2771 1779 2844; baseline -0.001 -18"><span class='ocrx_word' id='word_1_469' title='bbox 185 2776 238 2826; x_wconf 86' lang='grc' dir='ltr'>δεῖν</span> <span class='ocrx_word' id='word_1_470' title='bbox 252 2774 386 2844; x_wconf 86' lang='grc' dir='ltr'>λαμόάνειν</span> <span class='ocrx_word' id='word_1_471' title='bbox 398 2773 424 2826; x_wconf 90' lang='grc' dir='ltr'>ἐκ</span> <span class='ocrx_word' id='word_1_472' title='bbox 433 2779 482 2827; x_wconf 92' lang='grc' dir='ltr'>τῶν</span> <span class='ocrx_word' id='word_1_473' title='bbox 498 2780 594 2839; x_wconf 78' lang='grc' dir='ltr'>κοινῶν,</span> <span class='ocrx_word' id='word_1_474' title='bbox 610 2773 667 2826; x_wconf 89' lang='grc' dir='ltr'>ἀλλ’</span> <span class='ocrx_word' id='word_1_475' title='bbox 684 2775 748 2836; x_wconf 87' lang='grc' dir='ltr'>όπως</span> <span class='ocrx_word' id='word_1_476' title='bbox 761 2773 865 2828; x_wconf 87' lang='grc' dir='ltr'>οίσουσιν</span> <span class='ocrx_word' id='word_1_477' title='bbox 875 2774 901 2827; x_wconf 84' lang='grc' dir='ltr'>ἐκ</span> <span class='ocrx_word' id='word_1_478' title='bbox 911 2782 959 2828; x_wconf 89' lang='grc' dir='ltr'>τῶν</span> <span class='ocrx_word' id='word_1_479' title='bbox 1005 2772 1061 2841; x_wconf 83' lang='grc' dir='ltr'>μήθ’</span> <span class='ocrx_word' id='word_1_480' title='bbox 1074 2771 1164 2823; x_wconf 88' lang='grc' dir='ltr'>έαυτῶν</span> <span class='ocrx_word' id='word_1_481' title='bbox 1182 2772 1243 2841; x_wconf 89' lang='grc' dir='ltr'>μήτε</span> <span class='ocrx_word' id='word_1_482' title='bbox 1256 2778 1304 2823; x_wconf 90' lang='grc' dir='ltr'>τῶν</span> <span class='ocrx_word' id='word_1_483' title='bbox 1316 2773 1459 2841; x_wconf 85' lang='grc' dir='ltr'>κρειττόνων</span> <span class='ocrx_word' id='word_1_484' title='bbox 1472 2772 1667 2840; x_wconf 85' lang='grc' dir='ltr'>διαπράττεσθαι.</span> <span class='ocrx_word' id='word_1_485' title='bbox 1697 2773 1779 2825; x_wconf 90' lang='grc' dir='ltr'>Ταῦτα</span> 
     </span>
     <span class='ocr_line' id='line_1_31' title="bbox 185 2848 1776 2925; baseline -0.001 -20"><span class='ocrx_word' id='word_1_486' title='bbox 185 2853 293 2918; x_wconf 84' lang='grc' dir='ltr'>οἰκείων,</span> <span class='ocrx_word' id='word_1_487' title='bbox 310 2851 353 2904; x_wconf 81' lang='grc' dir='ltr'>ἵνα</span> <span class='ocrx_word' id='word_1_488' title='bbox 377 2852 445 2905; x_wconf 82' lang='grc' dir='ltr'>δυοῖν</span> <span class='ocrx_word' id='word_1_489' title='bbox 470 2852 584 2923; x_wconf 89' lang='grc' dir='ltr'>αίρέσεων</span> <span class='ocrx_word' id='word_1_490' title='bbox 606 2855 779 2924; x_wconf 79' lang='grc' dir='ltr'>προκειμένων,</span> <span class='ocrx_word' id='word_1_491' title='bbox 805 2857 849 2906; x_wconf 91' lang='grc' dir='ltr'>τοῦ</span> <span class='ocrx_word' id='word_1_492' title='bbox 876 2873 902 2907; x_wconf 92' lang='grc' dir='ltr'>τε</span> <span class='ocrx_word' id='word_1_493' title='bbox 925 2852 958 2925; x_wconf 83' lang='grc' dir='ltr'>μῆ</span> <span class='ocrx_word' id='word_1_494' title='bbox 1005 2850 1047 2920; x_wconf 86' lang='grc' dir='ltr'>μέν</span> <span class='ocrx_word' id='word_1_495' title='bbox 1067 2854 1110 2902; x_wconf 90' lang='grc' dir='ltr'>τοῦ</span> <span class='ocrx_word' id='word_1_496' title='bbox 1128 2852 1297 2921; x_wconf 87' lang='grc' dir='ltr'>συμφέροντος.</span> <span class='ocrx_word' id='word_1_497' title='bbox 1334 2850 1369 2902; x_wconf 59' lang='lat' dir='ltr'>Tb</span> <span class='ocrx_word' id='word_1_498' title='bbox 1391 2850 1417 2903; x_wconf 87' lang='grc' dir='ltr'>δέ</span> <span class='ocrx_word' id='word_1_499' title='bbox 1433 2851 1535 2902; x_wconf 80' lang='grc' dir='ltr'>δυνατόν</span> <span class='ocrx_word' id='word_1_500' title='bbox 1556 2848 1591 2919; x_wconf 87' lang='grc' dir='ltr'>ἐφ’</span> <span class='ocrx_word' id='word_1_501' title='bbox 1616 2849 1716 2919; x_wconf 75' lang='grc' dir='ltr'>ἑκάτερα</span> <span class='ocrx_word' id='word_1_502' title='bbox 1732 2850 1776 2916; x_wconf 77' lang='grc' dir='ltr'>τῆν</span> 
     </span>
     <span class='ocr_line' id='line_1_32' title="bbox 186 2927 1777 3002; baseline -0.002 -20"><span class='ocrx_word' id='word_1_503' title='bbox 186 2931 318 3002; x_wconf 84' lang='grc' dir='ltr'>λαμόάνειν</span> <span class='ocrx_word' id='word_1_504' title='bbox 334 2929 407 3001; x_wconf 80' lang='grc' dir='ltr'>μικρά</span> <span class='ocrx_word' id='word_1_505' title='bbox 426 2929 467 2983; x_wconf 81' lang='grc' dir='ltr'>καί</span> <span class='ocrx_word' id='word_1_506' title='bbox 485 2934 528 2983; x_wconf 87' lang='grc' dir='ltr'>τοῦ</span> <span class='ocrx_word' id='word_1_507' title='bbox 547 2930 604 3001; x_wconf 86' lang='grc' dir='ltr'>πρδς</span> <span class='ocrx_word' id='word_1_508' title='bbox 619 2930 663 2997; x_wconf 82' lang='grc' dir='ltr'>τῆν</span> <span class='ocrx_word' id='word_1_509' title='bbox 679 2932 764 3002; x_wconf 88' lang='grc' dir='ltr'>χρείαν</span> <span class='ocrx_word' id='word_1_510' title='bbox 783 2930 907 3002; x_wconf 88' lang='grc' dir='ltr'>εἰσφέρειν,</span> <span class='ocrx_word' id='word_1_511' title='bbox 929 2934 958 2984; x_wconf 87' lang='grc' dir='ltr'>ἀν</span> <span class='ocrx_word' id='word_1_512' title='bbox 1004 2928 1117 2999; x_wconf 88' lang='grc' dir='ltr'>ἐργασίαν</span> <span class='ocrx_word' id='word_1_513' title='bbox 1137 2929 1198 2999; x_wconf 83' lang='grc' dir='ltr'>ἔχει.</span> <span class='ocrx_word' id='word_1_514' title='bbox 1237 2928 1344 2999; x_wconf 81' lang='grc' dir='ltr'>Καίγάρ</span> <span class='ocrx_word' id='word_1_515' title='bbox 1362 2928 1495 2981; x_wconf 84' lang='grc' dir='ltr'>τδοίκεῖον</span> <span class='ocrx_word' id='word_1_516' title='bbox 1513 2927 1612 2994; x_wconf 86' lang='grc' dir='ltr'>ἐξήτασε</span> <span class='ocrx_word' id='word_1_517' title='bbox 1632 2927 1673 2979; x_wconf 83' lang='grc' dir='ltr'>καὶ</span> <span class='ocrx_word' id='word_1_518' title='bbox 1687 2928 1715 2980; x_wconf 79' lang='grc' dir='ltr'>τὸ</span> <span class='ocrx_word' id='word_1_519' title='bbox 1729 2934 1777 2980; x_wconf 85' lang='grc' dir='ltr'>τῶν</span> 
     </span>
     <span class='ocr_line' id='line_1_33' title="bbox 185 3005 1777 3081; baseline -0.002 -19"><span class='ocrx_word' id='word_1_520' title='bbox 185 3010 242 3081; x_wconf 81' lang='grc' dir='ltr'>δέῃ,</span> <span class='ocrx_word' id='word_1_521' title='bbox 255 3007 347 3073; x_wconf 69' lang='grc' dir='ltr'>πολλὰ,</span> <span class='ocrx_word' id='word_1_522' title='bbox 358 3009 465 3062; x_wconf 78' lang='grc' dir='ltr'>ἕλωνται</span> <span class='ocrx_word' id='word_1_523' title='bbox 476 3014 524 3061; x_wconf 92' lang='grc' dir='ltr'>τῶν</span> <span class='ocrx_word' id='word_1_524' title='bbox 534 3007 672 3063; x_wconf 90' lang='grc' dir='ltr'>ἐλαττόνων</span> <span class='ocrx_word' id='word_1_525' title='bbox 682 3009 828 3071; x_wconf 85' lang='grc' dir='ltr'>ἀποστάντες</span> <span class='ocrx_word' id='word_1_526' title='bbox 839 3009 869 3062; x_wconf 82' lang='grc' dir='ltr'>τά</span> <span class='ocrx_word' id='word_1_527' title='bbox 881 3009 959 3062; x_wconf 86' lang='grc' dir='ltr'>οἰκεῖα</span> <span class='ocrx_word' id='word_1_528' title='bbox 1002 3007 1137 3078; x_wconf 90' lang='grc' dir='ltr'>πολεμίων.</span> <span class='ocrx_word' id='word_1_529' title='bbox 1179 3005 1250 3059; x_wconf 80' lang='grc' dir='ltr'>λλλά</span> <span class='ocrx_word' id='word_1_530' title='bbox 1270 3007 1299 3058; x_wconf 75' lang='grc' dir='ltr'>τί)</span> <span class='ocrx_word' id='word_1_531' title='bbox 1324 3006 1367 3077; x_wconf 82' lang='grc' dir='ltr'>μέν</span> <span class='ocrx_word' id='word_1_532' title='bbox 1388 3005 1490 3071; x_wconf 87' lang='grc' dir='ltr'>οἰκεῖον,</span> <span class='ocrx_word' id='word_1_533' title='bbox 1510 3008 1543 3067; x_wconf 82' lang='grc' dir='ltr'>ὡς</span> <span class='ocrx_word' id='word_1_534' title='bbox 1560 3008 1590 3057; x_wconf 85' lang='grc' dir='ltr'>ἀν</span> <span class='ocrx_word' id='word_1_535' title='bbox 1607 3006 1715 3077; x_wconf 68' lang='grc' dir='ltr'>ὐπάρξειε</span> <span class='ocrx_word' id='word_1_536' title='bbox 1736 3010 1777 3059; x_wconf 79' lang='grc' dir='ltr'>καί</span> 
     </span>
     <span class='ocr_line' id='line_1_34' title="bbox 185 3085 1774 3159; baseline -0.001 -18"><span class='ocrx_word' id='word_1_537' title='bbox 185 3088 328 3159; x_wconf 87' lang='grc' dir='ltr'>κερδαίνειν.</span> <span class='ocrx_word' id='word_1_538' title='bbox 344 3087 391 3140; x_wconf 85' lang='grc' dir='ltr'>Καί</span> <span class='ocrx_word' id='word_1_539' title='bbox 400 3086 485 3159; x_wconf 86' lang='grc' dir='ltr'>ἐμοιγε</span> <span class='ocrx_word' id='word_1_540' title='bbox 497 3087 612 3141; x_wconf 82' lang='grc' dir='ltr'>δοκεῖκαί</span> <span class='ocrx_word' id='word_1_541' title='bbox 621 3089 664 3140; x_wconf 86' lang='grc' dir='ltr'>τδν</span> <span class='ocrx_word' id='word_1_542' title='bbox 672 3088 726 3159; x_wconf 87' lang='grc' dir='ltr'>περί</span> <span class='ocrx_word' id='word_1_543' title='bbox 732 3092 775 3154; x_wconf 85' lang='grc' dir='ltr'>τῆς</span> <span class='ocrx_word' id='word_1_544' title='bbox 784 3088 871 3155; x_wconf 81' lang='grc' dir='ltr'>διπλῆς</span> <span class='ocrx_word' id='word_1_545' title='bbox 881 3107 957 3158; x_wconf 87' lang='grc' dir='ltr'>παρα·</span> <span class='ocrx_word' id='word_1_546' title='bbox 1002 3087 1075 3139; x_wconf 88' lang='grc' dir='ltr'>πόθεν</span> <span class='ocrx_word' id='word_1_547' title='bbox 1087 3086 1117 3139; x_wconf 87' lang='grc' dir='ltr'>τά</span> <span class='ocrx_word' id='word_1_548' title='bbox 1129 3088 1252 3157; x_wconf 87' lang='grc' dir='ltr'>χρήματα·</span> <span class='ocrx_word' id='word_1_549' title='bbox 1264 3087 1380 3152; x_wconf 89' lang='grc' dir='ltr'>δηλονότι</span> <span class='ocrx_word' id='word_1_550' title='bbox 1389 3085 1595 3157; x_wconf 80' lang='grc' dir='ltr'>ὁμολογουμένων</span> <span class='ocrx_word' id='word_1_551' title='bbox 1606 3085 1649 3155; x_wconf 79' lang='grc' dir='ltr'>μέν</span> <span class='ocrx_word' id='word_1_552' title='bbox 1658 3086 1774 3150; x_wconf 87' lang='grc' dir='ltr'>όπλιτῶν,</span> 
     </span>
     <span class='ocr_line' id='line_1_35' title="bbox 185 3164 1777 3237; baseline -0.001 -18"><span class='ocrx_word' id='word_1_553' title='bbox 185 3169 270 3233; x_wconf 82' lang='grc' dir='ltr'>σκευῆς</span> <span class='ocrx_word' id='word_1_554' title='bbox 281 3165 357 3237; x_wconf 92' lang='grc' dir='ltr'>λόγον</span> <span class='ocrx_word' id='word_1_555' title='bbox 370 3166 410 3218; x_wconf 86' lang='grc' dir='ltr'>διάι</span> <span class='ocrx_word' id='word_1_556' title='bbox 421 3171 492 3220; x_wconf 89' lang='grc' dir='ltr'>τοῦτο</span> <span class='ocrx_word' id='word_1_557' title='bbox 506 3167 663 3232; x_wconf 84' lang='grc' dir='ltr'>πεποιῆσθαι,</span> <span class='ocrx_word' id='word_1_558' title='bbox 677 3166 724 3237; x_wconf 85' lang='grc' dir='ltr'>ούχ</span> <span class='ocrx_word' id='word_1_559' title='bbox 733 3167 776 3219; x_wconf 87' lang='grc' dir='ltr'>ίνα</span> <span class='ocrx_word' id='word_1_560' title='bbox 790 3167 833 3219; x_wconf 87' lang='grc' dir='ltr'>δύο</span> <span class='ocrx_word' id='word_1_561' title='bbox 846 3168 958 3237; x_wconf 85' lang='grc' dir='ltr'>δυνάμεις</span> <span class='ocrx_word' id='word_1_562' title='bbox 1002 3164 1208 3235; x_wconf 72' lang='grc' dir='ltr'>ὁμολογουμένων</span> <span class='ocrx_word' id='word_1_563' title='bbox 1220 3165 1246 3217; x_wconf 85' lang='grc' dir='ltr'>δὲ</span> <span class='ocrx_word' id='word_1_564' title='bbox 1260 3166 1358 3228; x_wconf 83' lang='grc' dir='ltr'>ἱππέων,</span> <span class='ocrx_word' id='word_1_565' title='bbox 1373 3164 1535 3234; x_wconf 82' lang='grc' dir='ltr'>αύταρκούσης</span> <span class='ocrx_word' id='word_1_566' title='bbox 1544 3164 1570 3217; x_wconf 88' lang='grc' dir='ltr'>δέ</span> <span class='ocrx_word' id='word_1_567' title='bbox 1585 3166 1626 3216; x_wconf 83' lang='grc' dir='ltr'>καί</span> <span class='ocrx_word' id='word_1_568' title='bbox 1636 3169 1678 3230; x_wconf 85' lang='grc' dir='ltr'>τῆς</span> <span class='ocrx_word' id='word_1_569' title='bbox 1693 3164 1777 3217; x_wconf 87' lang='grc' dir='ltr'>Ὄλυν-</span> 
     </span>
     <span class='ocr_line' id='line_1_36' title="bbox 184 3241 1776 3315; baseline 0.001 -20"><span class='ocrx_word' id='word_1_570' title='bbox 184 3244 261 3306; x_wconf 84' lang='grc' dir='ltr'>όντως</span> <span class='ocrx_word' id='word_1_571' title='bbox 281 3242 484 3309; x_wconf 88' lang='grc' dir='ltr'>ἐξαποστείλωσι,</span> <span class='ocrx_word' id='word_1_572' title='bbox 499 3242 544 3310; x_wconf 83' lang='grc' dir='ltr'>τήν</span> <span class='ocrx_word' id='word_1_573' title='bbox 564 3243 607 3315; x_wconf 80' lang='grc' dir='ltr'>μέν</span> <span class='ocrx_word' id='word_1_574' title='bbox 628 3242 667 3297; x_wconf 84' lang='grc' dir='ltr'>ἐπί</span> <span class='ocrx_word' id='word_1_575' title='bbox 684 3243 854 3307; x_wconf 87' lang='grc' dir='ltr'>Μακεδονίαν,</span> <span class='ocrx_word' id='word_1_576' title='bbox 874 3242 918 3309; x_wconf 80' lang='grc' dir='ltr'>τήν</span> <span class='ocrx_word' id='word_1_577' title='bbox 932 3244 958 3296; x_wconf 88' lang='grc' dir='ltr'>δέ</span> <span class='ocrx_word' id='word_1_578' title='bbox 1003 3243 1060 3294; x_wconf 90' lang='grc' dir='ltr'>θίων</span> <span class='ocrx_word' id='word_1_579' title='bbox 1076 3242 1136 3312; x_wconf 80' lang='grc' dir='ltr'>μετὰ</span> <span class='ocrx_word' id='word_1_580' title='bbox 1156 3246 1199 3307; x_wconf 91' lang='grc' dir='ltr'>τῆς</span> <span class='ocrx_word' id='word_1_581' title='bbox 1222 3241 1350 3309; x_wconf 81' lang='grc' dir='ltr'>Ἀθηναίων</span> <span class='ocrx_word' id='word_1_582' title='bbox 1369 3243 1503 3312; x_wconf 87' lang='grc' dir='ltr'>δυνάμεως.</span> <span class='ocrx_word' id='word_1_583' title='bbox 1523 3243 1611 3313; x_wconf 86' lang='grc' dir='ltr'>Διόπερ</span> <span class='ocrx_word' id='word_1_584' title='bbox 1631 3244 1672 3295; x_wconf 85' lang='grc' dir='ltr'>καί</span> <span class='ocrx_word' id='word_1_585' title='bbox 1690 3244 1704 3296; x_wconf 93' lang='grc' dir='ltr'>ό</span> <span class='ocrx_word' id='word_1_586' title='bbox 1722 3247 1776 3315; x_wconf 91' lang='grc' dir='ltr'>περὶ</span> 
     </span>
     <span class='ocr_line' id='line_1_37' title="bbox 184 3320 1774 3393; baseline -0.001 -17"><span class='ocrx_word' id='word_1_587' title='bbox 184 3322 223 3377; x_wconf 85' lang='grc' dir='ltr'>ἐπί</span> <span class='ocrx_word' id='word_1_588' title='bbox 242 3322 286 3389; x_wconf 78' lang='grc' dir='ltr'>τήν</span> <span class='ocrx_word' id='word_1_589' title='bbox 306 3322 439 3387; x_wconf 84' lang='grc' dir='ltr'>Ὄλυνθον,</span> <span class='ocrx_word' id='word_1_590' title='bbox 457 3321 517 3374; x_wconf 78' lang='grc' dir='ltr'>ἀλλ’</span> <span class='ocrx_word' id='word_1_591' title='bbox 532 3323 576 3375; x_wconf 87' lang='grc' dir='ltr'>ίνα</span> <span class='ocrx_word' id='word_1_592' title='bbox 592 3322 734 3393; x_wconf 83' lang='grc' dir='ltr'>φοῦηθέντες</span> <span class='ocrx_word' id='word_1_593' title='bbox 755 3320 799 3387; x_wconf 81' lang='grc' dir='ltr'>τὴν</span> <span class='ocrx_word' id='word_1_594' title='bbox 821 3320 957 3392; x_wconf 79' lang='grc' dir='ltr'>ύπερθσλῆν</span> <span class='ocrx_word' id='word_1_595' title='bbox 1001 3320 1353 3390; x_wconf 84' lang='grc' dir='ltr'>τούτωνῶςόμολογουμένων</span> <span class='ocrx_word' id='word_1_596' title='bbox 1365 3320 1526 3390; x_wconf 88' lang='grc' dir='ltr'>παρείληπται</span> <span class='ocrx_word' id='word_1_597' title='bbox 1535 3320 1621 3390; x_wconf 88' lang='grc' dir='ltr'>λόγος,</span> <span class='ocrx_word' id='word_1_598' title='bbox 1641 3322 1676 3373; x_wconf 82' lang='grc' dir='ltr'>Τό</span> <span class='ocrx_word' id='word_1_599' title='bbox 1686 3322 1713 3375; x_wconf 83' lang='grc' dir='ltr'>δέ</span> <span class='ocrx_word' id='word_1_600' title='bbox 1730 3327 1774 3374; x_wconf 89' lang='grc' dir='ltr'>τοῦ</span> 
     </span>
     <span class='ocr_line' id='line_1_38' title="bbox 183 3398 1774 3471; baseline -0.003 -16"><span class='ocrx_word' id='word_1_601' title='bbox 183 3407 232 3455; x_wconf 86' lang='grc' dir='ltr'>τῶν</span> <span class='ocrx_word' id='word_1_602' title='bbox 246 3400 425 3471; x_wconf 72' lang='grc' dir='ltr'>ἀναλωμάτων,</span> <span class='ocrx_word' id='word_1_603' title='bbox 439 3399 461 3453; x_wconf 93' lang='grc' dir='ltr'>εἰ</span> <span class='ocrx_word' id='word_1_604' title='bbox 475 3398 569 3470; x_wconf 88' lang='grc' dir='ltr'>ἀνάγκη</span> <span class='ocrx_word' id='word_1_605' title='bbox 577 3401 677 3470; x_wconf 68' lang='grc' dir='ltr'>4γένοιτο</span> <span class='ocrx_word' id='word_1_606' title='bbox 692 3398 718 3453; x_wconf 90' lang='grc' dir='ltr'>ἐκ</span> <span class='ocrx_word' id='word_1_607' title='bbox 734 3405 782 3452; x_wconf 90' lang='grc' dir='ltr'>τῶν</span> <span class='ocrx_word' id='word_1_608' title='bbox 798 3398 893 3452; x_wconf 91' lang='grc' dir='ltr'>οἰκείων</span> <span class='ocrx_word' id='word_1_609' title='bbox 907 3401 955 3454; x_wconf 83' lang='grc' dir='ltr'>εἰσ·</span> <span class='ocrx_word' id='word_1_610' title='bbox 1001 3400 1125 3453; x_wconf 86' lang='grc' dir='ltr'>Φιλίππου</span> <span class='ocrx_word' id='word_1_611' title='bbox 1143 3400 1214 3452; x_wconf 84' lang='grc' dir='ltr'>ἔλυσε</span> <span class='ocrx_word' id='word_1_612' title='bbox 1231 3399 1345 3462; x_wconf 85' lang='grc' dir='ltr'>δυνατδν,</span> <span class='ocrx_word' id='word_1_613' title='bbox 1365 3398 1489 3461; x_wconf 80' lang='grc' dir='ltr'>ἀποδείξας</span> <span class='ocrx_word' id='word_1_614' title='bbox 1506 3400 1596 3468; x_wconf 78' lang='grc' dir='ltr'>σαθρὸν</span> <span class='ocrx_word' id='word_1_615' title='bbox 1610 3399 1719 3469; x_wconf 75' lang='grc' dir='ltr'>ὑπάρχον</span> <span class='ocrx_word' id='word_1_616' title='bbox 1734 3400 1774 3452; x_wconf 86' lang='grc' dir='ltr'>διά</span> 
     </span>
     <span class='ocr_line' id='line_1_39' title="bbox 182 3475 1773 3551; baseline 0 -19"><span class='ocrx_word' id='word_1_617' title='bbox 182 3483 270 3551; x_wconf 90' lang='grc' dir='ltr'>φέρειν,</span> <span class='ocrx_word' id='word_1_618' title='bbox 292 3481 357 3551; x_wconf 81' lang='grc' dir='ltr'>πάσῃ</span> <span class='ocrx_word' id='word_1_619' title='bbox 377 3480 465 3550; x_wconf 81' lang='grc' dir='ltr'>γνώμη</span> <span class='ocrx_word' id='word_1_620' title='bbox 490 3479 532 3531; x_wconf 81' lang='grc' dir='ltr'>καί</span> <span class='ocrx_word' id='word_1_621' title='bbox 565 3480 638 3533; x_wconf 82' lang='grc' dir='ltr'>παντί</span> <span class='ocrx_word' id='word_1_622' title='bbox 661 3480 744 3550; x_wconf 82' lang='grc' dir='ltr'>τρόπῳ</span> <span class='ocrx_word' id='word_1_623' title='bbox 766 3485 814 3531; x_wconf 92' lang='grc' dir='ltr'>τῶν</span> <span class='ocrx_word' id='word_1_624' title='bbox 835 3482 956 3542; x_wconf 82' lang='grc' dir='ltr'>θεωρικῶν</span> <span class='ocrx_word' id='word_1_625' title='bbox 1000 3478 1147 3541; x_wconf 82' lang='grc' dir='ltr'>πολλάςκαί</span> <span class='ocrx_word' id='word_1_626' title='bbox 1160 3478 1268 3549; x_wconf 85' lang='grc' dir='ltr'>μεγάλας</span> <span class='ocrx_word' id='word_1_627' title='bbox 1281 3475 1373 3541; x_wconf 87' lang='grc' dir='ltr'>αἰτίας,</span> <span class='ocrx_word' id='word_1_628' title='bbox 1394 3479 1419 3528; x_wconf 82' lang='grc' dir='ltr'>αθ</span> <span class='ocrx_word' id='word_1_629' title='bbox 1437 3478 1596 3547; x_wconf 87' lang='grc' dir='ltr'>σημαίνονται</span> <span class='ocrx_word' id='word_1_630' title='bbox 1612 3477 1773 3531; x_wconf 76' lang='grc' dir='ltr'>διάτῶνκαθ</span> 
     </span>
     <span class='ocr_line' id='line_1_40' title="bbox 183 3557 1112 3628; baseline 0.001 -18"><span class='ocrx_word' id='word_1_631' title='bbox 183 3557 314 3612; x_wconf 86' lang='grc' dir='ltr'>ἀποστῶσι.</span> <span class='ocrx_word' id='word_1_632' title='bbox 352 3558 439 3627; x_wconf 84' lang='grc' dir='ltr'>Τρίτον</span> <span class='ocrx_word' id='word_1_633' title='bbox 453 3557 517 3610; x_wconf 83' lang='grc' dir='ltr'>ἐστίν</span> <span class='ocrx_word' id='word_1_634' title='bbox 531 3559 558 3610; x_wconf 83' lang='grc' dir='ltr'>ἐν</span> <span class='ocrx_word' id='word_1_635' title='bbox 577 3557 613 3611; x_wconf 89' lang='grc' dir='ltr'>ἐτι</span> <span class='ocrx_word' id='word_1_636' title='bbox 624 3563 672 3611; x_wconf 91' lang='grc' dir='ltr'>τῶν</span> <span class='ocrx_word' id='word_1_637' title='bbox 686 3558 827 3611; x_wconf 90' lang='grc' dir='ltr'>λυπούντων</span> <span class='ocrx_word' id='word_1_638' title='bbox 841 3558 900 3628; x_wconf 89' lang='grc' dir='ltr'>πρδς</span> <span class='ocrx_word' id='word_1_639' title='bbox 911 3559 955 3624; x_wconf 81' lang='grc' dir='ltr'>τήν</span> <span class='ocrx_word' id='word_1_640' title='bbox 1001 3563 1112 3611; x_wconf 87' lang='grc' dir='ltr'>ἐ’καστον.</span> 
     </span>
     <span class='ocr_line' id='line_1_41' title="bbox 182 3632 1772 3705; baseline 0 -18"><span class='ocrx_word' id='word_1_641' title='bbox 182 3635 304 3690; x_wconf 86' lang='grc' dir='ltr'>ύπόθεσιν.</span> <span class='ocrx_word' id='word_1_642' title='bbox 341 3635 420 3687; x_wconf 88' lang='grc' dir='ltr'>Τοῦτο</span> <span class='ocrx_word' id='word_1_643' title='bbox 446 3635 472 3687; x_wconf 84' lang='grc' dir='ltr'>δέ</span> <span class='ocrx_word' id='word_1_644' title='bbox 497 3633 547 3688; x_wconf 82' lang='grc' dir='ltr'>ἐστί</span> <span class='ocrx_word' id='word_1_645' title='bbox 573 3639 616 3687; x_wconf 92' lang='grc' dir='ltr'>τοῦ</span> <span class='ocrx_word' id='word_1_646' title='bbox 639 3635 763 3689; x_wconf 84' lang='grc' dir='ltr'>Φιλίππου</span> <span class='ocrx_word' id='word_1_647' title='bbox 791 3636 819 3688; x_wconf 88' lang='grc' dir='ltr'>τδ</span> <span class='ocrx_word' id='word_1_648' title='bbox 841 3637 954 3691; x_wconf 87' lang='grc' dir='ltr'>δυνατόν.</span> <span class='ocrx_word' id='word_1_649' title='bbox 1039 3634 1180 3705; x_wconf 73' lang='grc' dir='ltr'>Ἀναγκαῖον</span> <span class='ocrx_word' id='word_1_650' title='bbox 1199 3636 1225 3686; x_wconf 90' lang='grc' dir='ltr'>δέ</span> <span class='ocrx_word' id='word_1_651' title='bbox 1239 3632 1303 3686; x_wconf 88' lang='grc' dir='ltr'>ἐστιν</span> <span class='ocrx_word' id='word_1_652' title='bbox 1322 3633 1478 3685; x_wconf 86' lang='grc' dir='ltr'>ἀναλαόόντα</span> <span class='ocrx_word' id='word_1_653' title='bbox 1497 3633 1617 3686; x_wconf 85' lang='grc' dir='ltr'>διελέσθαι</span> <span class='ocrx_word' id='word_1_654' title='bbox 1635 3634 1677 3686; x_wconf 86' lang='grc' dir='ltr'>τδν</span> <span class='ocrx_word' id='word_1_655' title='bbox 1695 3634 1772 3705; x_wconf 89' lang='grc' dir='ltr'>λόγον</span> 
     </span>
     <span class='ocr_line' id='line_1_42' title="bbox 181 3710 1773 3785; baseline 0.001 -21"><span class='ocrx_word' id='word_1_656' title='bbox 181 3713 260 3765; x_wconf 82' lang='grc' dir='ltr'>Ιίοῦτο</span> <span class='ocrx_word' id='word_1_657' title='bbox 274 3713 354 3765; x_wconf 88' lang='grc' dir='ltr'>τοίνυν</span> <span class='ocrx_word' id='word_1_658' title='bbox 371 3710 464 3765; x_wconf 88' lang='grc' dir='ltr'>διέλυσε</span> <span class='ocrx_word' id='word_1_659' title='bbox 480 3712 640 3785; x_wconf 84' lang='grc' dir='ltr'>Θουκυδιδείῳ</span> <span class='ocrx_word' id='word_1_660' title='bbox 661 3714 833 3784; x_wconf 86' lang='grc' dir='ltr'>μεταχειρίσει,</span> <span class='ocrx_word' id='word_1_661' title='bbox 848 3715 955 3785; x_wconf 89' lang='grc' dir='ltr'>καθάπερ</span> <span class='ocrx_word' id='word_1_662' title='bbox 999 3716 1039 3767; x_wconf 82' lang='grc' dir='ltr'>καί</span> <span class='ocrx_word' id='word_1_663' title='bbox 1052 3714 1128 3775; x_wconf 82' lang='grc' dir='ltr'>δεῖξαι</span> <span class='ocrx_word' id='word_1_664' title='bbox 1149 3716 1177 3765; x_wconf 84' lang='grc' dir='ltr'>δν</span> <span class='ocrx_word' id='word_1_665' title='bbox 1199 3715 1288 3783; x_wconf 86' lang='grc' dir='ltr'>τρόπον</span> <span class='ocrx_word' id='word_1_666' title='bbox 1306 3712 1374 3783; x_wconf 82' lang='grc' dir='ltr'>αύτῷ</span> <span class='ocrx_word' id='word_1_667' title='bbox 1395 3716 1522 3781; x_wconf 85' lang='grc' dir='ltr'>προῆκται.</span> <span class='ocrx_word' id='word_1_668' title='bbox 1569 3711 1662 3765; x_wconf 86' lang='grc' dir='ltr'>Ούκοῦν</span> <span class='ocrx_word' id='word_1_669' title='bbox 1682 3711 1708 3765; x_wconf 88' lang='grc' dir='ltr'>έν</span> <span class='ocrx_word' id='word_1_670' title='bbox 1730 3714 1773 3783; x_wconf 83' lang='grc' dir='ltr'>μέν</span> 
     </span>
     <span class='ocr_line' id='line_1_43' title="bbox 182 3789 1772 3865; baseline 0 -21"><span class='ocrx_word' id='word_1_671' title='bbox 182 3790 273 3852; x_wconf 90' lang='grc' dir='ltr'>ἐκεῖνος</span> <span class='ocrx_word' id='word_1_672' title='bbox 283 3790 308 3844; x_wconf 89' lang='grc' dir='ltr'>ἐν</span> <span class='ocrx_word' id='word_1_673' title='bbox 321 3792 374 3852; x_wconf 86' lang='grc' dir='ltr'>ταῖς</span> <span class='ocrx_word' id='word_1_674' title='bbox 391 3790 529 3852; x_wconf 85' lang='grc' dir='ltr'>Σικελικαῖς</span> <span class='ocrx_word' id='word_1_675' title='bbox 546 3791 705 3861; x_wconf 88' lang='grc' dir='ltr'>δημηγορίαις</span> <span class='ocrx_word' id='word_1_676' title='bbox 719 3793 760 3844; x_wconf 84' lang='grc' dir='ltr'>καί</span> <span class='ocrx_word' id='word_1_677' title='bbox 777 3791 916 3862; x_wconf 81' lang='grc' dir='ltr'>Ἰσοκράτης</span> <span class='ocrx_word' id='word_1_678' title='bbox 930 3792 954 3846; x_wconf 87' lang='grc' dir='ltr'>ἐν</span> <span class='ocrx_word' id='word_1_679' title='bbox 998 3800 1033 3865; x_wconf 81' lang='grc' dir='ltr'>τῷ</span> <span class='ocrx_word' id='word_1_680' title='bbox 1046 3795 1153 3863; x_wconf 81' lang='grc' dir='ltr'>προτέρην</span> <span class='ocrx_word' id='word_1_681' title='bbox 1167 3792 1287 3862; x_wconf 81' lang='grc' dir='ltr'>προοιμίῳ</span> <span class='ocrx_word' id='word_1_682' title='bbox 1300 3791 1375 3856; x_wconf 87' lang='grc' dir='ltr'>δῆλός</span> <span class='ocrx_word' id='word_1_683' title='bbox 1384 3789 1434 3842; x_wconf 87' lang='grc' dir='ltr'>ἐστι</span> <span class='ocrx_word' id='word_1_684' title='bbox 1446 3790 1486 3843; x_wconf 83' lang='grc' dir='ltr'>καί</span> <span class='ocrx_word' id='word_1_685' title='bbox 1497 3789 1525 3842; x_wconf 85' lang='grc' dir='ltr'>τδ</span> <span class='ocrx_word' id='word_1_686' title='bbox 1540 3789 1602 3843; x_wconf 91' lang='grc' dir='ltr'>κατά</span> <span class='ocrx_word' id='word_1_687' title='bbox 1613 3789 1644 3843; x_wconf 89' lang='grc' dir='ltr'>τά</span> <span class='ocrx_word' id='word_1_688' title='bbox 1656 3791 1772 3861; x_wconf 86' lang='grc' dir='ltr'>χρήματα</span> 
     </span>
     <span class='ocr_line' id='line_1_44' title="bbox 181 3864 1773 3942; baseline 0.001 -21"><span class='ocrx_word' id='word_1_689' title='bbox 181 3868 398 3940; x_wconf 79' lang='grc' dir='ltr'>τῷίίανηγυρικῷ.</span> <span class='ocrx_word' id='word_1_690' title='bbox 435 3866 477 3933; x_wconf 76' lang='grc' dir='ltr'>Μή</span> <span class='ocrx_word' id='word_1_691' title='bbox 488 3864 555 3939; x_wconf 85' lang='grc' dir='ltr'>έχων</span> <span class='ocrx_word' id='word_1_692' title='bbox 567 3868 614 3938; x_wconf 80' lang='grc' dir='ltr'>γὰρ</span> <span class='ocrx_word' id='word_1_693' title='bbox 624 3868 748 3938; x_wconf 89' lang='grc' dir='ltr'>ἀρνεῖσθαι</span> <span class='ocrx_word' id='word_1_694' title='bbox 759 3869 954 3932; x_wconf 80' lang='grc' dir='ltr'>ὅτιόΦίλιππος</span> <span class='ocrx_word' id='word_1_695' title='bbox 997 3874 1161 3942; x_wconf 89' lang='grc' dir='ltr'>διοικούμενος</span> <span class='ocrx_word' id='word_1_696' title='bbox 1169 3872 1224 3923; x_wconf 78' lang='grc' dir='ltr'>ὅθεν</span> <span class='ocrx_word' id='word_1_697' title='bbox 1234 3870 1326 3932; x_wconf 85' lang='grc' dir='ltr'>έξουσιν</span> <span class='ocrx_word' id='word_1_698' title='bbox 1338 3869 1362 3921; x_wconf 93' lang='grc' dir='ltr'>οί</span> <span class='ocrx_word' id='word_1_699' title='bbox 1372 3874 1524 3938; x_wconf 84' lang='grc' dir='ltr'>στρατιῶται.</span> <span class='ocrx_word' id='word_1_700' title='bbox 1564 3869 1610 3921; x_wconf 81' lang='grc' dir='ltr'>Καί</span> <span class='ocrx_word' id='word_1_701' title='bbox 1621 3867 1691 3922; x_wconf 83' lang='grc' dir='ltr'>είωθε</span> <span class='ocrx_word' id='word_1_702' title='bbox 1701 3874 1773 3923; x_wconf 90' lang='grc' dir='ltr'>τοῦτο</span> 
     </span>
     <span class='ocr_line' id='line_1_45' title="bbox 180 3945 1772 4021; baseline 0.003 -22"><span class='ocrx_word' id='word_1_703' title='bbox 180 3947 281 4018; x_wconf 90' lang='grc' dir='ltr'>δύναμιν</span> <span class='ocrx_word' id='word_1_704' title='bbox 297 3946 361 4018; x_wconf 82' lang='grc' dir='ltr'>ἔχει,</span> <span class='ocrx_word' id='word_1_705' title='bbox 381 3946 443 4000; x_wconf 89' lang='grc' dir='ltr'>κατά</span> <span class='ocrx_word' id='word_1_706' title='bbox 455 3948 525 4017; x_wconf 90' lang='grc' dir='ltr'>μέρος</span> <span class='ocrx_word' id='word_1_707' title='bbox 538 3945 612 4012; x_wconf 82' lang='grc' dir='ltr'>αύτῆν</span> <span class='ocrx_word' id='word_1_708' title='bbox 625 3947 713 3999; x_wconf 86' lang='grc' dir='ltr'>διελὼν</span> <span class='ocrx_word' id='word_1_709' title='bbox 731 3949 771 3999; x_wconf 80' lang='grc' dir='ltr'>καί</span> <span class='ocrx_word' id='word_1_710' title='bbox 783 3950 955 4019; x_wconf 87' lang='grc' dir='ltr'>κατακερματί-</span> <span class='ocrx_word' id='word_1_711' title='bbox 997 3955 1076 4005; x_wconf 89' lang='grc' dir='ltr'>ποιεῖν</span> <span class='ocrx_word' id='word_1_712' title='bbox 1093 3952 1168 4021; x_wconf 76' lang='grc' dir='ltr'>[τοῦ]</span> <span class='ocrx_word' id='word_1_713' title='bbox 1185 3952 1342 4019; x_wconf 78' lang='grc' dir='ltr'>συναρπάζειν</span> <span class='ocrx_word' id='word_1_714' title='bbox 1357 3950 1399 4001; x_wconf 77' lang='grc' dir='ltr'>τόν</span> <span class='ocrx_word' id='word_1_715' title='bbox 1414 3946 1550 4018; x_wconf 83' lang='grc' dir='ltr'>ἀκροατὴν,</span> <span class='ocrx_word' id='word_1_716' title='bbox 1566 3949 1596 4001; x_wconf 80' lang='grc' dir='ltr'>τά</span> <span class='ocrx_word' id='word_1_717' title='bbox 1613 3949 1710 4018; x_wconf 88' lang='grc' dir='ltr'>δεύτερα</span> <span class='ocrx_word' id='word_1_718' title='bbox 1725 3952 1772 4020; x_wconf 87' lang='grc' dir='ltr'>πρδ</span> 
     </span>
     <span class='ocr_line' id='line_1_46' title="bbox 182 4024 1773 4101; baseline 0.001 -23"><span class='ocrx_word' id='word_1_719' title='bbox 182 4045 224 4088; x_wconf 91' lang='grc' dir='ltr'>σας</span> <span class='ocrx_word' id='word_1_720' title='bbox 236 4026 294 4097; x_wconf 85' lang='grc' dir='ltr'>πρδς</span> <span class='ocrx_word' id='word_1_721' title='bbox 309 4028 396 4097; x_wconf 85' lang='grc' dir='ltr'>μέρος,</span> <span class='ocrx_word' id='word_1_722' title='bbox 415 4024 584 4097; x_wconf 87' lang='grc' dir='ltr'>ἀσθενέστερον</span> <span class='ocrx_word' id='word_1_723' title='bbox 599 4026 714 4098; x_wconf 82' lang='grc' dir='ltr'>τῖμλόγιμ</span> <span class='ocrx_word' id='word_1_724' title='bbox 732 4028 877 4093; x_wconf 87' lang='grc' dir='ltr'>κατέστησε,</span> <span class='ocrx_word' id='word_1_725' title='bbox 900 4029 954 4090; x_wconf 78' lang='grc' dir='ltr'>τοῦς</span> <span class='ocrx_word' id='word_1_726' title='bbox 997 4036 1044 4082; x_wconf 89' lang='grc' dir='ltr'>τῶν</span> <span class='ocrx_word' id='word_1_727' title='bbox 1056 4030 1243 4101; x_wconf 83' lang='grc' dir='ltr'>προηγουμένων</span> <span class='ocrx_word' id='word_1_728' title='bbox 1256 4027 1370 4099; x_wconf 86' lang='grc' dir='ltr'>εἰσάγων,</span> <span class='ocrx_word' id='word_1_729' title='bbox 1412 4026 1453 4088; x_wconf 80' lang='grc' dir='ltr'>Ὧς</span> <span class='ocrx_word' id='word_1_730' title='bbox 1461 4027 1509 4097; x_wconf 80' lang='grc' dir='ltr'>γάρ</span> <span class='ocrx_word' id='word_1_731' title='bbox 1519 4027 1718 4098; x_wconf 77' lang='grc' dir='ltr'>ὁμολογουμένου</span> <span class='ocrx_word' id='word_1_732' title='bbox 1730 4033 1773 4080; x_wconf 93' lang='grc' dir='ltr'>τοῦ</span> 
     </span>
     <span class='ocr_line' id='line_1_47' title="bbox 181 4103 1771 4177; baseline 0 -20"><span class='ocrx_word' id='word_1_733' title='bbox 181 4104 338 4174; x_wconf 86' lang='grc' dir='ltr'>ἐφεστηκότας</span> <span class='ocrx_word' id='word_1_734' title='bbox 351 4103 393 4175; x_wconf 81' lang='grc' dir='ltr'>μέν</span> <span class='ocrx_word' id='word_1_735' title='bbox 413 4105 510 4166; x_wconf 80' lang='grc' dir='ltr'>σκαιούς</span> <span class='ocrx_word' id='word_1_736' title='bbox 525 4108 578 4166; x_wconf 88' lang='grc' dir='ltr'>ταῖς</span> <span class='ocrx_word' id='word_1_737' title='bbox 595 4107 705 4175; x_wconf 83' lang='grc' dir='ltr'>γνώμαις</span> <span class='ocrx_word' id='word_1_738' title='bbox 721 4105 829 4168; x_wconf 76' lang='grc' dir='ltr'>δεικνύς,</span> <span class='ocrx_word' id='word_1_739' title='bbox 855 4107 910 4167; x_wconf 82' lang='grc' dir='ltr'>τούς</span> <span class='ocrx_word' id='word_1_740' title='bbox 927 4106 953 4159; x_wconf 85' lang='grc' dir='ltr'>δέ</span> <span class='ocrx_word' id='word_1_741' title='bbox 997 4111 1034 4162; x_wconf 86' lang='grc' dir='ltr'>ότι</span> <span class='ocrx_word' id='word_1_742' title='bbox 1049 4109 1106 4177; x_wconf 76' lang='grc' dir='ltr'>ὑπὲρ</span> <span class='ocrx_word' id='word_1_743' title='bbox 1121 4108 1198 4161; x_wconf 80' lang='grc' dir='ltr'>αἰετῶν</span> <span class='ocrx_word' id='word_1_744' title='bbox 1213 4107 1281 4160; x_wconf 85' lang='grc' dir='ltr'>ἔσται</span> <span class='ocrx_word' id='word_1_745' title='bbox 1294 4107 1309 4159; x_wconf 91' lang='grc' dir='ltr'>ό</span> <span class='ocrx_word' id='word_1_746' title='bbox 1320 4106 1442 4175; x_wconf 87' lang='grc' dir='ltr'>πόλεμος,</span> <span class='ocrx_word' id='word_1_747' title='bbox 1457 4106 1522 4158; x_wconf 86' lang='grc' dir='ltr'>ούτω</span> <span class='ocrx_word' id='word_1_748' title='bbox 1531 4106 1573 4159; x_wconf 75' lang='grc' dir='ltr'>τὀν</span> <span class='ocrx_word' id='word_1_749' title='bbox 1587 4107 1641 4176; x_wconf 81' lang='grc' dir='ltr'>περί</span> <span class='ocrx_word' id='word_1_750' title='bbox 1652 4112 1700 4158; x_wconf 84' lang='grc' dir='ltr'>τῶν</span> <span class='ocrx_word' id='word_1_751' title='bbox 1710 4125 1771 4176; x_wconf 84' lang='grc' dir='ltr'>γρη-</span> 
     </span>
     <span class='ocr_line' id='line_1_48' title="bbox 180 4181 1771 4259; baseline 0.002 -25"><span class='ocrx_word' id='word_1_752' title='bbox 180 4181 313 4244; x_wconf 85' lang='grc' dir='ltr'>ίπιῦούλως</span> <span class='ocrx_word' id='word_1_753' title='bbox 327 4184 503 4254; x_wconf 82' lang='grc' dir='ltr'>διακειμένους,</span> <span class='ocrx_word' id='word_1_754' title='bbox 516 4185 571 4246; x_wconf 78' lang='grc' dir='ltr'>τοῦς</span> <span class='ocrx_word' id='word_1_755' title='bbox 585 4184 611 4237; x_wconf 91' lang='grc' dir='ltr'>δέ</span> <span class='ocrx_word' id='word_1_756' title='bbox 624 4183 731 4245; x_wconf 87' lang='grc' dir='ltr'>ἀσθενεῖς</span> <span class='ocrx_word' id='word_1_757' title='bbox 747 4182 899 4253; x_wconf 87' lang='grc' dir='ltr'>ύπάρχοντας</span> <span class='ocrx_word' id='word_1_758' title='bbox 909 4186 952 4255; x_wconf 88' lang='grc' dir='ltr'>φύ·</span> <span class='ocrx_word' id='word_1_759' title='bbox 998 4191 1080 4259; x_wconf 82' lang='grc' dir='ltr'>μάτων</span> <span class='ocrx_word' id='word_1_760' title='bbox 1092 4191 1197 4241; x_wconf 87' lang='grc' dir='ltr'>ποιεῖται</span> <span class='ocrx_word' id='word_1_761' title='bbox 1213 4187 1300 4255; x_wconf 88' lang='grc' dir='ltr'>λόγον.</span> <span class='ocrx_word' id='word_1_762' title='bbox 1323 4187 1406 4237; x_wconf 84' lang='grc' dir='ltr'>Καίτοι</span> <span class='ocrx_word' id='word_1_763' title='bbox 1420 4204 1449 4255; x_wconf 93' lang='grc' dir='ltr'>γε</span> <span class='ocrx_word' id='word_1_764' title='bbox 1466 4186 1582 4254; x_wconf 91' lang='grc' dir='ltr'>πρότερον</span> <span class='ocrx_word' id='word_1_765' title='bbox 1596 4184 1771 4253; x_wconf 85' lang='grc' dir='ltr'>ἀποδειχθῆναι</span> 
     </span>
     <span class='ocr_line' id='line_1_49' title="bbox 181 4259 1770 4335; baseline 0 -21"><span class='ocrx_word' id='word_1_766' title='bbox 181 4278 231 4313; x_wconf 82' lang='grc' dir='ltr'>σει·</span> <span class='ocrx_word' id='word_1_767' title='bbox 247 4262 306 4330; x_wconf 77' lang='grc' dir='ltr'>ὅπερ</span> <span class='ocrx_word' id='word_1_768' title='bbox 319 4259 410 4322; x_wconf 85' lang='grc' dir='ltr'>ἐκεῖνος</span> <span class='ocrx_word' id='word_1_769' title='bbox 425 4261 536 4328; x_wconf 88' lang='grc' dir='ltr'>ἐποίησεν</span> <span class='ocrx_word' id='word_1_770' title='bbox 552 4260 591 4315; x_wconf 82' lang='grc' dir='ltr'>ἐπί</span> <span class='ocrx_word' id='word_1_771' title='bbox 599 4265 642 4328; x_wconf 87' lang='grc' dir='ltr'>τῆς</span> <span class='ocrx_word' id='word_1_772' title='bbox 655 4261 771 4330; x_wconf 88' lang='grc' dir='ltr'>βασιλέως</span> <span class='ocrx_word' id='word_1_773' title='bbox 780 4262 912 4331; x_wconf 85' lang='grc' dir='ltr'>δυνάμεως.</span> <span class='ocrx_word' id='word_1_774' title='bbox 997 4265 1046 4317; x_wconf 81' lang='grc' dir='ltr'>ἔδει</span> <span class='ocrx_word' id='word_1_775' title='bbox 1057 4267 1157 4335; x_wconf 87' lang='grc' dir='ltr'>πότερόν</span> <span class='ocrx_word' id='word_1_776' title='bbox 1167 4283 1225 4317; x_wconf 90' lang='grc' dir='ltr'>ποτε</span> <span class='ocrx_word' id='word_1_777' title='bbox 1241 4263 1331 4324; x_wconf 90' lang='grc' dir='ltr'>οἰκεῖος</span> <span class='ocrx_word' id='word_1_778' title='bbox 1343 4262 1420 4315; x_wconf 84' lang='grc' dir='ltr'>αύτῶν</span> <span class='ocrx_word' id='word_1_779' title='bbox 1437 4262 1451 4314; x_wconf 91' lang='grc' dir='ltr'>ό</span> <span class='ocrx_word' id='word_1_780' title='bbox 1468 4262 1591 4332; x_wconf 88' lang='grc' dir='ltr'>πόλεμος,</span> <span class='ocrx_word' id='word_1_781' title='bbox 1611 4264 1712 4332; x_wconf 90' lang='grc' dir='ltr'>πότερον</span> <span class='ocrx_word' id='word_1_782' title='bbox 1726 4264 1770 4315; x_wconf 82' lang='grc' dir='ltr'>οῦκ</span> 
     </span>
     <span class='ocr_line' id='line_1_50' title="bbox 215 4337 1771 4412; baseline 0.003 -23"><span class='ocrx_word' id='word_1_783' title='bbox 215 4337 250 4390; x_wconf 77' lang='grc' dir='ltr'>θδ</span> <span class='ocrx_word' id='word_1_784' title='bbox 274 4338 322 4409; x_wconf 76' lang='grc' dir='ltr'>μήν</span> <span class='ocrx_word' id='word_1_785' title='bbox 341 4338 436 4408; x_wconf 85' lang='grc' dir='ltr'>όμοίαις</span> <span class='ocrx_word' id='word_1_786' title='bbox 456 4339 604 4412; x_wconf 86' lang='grc' dir='ltr'>εἰσαγωγαῖς</span> <span class='ocrx_word' id='word_1_787' title='bbox 618 4340 739 4410; x_wconf 87' lang='grc' dir='ltr'>ἐχρήσατο</span> <span class='ocrx_word' id='word_1_788' title='bbox 760 4340 798 4394; x_wconf 88' lang='grc' dir='ltr'>ἐπί</span> <span class='ocrx_word' id='word_1_789' title='bbox 819 4346 867 4392; x_wconf 92' lang='grc' dir='ltr'>τῶν</span> <span class='ocrx_word' id='word_1_790' title='bbox 880 4346 952 4410; x_wconf 80' lang='grc' dir='ltr'>τριῶν</span> <span class='ocrx_word' id='word_1_791' title='bbox 996 4343 1093 4407; x_wconf 87' lang='grc' dir='ltr'>οἰκεῖος.</span> <span class='ocrx_word' id='word_1_792' title='bbox 1134 4344 1200 4396; x_wconf 73' lang='grc' dir='ltr'>’0δέ</span> <span class='ocrx_word' id='word_1_793' title='bbox 1217 4348 1289 4397; x_wconf 90' lang='grc' dir='ltr'>τοῦτο</span> <span class='ocrx_word' id='word_1_794' title='bbox 1304 4345 1383 4412; x_wconf 84' lang='grc' dir='ltr'>ῶσπερ</span> <span class='ocrx_word' id='word_1_795' title='bbox 1399 4341 1601 4412; x_wconf 76' lang='grc' dir='ltr'>ὁμολογούμενον</span> <span class='ocrx_word' id='word_1_796' title='bbox 1622 4342 1771 4412; x_wconf 85' lang='grc' dir='ltr'>συναρπάσας</span> 
     </span>
     <span class='ocr_line' id='line_1_51' title="bbox 180 4416 1771 4493; baseline 0.004 -26"><span class='ocrx_word' id='word_1_797' title='bbox 180 4416 282 4479; x_wconf 80' lang='grc' dir='ltr'>τούτων,</span> <span class='ocrx_word' id='word_1_798' title='bbox 300 4416 359 4485; x_wconf 75' lang='grc' dir='ltr'>άπερ</span> <span class='ocrx_word' id='word_1_799' title='bbox 374 4417 465 4487; x_wconf 89' lang='grc' dir='ltr'>ἐφαμεν</span> <span class='ocrx_word' id='word_1_800' title='bbox 485 4416 633 4470; x_wconf 85' lang='grc' dir='ltr'>ἀντικεῖσθαι</span> <span class='ocrx_word' id='word_1_801' title='bbox 653 4418 718 4489; x_wconf 82' lang='grc' dir='ltr'>αύτῶ</span> <span class='ocrx_word' id='word_1_802' title='bbox 736 4417 851 4487; x_wconf 79' lang='grc' dir='ltr'>πρδςτῆν</span> <span class='ocrx_word' id='word_1_803' title='bbox 866 4418 952 4471; x_wconf 89' lang='grc' dir='ltr'>ύπόθε-</span> <span class='ocrx_word' id='word_1_804' title='bbox 996 4423 1044 4477; x_wconf 89' lang='grc' dir='ltr'>άπδ</span> <span class='ocrx_word' id='word_1_805' title='bbox 1056 4431 1104 4476; x_wconf 90' lang='grc' dir='ltr'>τῶν</span> <span class='ocrx_word' id='word_1_806' title='bbox 1113 4424 1228 4493; x_wconf 89' lang='grc' dir='ltr'>δευτέρων</span> <span class='ocrx_word' id='word_1_807' title='bbox 1243 4424 1354 4492; x_wconf 84' lang='grc' dir='ltr'>άρχεται,</span> <span class='ocrx_word' id='word_1_808' title='bbox 1391 4424 1473 4474; x_wconf 89' lang='grc' dir='ltr'>Τοῦτο</span> <span class='ocrx_word' id='word_1_809' title='bbox 1486 4421 1512 4474; x_wconf 85' lang='grc' dir='ltr'>δέ</span> <span class='ocrx_word' id='word_1_810' title='bbox 1525 4422 1641 4487; x_wconf 88' lang='grc' dir='ltr'>πεποίηκε</span> <span class='ocrx_word' id='word_1_811' title='bbox 1650 4423 1691 4475; x_wconf 79' lang='grc' dir='ltr'>καί</span> <span class='ocrx_word' id='word_1_812' title='bbox 1701 4421 1726 4474; x_wconf 92' lang='grc' dir='ltr'>ἐν</span> <span class='ocrx_word' id='word_1_813' title='bbox 1736 4428 1771 4493; x_wconf 84' lang='grc' dir='ltr'>τῷ</span> 
     </span>
     <span class='ocr_line' id='line_1_52' title="bbox 180 4493 1769 4575; baseline 0.002 -28"><span class='ocrx_word' id='word_1_814' title='bbox 180 4514 228 4557; x_wconf 92' lang='grc' dir='ltr'>σιν,</span> <span class='ocrx_word' id='word_1_815' title='bbox 249 4493 304 4548; x_wconf 87' lang='grc' dir='ltr'>ούδέ</span> <span class='ocrx_word' id='word_1_816' title='bbox 321 4494 383 4547; x_wconf 87' lang='grc' dir='ltr'>κατά</span> <span class='ocrx_word' id='word_1_817' title='bbox 397 4494 526 4558; x_wconf 88' lang='grc' dir='ltr'>ἀντιθέσεις</span> <span class='ocrx_word' id='word_1_818' title='bbox 544 4495 652 4566; x_wconf 80' lang='grc' dir='ltr'>ἀπαντᾷ·</span> <span class='ocrx_word' id='word_1_819' title='bbox 668 4496 774 4550; x_wconf 81' lang='grc' dir='ltr'>ἀλλάτδ</span> <span class='ocrx_word' id='word_1_820' title='bbox 787 4499 829 4569; x_wconf 88' lang='grc' dir='ltr'>μέν</span> <span class='ocrx_word' id='word_1_821' title='bbox 846 4504 951 4569; x_wconf 87' lang='grc' dir='ltr'>πρῶτον,</span> <span class='ocrx_word' id='word_1_822' title='bbox 996 4506 1049 4575; x_wconf 81' lang='grc' dir='ltr'>περί</span> <span class='ocrx_word' id='word_1_823' title='bbox 1061 4509 1103 4556; x_wconf 87' lang='grc' dir='ltr'>τοῦ</span> <span class='ocrx_word' id='word_1_824' title='bbox 1114 4504 1231 4573; x_wconf 84' lang='grc' dir='ltr'>στεφάνου</span> <span class='ocrx_word' id='word_1_825' title='bbox 1242 4502 1321 4571; x_wconf 89' lang='grc' dir='ltr'>λόγῳ.</span> <span class='ocrx_word' id='word_1_826' title='bbox 1359 4500 1467 4565; x_wconf 82' lang='grc' dir='ltr'>ίίίηδίπω</span> <span class='ocrx_word' id='word_1_827' title='bbox 1479 4498 1527 4569; x_wconf 89' lang='grc' dir='ltr'>γάρ</span> <span class='ocrx_word' id='word_1_828' title='bbox 1538 4499 1657 4564; x_wconf 76' lang='grc' dir='ltr'>συστήσας</span> <span class='ocrx_word' id='word_1_829' title='bbox 1668 4500 1769 4568; x_wconf 89' lang='grc' dir='ltr'>πότερον</span> 
     </span>
     <span class='ocr_line' id='line_1_53' title="bbox 179 4569 1768 4651; baseline 0.003 -26"><span class='ocrx_word' id='word_1_830' title='bbox 179 4572 210 4625; x_wconf 90' lang='grc' dir='ltr'>δι’</span> <span class='ocrx_word' id='word_1_831' title='bbox 223 4569 252 4626; x_wconf 85' lang='grc' dir='ltr'>ού</span> <span class='ocrx_word' id='word_1_832' title='bbox 268 4575 439 4636; x_wconf 83' lang='grc' dir='ltr'>κατασκευάζει</span> <span class='ocrx_word' id='word_1_833' title='bbox 457 4573 547 4626; x_wconf 90' lang='grc' dir='ltr'>οἰκεῖον</span> <span class='ocrx_word' id='word_1_834' title='bbox 561 4573 624 4627; x_wconf 77' lang='grc' dir='ltr'>εἶναι</span> <span class='ocrx_word' id='word_1_835' title='bbox 637 4576 679 4628; x_wconf 84' lang='grc' dir='ltr'>τδν</span> <span class='ocrx_word' id='word_1_836' title='bbox 693 4576 817 4647; x_wconf 87' lang='grc' dir='ltr'>πόλεμον,</span> <span class='ocrx_word' id='word_1_837' title='bbox 830 4578 863 4638; x_wconf 86' lang='grc' dir='ltr'>ίος</span> <span class='ocrx_word' id='word_1_838' title='bbox 876 4597 952 4648; x_wconf 89' lang='grc' dir='ltr'>προη-</span> <span class='ocrx_word' id='word_1_839' title='bbox 996 4582 1068 4635; x_wconf 83' lang='grc' dir='ltr'>αύτδν</span> <span class='ocrx_word' id='word_1_840' title='bbox 1078 4583 1093 4647; x_wconf 79' lang='grc' dir='ltr'><strong>ἢ</strong></span> <span class='ocrx_word' id='word_1_841' title='bbox 1102 4582 1261 4651; x_wconf 79' lang='grc' dir='ltr'>Κτησιφῶντα</span> <span class='ocrx_word' id='word_1_842' title='bbox 1269 4577 1523 4647; x_wconf 88' lang='grc' dir='ltr'>ἀπολογήσασθαιδεῖ,</span> <span class='ocrx_word' id='word_1_843' title='bbox 1535 4579 1686 4646; x_wconf 75' lang='grc' dir='ltr'>συναρπάσας</span> <span class='ocrx_word' id='word_1_844' title='bbox 1696 4583 1768 4630; x_wconf 89' lang='grc' dir='ltr'>τοῦτο</span> 
     </span>
     <span class='ocr_line' id='line_1_54' title="bbox 179 4649 1770 4730; baseline 0.002 -26"><span class='ocrx_word' id='word_1_845' title='bbox 179 4653 309 4723; x_wconf 88' lang='grc' dir='ltr'>γούμενον.</span> <span class='ocrx_word' id='word_1_846' title='bbox 347 4649 383 4706; x_wconf 79' lang='grc' dir='ltr'>Οῦ</span> <span class='ocrx_word' id='word_1_847' title='bbox 393 4651 554 4722; x_wconf 89' lang='grc' dir='ltr'>προελθόντος</span> <span class='ocrx_word' id='word_1_848' title='bbox 567 4653 608 4706; x_wconf 83' lang='grc' dir='ltr'>καὶ</span> <span class='ocrx_word' id='word_1_849' title='bbox 620 4661 838 4726; x_wconf 88' lang='grc' dir='ltr'>προκεχωρηκυιῶν</span> <span class='ocrx_word' id='word_1_850' title='bbox 849 4654 894 4722; x_wconf 78' lang='grc' dir='ltr'>ἤδη</span> <span class='ocrx_word' id='word_1_851' title='bbox 904 4662 951 4709; x_wconf 90' lang='grc' dir='ltr'>τῶν</span> <span class='ocrx_word' id='word_1_852' title='bbox 994 4661 1027 4721; x_wconf 84' lang='grc' dir='ltr'>ῶς</span> <span class='ocrx_word' id='word_1_853' title='bbox 1040 4660 1240 4730; x_wconf 85' lang='grc' dir='ltr'>ὁμολογούμενον</span> <span class='ocrx_word' id='word_1_854' title='bbox 1258 4656 1324 4718; x_wconf 88' lang='grc' dir='ltr'>ἀξιοῖ</span> <span class='ocrx_word' id='word_1_855' title='bbox 1339 4656 1394 4718; x_wconf 77' lang='grc' dir='ltr'>τοῦς</span> <span class='ocrx_word' id='word_1_856' title='bbox 1409 4655 1540 4716; x_wconf 86' lang='grc' dir='ltr'>ἀκούοντας</span> <span class='ocrx_word' id='word_1_857' title='bbox 1558 4654 1688 4726; x_wconf 84' lang='grc' dir='ltr'>ἐπιτρέπειν</span> <span class='ocrx_word' id='word_1_858' title='bbox 1705 4656 1770 4728; x_wconf 83' lang='grc' dir='ltr'>αύτῷ</span> 
     </span>
     <span class='ocr_line' id='line_1_55' title="bbox 179 4730 1770 4807; baseline 0.001 -23"><span class='ocrx_word' id='word_1_859' title='bbox 179 4737 342 4796; x_wconf 83' lang='grc' dir='ltr'>κατασκευῶν,</span> <span class='ocrx_word' id='word_1_860' title='bbox 363 4730 503 4798; x_wconf 87' lang='grc' dir='ltr'>λεληθότως</span> <span class='ocrx_word' id='word_1_861' title='bbox 525 4736 568 4797; x_wconf 92' lang='grc' dir='ltr'>τῆς</span> <span class='ocrx_word' id='word_1_862' title='bbox 590 4732 731 4794; x_wconf 86' lang='grc' dir='ltr'>ἀντιθέσεως</span> <span class='ocrx_word' id='word_1_863' title='bbox 751 4735 792 4788; x_wconf 79' lang='grc' dir='ltr'>καί</span> <span class='ocrx_word' id='word_1_864' title='bbox 812 4735 953 4797; x_wconf 85' lang='grc' dir='ltr'>ἀνυπόπτως</span> <span class='ocrx_word' id='word_1_865' title='bbox 996 4739 1049 4789; x_wconf 88' lang='grc' dir='ltr'>καθ’</span> <span class='ocrx_word' id='word_1_866' title='bbox 1064 4739 1094 4803; x_wconf 82' lang='grc' dir='ltr'>ῆν</span> <span class='ocrx_word' id='word_1_867' title='bbox 1110 4736 1223 4807; x_wconf 83' lang='grc' dir='ltr'>βούλεται</span> <span class='ocrx_word' id='word_1_868' title='bbox 1235 4736 1300 4796; x_wconf 87' lang='grc' dir='ltr'>τάξιν</span> <span class='ocrx_word' id='word_1_869' title='bbox 1317 4736 1433 4805; x_wconf 85' lang='grc' dir='ltr'>προάγειν</span> <span class='ocrx_word' id='word_1_870' title='bbox 1451 4735 1493 4787; x_wconf 79' lang='grc' dir='ltr'>τὸν</span> <span class='ocrx_word' id='word_1_871' title='bbox 1506 4735 1593 4804; x_wconf 80' lang='grc' dir='ltr'>λόγον,</span> <span class='ocrx_word' id='word_1_872' title='bbox 1631 4733 1665 4784; x_wconf 69' lang='lat' dir='ltr'>Tb</span> <span class='ocrx_word' id='word_1_873' title='bbox 1677 4732 1703 4785; x_wconf 82' lang='grc' dir='ltr'>δέ</span> <span class='ocrx_word' id='word_1_874' title='bbox 1717 4734 1770 4785; x_wconf 84' lang='grc' dir='ltr'>δεύ·</span> 
     </span>
     <span class='ocr_line' id='line_1_56' title="bbox 180 4810 1767 4885; baseline -0.001 -22"><span class='ocrx_word' id='word_1_875' title='bbox 180 4812 279 4883; x_wconf 83' lang='grc' dir='ltr'>μνήμην</span> <span class='ocrx_word' id='word_1_876' title='bbox 293 4813 431 4879; x_wconf 89' lang='grc' dir='ltr'>πεποίηται.</span> <span class='ocrx_word' id='word_1_877' title='bbox 469 4811 538 4865; x_wconf 82' lang='grc' dir='ltr'>Μετά</span> <span class='ocrx_word' id='word_1_878' title='bbox 559 4812 607 4883; x_wconf 76' lang='grc' dir='ltr'>γάρ</span> <span class='ocrx_word' id='word_1_879' title='bbox 629 4812 658 4866; x_wconf 87' lang='grc' dir='ltr'>τδ</span> <span class='ocrx_word' id='word_1_880' title='bbox 678 4813 797 4877; x_wconf 89' lang='grc' dir='ltr'>πολλάκις</span> <span class='ocrx_word' id='word_1_881' title='bbox 821 4815 952 4879; x_wconf 81' lang='grc' dir='ltr'>ἀποδείξεις</span> <span class='ocrx_word' id='word_1_882' title='bbox 996 4833 1065 4885; x_wconf 91' lang='grc' dir='ltr'>τερον</span> <span class='ocrx_word' id='word_1_883' title='bbox 1081 4818 1150 4885; x_wconf 88' lang='grc' dir='ltr'>μέρος</span> <span class='ocrx_word' id='word_1_884' title='bbox 1161 4818 1205 4868; x_wconf 91' lang='grc' dir='ltr'>τοῦ</span> <span class='ocrx_word' id='word_1_885' title='bbox 1217 4813 1291 4866; x_wconf 85' lang='grc' dir='ltr'>αύτοῦ</span> <span class='ocrx_word' id='word_1_886' title='bbox 1305 4814 1434 4884; x_wconf 87' lang='grc' dir='ltr'>προοιμίου</span> <span class='ocrx_word' id='word_1_887' title='bbox 1451 4812 1585 4879; x_wconf 87' lang='grc' dir='ltr'>λεληθυῖαν</span> <span class='ocrx_word' id='word_1_888' title='bbox 1600 4812 1653 4882; x_wconf 78' lang='grc' dir='ltr'>ἔχει</span> <span class='ocrx_word' id='word_1_889' title='bbox 1670 4810 1714 4876; x_wconf 82' lang='grc' dir='ltr'>τὴν</span> <span class='ocrx_word' id='word_1_890' title='bbox 1728 4812 1767 4863; x_wconf 81' lang='grc' dir='ltr'>ἐν·</span> 
     </span>
     <span class='ocr_line' id='line_1_57' title="bbox 178 4888 1768 4965; baseline -0.002 -21"><span class='ocrx_word' id='word_1_891' title='bbox 178 4890 324 4957; x_wconf 86' lang='grc' dir='ltr'>ποιήσασθαι</span> <span class='ocrx_word' id='word_1_892' title='bbox 336 4895 379 4944; x_wconf 88' lang='grc' dir='ltr'>τοῦ</span> <span class='ocrx_word' id='word_1_893' title='bbox 395 4891 447 4943; x_wconf 86' lang='grc' dir='ltr'>δεῖν</span> <span class='ocrx_word' id='word_1_894' title='bbox 461 4896 509 4943; x_wconf 90' lang='grc' dir='ltr'>τῶν</span> <span class='ocrx_word' id='word_1_895' title='bbox 521 4892 671 4961; x_wconf 88' lang='grc' dir='ltr'>πραγμάτων</span> <span class='ocrx_word' id='word_1_896' title='bbox 684 4891 826 4962; x_wconf 89' lang='grc' dir='ltr'>ἀντέχεσθαι</span> <span class='ocrx_word' id='word_1_897' title='bbox 843 4893 950 4965; x_wconf 87' lang='grc' dir='ltr'>ἐπήγαγε</span> <span class='ocrx_word' id='word_1_898' title='bbox 994 4893 1066 4955; x_wconf 90' lang='grc' dir='ltr'>δειξιν</span> <span class='ocrx_word' id='word_1_899' title='bbox 1079 4898 1122 4948; x_wconf 88' lang='grc' dir='ltr'>τοῦ</span> <span class='ocrx_word' id='word_1_900' title='bbox 1134 4893 1272 4947; x_wconf 89' lang='grc' dir='ltr'>πεποιθέναι</span> <span class='ocrx_word' id='word_1_901' title='bbox 1283 4895 1335 4953; x_wconf 90' lang='grc' dir='ltr'>τοῖς</span> <span class='ocrx_word' id='word_1_902' title='bbox 1351 4891 1496 4962; x_wconf 89' lang='grc' dir='ltr'>λογισμοῖς,</span> <span class='ocrx_word' id='word_1_903' title='bbox 1511 4892 1552 4944; x_wconf 86' lang='grc' dir='ltr'>καί</span> <span class='ocrx_word' id='word_1_904' title='bbox 1569 4891 1608 4942; x_wconf 85' lang='grc' dir='ltr'>δτι</span> <span class='ocrx_word' id='word_1_905' title='bbox 1621 4888 1698 4950; x_wconf 81' lang='grc' dir='ltr'>ούδελς</span> <span class='ocrx_word' id='word_1_906' title='bbox 1711 4889 1768 4958; x_wconf 64' lang='grc' dir='ltr'>βελς</span> 
     </span>
     <span class='ocr_line' id='line_1_58' title="bbox 182 4966 1768 5049; baseline -0.003 -26"><span class='ocrx_word' id='word_1_907' title='bbox 182 4974 260 5027; x_wconf 81' lang='grc' dir='ltr'>εΝῦν</span> <span class='ocrx_word' id='word_1_908' title='bbox 275 4973 350 5046; x_wconf 86' lang='grc' dir='ltr'>γάρδ</span> <span class='ocrx_word' id='word_1_909' title='bbox 368 4976 455 5037; x_wconf 83' lang='grc' dir='ltr'>πάντες</span> <span class='ocrx_word' id='word_1_910' title='bbox 475 4972 589 5044; x_wconf 88' lang='grc' dir='ltr'>ἐθρύλουν</span> <span class='ocrx_word' id='word_1_911' title='bbox 602 4973 636 5036; x_wconf 81' lang='grc' dir='ltr'>ύες</span> <span class='ocrx_word' id='word_1_912' title='bbox 651 4972 792 5038; x_wconf 87' lang='grc' dir='ltr'>Ὀλυνθίους</span> <span class='ocrx_word' id='word_1_913' title='bbox 809 4975 949 5049; x_wconf 80' lang='grc' dir='ltr'>ἐκπολεμῶ-</span> <span class='ocrx_word' id='word_1_914' title='bbox 994 4974 1063 5026; x_wconf 91' lang='grc' dir='ltr'>τίονα</span> <span class='ocrx_word' id='word_1_915' title='bbox 1083 4971 1247 5042; x_wconf 86' lang='grc' dir='ltr'>εἰσηγήσεται.</span> <span class='ocrx_word' id='word_1_916' title='bbox 1296 4970 1326 5023; x_wconf 82' lang='lat' dir='ltr'>&#39;H</span> <span class='ocrx_word' id='word_1_917' title='bbox 1350 4971 1396 5042; x_wconf 85' lang='grc' dir='ltr'>γάρ</span> <span class='ocrx_word' id='word_1_918' title='bbox 1417 4969 1450 5031; x_wconf 90' lang='grc' dir='ltr'>εἰς</span> <span class='ocrx_word' id='word_1_919' title='bbox 1464 4970 1572 5030; x_wconf 75' lang='grc' dir='ltr'>ἅπαντας</span> <span class='ocrx_word' id='word_1_920' title='bbox 1592 4968 1648 5029; x_wconf 74' lang='grc' dir='ltr'>τούς</span> <span class='ocrx_word' id='word_1_921' title='bbox 1666 4966 1768 5038; x_wconf 80' lang='grc' dir='ltr'>ῥήτορας</span> 
     </span>
     <span class='ocr_line' id='line_1_59' title="bbox 182 5048 1767 5124; baseline -0.003 -22"><span class='ocrx_word' id='word_1_922' title='bbox 182 5075 193 5095; x_wconf 80' lang='grc' dir='ltr'>ι</span> <span class='ocrx_word' id='word_1_923' title='bbox 209 5068 249 5102; x_wconf 88' lang='grc' dir='ltr'>σαι</span> <span class='ocrx_word' id='word_1_924' title='bbox 268 5052 316 5107; x_wconf 86' lang='grc' dir='ltr'>δεῖ.</span> <span class='ocrx_word' id='word_1_925' title='bbox 339 5075 349 5102; x_wconf 82' lang='grc' dir='ltr'>ι</span> <span class='ocrx_word' id='word_1_926' title='bbox 373 5052 406 5105; x_wconf 87' lang='grc' dir='ltr'>Ὃ</span> <span class='ocrx_word' id='word_1_927' title='bbox 425 5053 498 5123; x_wconf 81' lang='grc' dir='ltr'>δοκεῖ</span> <span class='ocrx_word' id='word_1_928' title='bbox 511 5053 592 5122; x_wconf 75' lang='grc' dir='ltr'>ὥσπερ</span> <span class='ocrx_word' id='word_1_929' title='bbox 606 5051 728 5123; x_wconf 87' lang='grc' dir='ltr'>ἀναίρεσιν</span> <span class='ocrx_word' id='word_1_930' title='bbox 751 5052 894 5124; x_wconf 88' lang='grc' dir='ltr'>ἐργάζεσθαι</span> <span class='ocrx_word' id='word_1_931' title='bbox 909 5059 950 5121; x_wconf 83' lang='grc' dir='ltr'>τῆς</span> <span class='ocrx_word' id='word_1_932' title='bbox 994 5052 1125 5123; x_wconf 85' lang='grc' dir='ltr'>πρόκλησις</span> <span class='ocrx_word' id='word_1_933' title='bbox 1139 5052 1283 5122; x_wconf 86' lang='grc' dir='ltr'>θαρροῦντός</span> <span class='ocrx_word' id='word_1_934' title='bbox 1299 5049 1348 5104; x_wconf 86' lang='grc' dir='ltr'>ἐστι</span> <span class='ocrx_word' id='word_1_935' title='bbox 1369 5049 1410 5100; x_wconf 80' lang='grc' dir='ltr'>καί</span> <span class='ocrx_word' id='word_1_936' title='bbox 1423 5049 1565 5108; x_wconf 86' lang='grc' dir='ltr'>πεποιθότος</span> <span class='ocrx_word' id='word_1_937' title='bbox 1584 5052 1619 5117; x_wconf 76' lang='grc' dir='ltr'>τῷ</span> <span class='ocrx_word' id='word_1_938' title='bbox 1636 5048 1767 5117; x_wconf 85' lang='grc' dir='ltr'>σκέμματι,</span> 
     </span>
     <span class='ocr_line' id='line_1_60' title="bbox 179 5123 1768 5209; baseline -0.002 -30"><span class='ocrx_word' id='word_1_939' title='bbox 179 5126 329 5192; x_wconf 86' lang='grc' dir='ltr'>ἀντιθέσεως.</span> <span class='ocrx_word' id='word_1_940' title='bbox 366 5131 407 5193; x_wconf 88' lang='grc' dir='ltr'>Τίς</span> <span class='ocrx_word' id='word_1_941' title='bbox 426 5130 515 5202; x_wconf 82' lang='grc' dir='ltr'>γάράν</span> <span class='ocrx_word' id='word_1_942' title='bbox 535 5130 681 5209; x_wconf 87' lang='grc' dir='ltr'>τολμήσειεν</span> <span class='ocrx_word' id='word_1_943' title='bbox 706 5130 836 5202; x_wconf 88' lang='grc' dir='ltr'>ἀλλότριον</span> <span class='ocrx_word' id='word_1_944' title='bbox 855 5132 890 5186; x_wconf 83' lang='grc' dir='ltr'>ἐτι</span> <span class='ocrx_word' id='word_1_945' title='bbox 905 5133 949 5204; x_wconf 83' lang='grc' dir='ltr'>φά-</span> <span class='ocrx_word' id='word_1_946' title='bbox 994 5135 1025 5184; x_wconf 86' lang='grc' dir='ltr'>δι’</span> <span class='ocrx_word' id='word_1_947' title='bbox 1042 5129 1070 5184; x_wconf 78' lang='grc' dir='ltr'>οὗ</span> <span class='ocrx_word' id='word_1_948' title='bbox 1083 5132 1288 5201; x_wconf 88' lang='grc' dir='ltr'>προαποκρούεται</span> <span class='ocrx_word' id='word_1_949' title='bbox 1308 5128 1364 5188; x_wconf 77' lang='grc' dir='ltr'>τοῦς</span> <span class='ocrx_word' id='word_1_950' title='bbox 1381 5127 1435 5198; x_wconf 87' lang='grc' dir='ltr'>περί</span> <span class='ocrx_word' id='word_1_951' title='bbox 1447 5132 1496 5179; x_wconf 87' lang='grc' dir='ltr'>τῶν</span> <span class='ocrx_word' id='word_1_952' title='bbox 1512 5127 1646 5206; x_wconf 80' lang='grc' dir='ltr'>χρημάτων</span> <span class='ocrx_word' id='word_1_953' title='bbox 1665 5123 1768 5178; x_wconf 85' lang='grc' dir='ltr'>ἀντικει-</span> 
     </span>
     <span class='ocr_line' id='line_1_61' title="bbox 180 5204 1768 5282; baseline 0.007 -25"><span class='ocrx_word' id='word_1_954' title='bbox 180 5225 244 5258; x_wconf 85' lang='grc' dir='ltr'>εκειν</span> <span class='ocrx_word' id='word_1_955' title='bbox 258 5204 322 5260; x_wconf 86' lang='grc' dir='ltr'>εἰναι</span> <span class='ocrx_word' id='word_1_956' title='bbox 336 5209 378 5262; x_wconf 87' lang='grc' dir='ltr'>τδν</span> <span class='ocrx_word' id='word_1_957' title='bbox 389 5209 498 5282; x_wconf 89' lang='grc' dir='ltr'>πόλεμον</span> <span class='ocrx_word' id='word_1_958' title='bbox 515 5211 543 5264; x_wconf 86' lang='grc' dir='ltr'>δν</span> <span class='ocrx_word' id='word_1_959' title='bbox 561 5207 628 5264; x_wconf 82' lang='grc' dir='ltr'>οῦτοι</span> <span class='ocrx_word' id='word_1_960' title='bbox 639 5210 757 5272; x_wconf 89' lang='grc' dir='ltr'>πολλάκις</span> <span class='ocrx_word' id='word_1_961' title='bbox 766 5213 950 5274; x_wconf 74' lang='grc' dir='ltr'>κατασκευάζειν</span> <span class='ocrx_word' id='word_1_962' title='bbox 996 5214 1079 5282; x_wconf 86' lang='grc' dir='ltr'>μένους</span> <span class='ocrx_word' id='word_1_963' title='bbox 1090 5212 1188 5281; x_wconf 88' lang='grc' dir='ltr'>λόγους.</span> <span class='ocrx_word' id='word_1_964' title='bbox 1225 5210 1319 5263; x_wconf 74' lang='grc' dir='ltr'>Ἅπασα</span> <span class='ocrx_word' id='word_1_965' title='bbox 1332 5207 1380 5277; x_wconf 82' lang='grc' dir='ltr'>γάρ</span> <span class='ocrx_word' id='word_1_966' title='bbox 1393 5204 1409 5272; x_wconf 81' lang='grc' dir='ltr'><strong>ἢ</strong></span> <span class='ocrx_word' id='word_1_967' title='bbox 1424 5205 1505 5258; x_wconf 85' lang='grc' dir='ltr'>ἔννοια</span> <span class='ocrx_word' id='word_1_968' title='bbox 1516 5204 1598 5277; x_wconf 70' lang='grc' dir='ltr'>ῆπιμὶ</span> <span class='ocrx_word' id='word_1_969' title='bbox 1608 5208 1650 5270; x_wconf 71' lang='grc' dir='ltr'>τῆς</span> <span class='ocrx_word' id='word_1_970' title='bbox 1662 5204 1768 5275; x_wconf 47' lang='grc' dir='ltr'>Μοὺθ</span> 
     </span>
    </p>
   </div>
   <div class='ocr_carea' id='block_1_4' title="bbox 0 0 1988 5967">
    <p class='ocr_par' dir='ltr' id='par_1_4' title="bbox 0 0 1988 5967">
     <span class='ocr_line' id='line_1_62' title="bbox 0 0 1988 5967; baseline 0 7"><span class='ocrx_word' id='word_1_971' title='bbox 0 0 1988 5967; x_wconf 95' lang='lat' dir='ltr'> </span> 
     </span>
    </p>
   </div>
  </div>
 </body>
</html>
