3967 5967
255 467 310 517 832

253 584 332 644 tttv.
364 586 464 644 ΠΡΟΣ
494 585 712 644 ΕΥΚΛΕΙΔΗΝ
735 587 825 646 ΠΕΡΙ
852 587 929 645 ΊῊΣ
949 586 1026 644 ΤΟΥ

474 672 618 732 ΧΩΡΙΟΥ
638 675 796 733 ΑΥΣΕΩΣ.

293 807 306 831 ι
319 783 437 839 Videtur
450 803 515 858 ager
526 785 614 840 debiti
631 787 748 859 alicujus
760 788 920 862 hypotheca
934 788 1025 848 inisse.

252 870 323 925 Cum
344 869 473 925 debitum
493 871 564 925 illud
583 872 705 927 solutum
728 892 883 948 agrumque
906 874 1026 930 liberum

252 973 309 1010 esse
325 955 431 1012 diceret
449 958 594 1028 Euclides,
616 970 695 1014 actor
709 973 807 1018 contra
827 963 1027 1021 honoratione

252 1041 392 1112 defendit,
405 1062 503 1119 agrum
516 1064 575 1101 non
584 1046 706 1104 liberum
720 1066 786 1105 esse.
801 1048 844 1107 Cf.
861 1048 913 1123 frg.
930 1069 994 1109 ται.
1009 1075 1022 1101 ν

252 1125 396 1186 Saueerns.

293 1304 444 1378 Dionysius
455 1306 519 1364 Hal.
537 1318 556 1363 t.
569 1310 603 1382 V,
612 1327 644 1381 p.
658 1308 712 1364 611
725 1311 762 1364 R.
778 1329 785 1364 ι
801 1307 901 1369 Αὐτίκα
913 1305 960 1374 τίς
971 1309 1025 1379 διη-

251 1386 340 1462 γήσεις
363 1389 420 1448 τοτί
443 1390 490 1465 μὲν
509 1392 803 1470 ἀπροκατασκευάστους
822 1394 867 1452 καὶ
888 1395 1028 1473 συντόμους

252 1474 295 1531 καί
320 1476 392 1534 οὐδὲν
415 1477 650 1563 πρρλαμόανούσας
670 1483 722 1538 τῶν
746 1482 930 1541 ἀποδεικτικῶν
950 1484 976 1539 ἐν
993 1506 1026 1560 τη

252 1563 419 1645 προσηκούσῃ
434 1565 520 1635 τίθησι
539 1565 628 1647 χώρῳ,
642 1567 759 1647 καθάπερ
782 1571 860 1647 ἐντῷ
882 1570 946 1648 πρὸς
968 1568 1028 1628 Μέ-

251 1654 328 1710 δοντα
340 1655 412 1710 ποιεῖ
425 1651 493 1732 λόγῳ
509 1654 554 1712 καί
568 1657 594 1712 ίν
610 1659 648 1734 τῷ
662 1655 726 1734 πρὸς
739 1655 869 1735 Ἁγνόθεον
884 1655 929 1714 καί
950 1657 976 1714 ίν
991 1661 1025 1734 τῇ

251 1739 315 1817 πρὸς
339 1737 398 1806 τούς
420 1741 533 1815 δημότας
557 1741 750 1822 ἀμφισύητήσει
781 1742 840 1821 περὶ
862 1744 1026 1823 τοῦχωρίου

251 1824 296 1882 καί
313 1828 339 1883 ἐν
367 1825 455 1893 ἄλλοις
481 1827 597 1906 συχνοῖς·
621 1826 677 1887 τοτὲ
703 1829 729 1887 δὲ
756 1828 862 1907 μερίσας
887 1829 965 1894 αὐτάς
989 1836 1025 1898 είς

250 1909 284 1967 τὰ
305 1912 434 1992 κεφάλαια
455 1913 499 1970 καί
525 1917 589 1993 παρ’
612 1912 722 1974 ἕκαστον
745 1917 829 1975 αὐτῶν
852 1915 899 1983 τὰς
927 1917 1026 1981 πίστεις

252 2000 401 2078 παρατιθεὶς
418 2000 557 2075 ἐκμηκύνει
579 2023 607 2058 τε
621 2004 720 2077 μᾶλλον
734 2002 778 2061 καί
793 2002 906 2061 έκύαίνει
929 2002 959 2061 τὸ
978 2008 1025 2074 τῆς

251 2088 395 2163 διηγήσεως
416 2092 507 2166 σχῆμα
528 2091 565 2167 τῷ
588 2089 743 2168 συμφέροντι
765 2089 907 2170 χρώμενος.
950 2091 1025 2151 Tad-

251 2198 297 2245 της
322 2175 376 2233 ἐστὶ
400 2178 447 2244 τῆς
465 2173 568 2246 ίδέαςή
592 2198 620 2233 τι
640 2175 704 2253 πρὸς
730 2175 859 2255 Ἕρμωνα
886 2177 951 2256 ὑπὲρ
977 2182 1024 2249 τῆς

251 2259 343 2338 ἐγγύης
358 2259 485 2338 ἀπολογία
503 2259 548 2318 καί
566 2266 582 2332 η
597 2261 660 2341 πρὸς
673 2263 816 2334 Εὐκλείδην
830 2263 1025 2340 άμφισόήτησις

251 2349 315 2426 ὑπὲρ
328 2352 375 2419 τῆς
394 2354 439 2406 τοῦ
452 2347 549 2427 χωρίου
572 2349 669 2417 λύσεως
691 2350 766 2421 καίὴ
790 2350 854 2431 ὑπὲρ
877 2352 1023 2433 Εὐφιλήτου

249 2435 314 2512 πρὸς
327 2434 370 2492 τδν
385 2434 512 2514 Ἐρχιέων
525 2437 607 2511 δῆμον
627 2435 721 2518 ἔφεσις.
743 2437 788 2497 Ἐν
803 2437 853 2516 γδιρ
868 2439 899 2509 δὴ
912 2448 965 2507 τοῖς
978 2439 1023 2499 λό-

249 2543 303 2596 γοις
315 2521 414 2588 τούτοις
428 2521 589 2603 μακροτέρας
606 2523 652 2590 τὰς
666 2522 797 2602 διηγήσεις
810 2524 887 2594 οὔσας
903 2531 952 2606 οὐχ
966 2526 1022 2604 ἅμα

249 2609 348 2680 τίθησιν
363 2609 441 2684 ὅλας,
460 2610 528 2668 άλλδι
542 2609 610 2668 κατδι
623 2609 690 2689 μέρη
706 2611 889 2686 διαλαμόάνων
902 2614 940 2690 ἐφ’
957 2612 1022 2670 ἑκά-

249 2718 304 2775 στῳ
318 2696 453 2776 κεφαλαίῳ
466 2696 525 2764 τούς
537 2720 565 2756 τε
580 2698 713 2778 μάρτυρας
729 2698 853 2775 ἐπάγεται
864 2698 909 2756 καί
919 2698 964 2766 τδς
979 2699 1023 2758 άλ-

249 2783 295 2847 λας
311 2781 455 2863 παρέχεται
469 2784 611 2851 πίστεις...
626 2786 764 2864 Τοιγάρτοι
783 2783 848 2862 μετδ
862 2785 908 2852 τὰς
927 2785 1020 2862 διηγή-

249 2892 301 2937 σεις
315 2869 362 2937 τδις
374 2870 440 2929 οὐτω
453 2870 655 2950 ᾠκονομημένας
668 2871 753 2932 οὐκέτι
767 2870 812 2937 τδις
826 2871 1022 2951 προηγουμένας

248 2959 389 3028 ἀποδείξεις
405 2961 509 3026 πολλοῖς
525 2960 675 3038 βιόαιούται
685 2961 770 3037 λόγοις
783 2962 838 3018 οὐδ’
850 2962 919 3018 ἐστὶν
934 2958 1021 3036 ὅμοιος

248 3054 300 3112 τοῖς
314 3045 378 3116 νέοις
398 3048 594 3126 τεχνογράφοις,
609 3047 676 3107 ἀλλὰ
697 3047 743 3114 τὰς
758 3053 809 3107 τῶν
825 3049 960 3108 ἀντιδίκων
975 3048 1022 3108 τί·

247 3151 316 3197 ττεις
328 3135 440 3212 άναιρεῖν
453 3133 533 3193 οίεται
548 3136 611 3195 δεῖν.

286 3323 473 3397 Harpocratio
491 3338 499 3382 :
515 3326 540 3382 'l'
547 3229 735 3403 ρικέ5φ5άλος·
748 3323 843 3389 Ἰσαῖος
862 3325 888 3382 ίν
908 3327 945 3402 τῷ
958 3323 1021 3403 πρὸς

248 3406 404 3477 Εὐκλείδην·
418 3435 428 3457 ι
445 3407 535 3487 μικρὸν
554 3408 577 3467 δ’
594 3411 647 3468 άνω
661 3418 704 3469 ποθ
714 3414 739 3470 Τ
741 3412 879 3490 ρικεφαλου
888 3410 960 3490 παρδι
971 3410 1020 3480 τήν

268 3576 334 3623 xlv.
351 3577 513 3627 anteusus
528 3579 686 3626 nucetuntt
706 3581 746 3628 DE
762 3581 859 3631 enno}
876 3583 996 3630 REDEM-

426 3681 429 3686 >
566 3654 686 3703 ertone,

614 3749 652 3795 nt.

275 3839 359 3889 Statim
373 3838 453 3901 itaquae
461 3839 608 3892 narrationes
616 3878 624 3903 ,
633 3856 697 3892 nunc
710 3844 807 3906 quidem
819 3845 922 3895 brerller
930 3857 959 3894 ec
969 3846 1020 3895 sine

244 3910 416 3972 praeparatione
422 3913 446 3959 et
455 3912 608 3971 occupatione
617 3912 764 3973 apodictica,
777 3917 869 3976 proprie
882 3915 1019 3976 poultsede,

243 3980 305 4028 sicut
312 3979 336 4028 in
346 3980 493 4028 orationibus
502 3981 617 4032 adserens
626 3983 763 4032 Medonlem
772 3988 797 4032 el
805 3984 919 4034 adversus
931 3988 1020 4048 tiagno·

244 4052 327 4101 iheum
343 4054 368 4100 et
389 4051 412 4099 in
427 4052 588 4100 controversia
599 4051 630 4102 de
647 4053 738 4115 praedio
752 4054 866 4103 adversus
884 4056 1019 4117 populares,

243 4124 316 4183 elque
326 4122 349 4169 in
363 4121 415 4169 aliis
428 4123 522 4178 multis.
540 4138 602 4172 nunc
617 4138 673 4174 vero
690 4125 774 4175 divisis
790 4126 920 4189 capitibus,
935 4129 959 4176 et
971 4129 1021 4176 suis

244 4193 371 4254 umeuiquc
381 4193 559 4252 probationibus
571 4197 699 4260 appositis,
711 4199 818 4259 magistu
831 4200 925 4259 longum
937 4201 1019 4247 exten·

242 4261 313 4309 ditet
326 4261 407 4310 educit
422 4266 595 4327 narrationem,
606 4267 702 4328 quando
718 4268 742 4316 id
752 4280 830 4317 ceusoe
843 4268 1018 4316 conducerent

242 4330 320 4381 detur.
338 4330 415 4392 liujus
433 4337 476 4381 est·
483 4337 575 4394 generis
592 4338 698 4398 apologia
713 4338 745 4387 de
762 4337 887 4399 sponsione
906 4336 1020 4386 adversus

242 4406 394 4462 Hermonem,
402 4406 426 4452 et
436 4407 597 4456 controversie
604 4421 660 4457 cum
672 4409 769 4458 Euclide
778 4421 848 4470 super
858 4407 1019 4469 redemptione

240 4475 305 4534 agri;
321 4479 371 4524 lum
384 4477 455 4524 ctiam
469 4478 606 4537 provocatio
618 4491 661 4539 pre
673 4477 798 4539 Euphileto
810 4478 839 4525 ed
856 4477 1019 4526 Eretriensium

242 4557 338 4604 pagum.
352 4548 378 4594 ln
393 4546 429 4593 his
441 4546 504 4594 enim
518 4547 674 4608 orationibus,
686 4560 762 4609 qurum
774 4546 892 4606 longiores
902 4547 951 4595 sint
962 4558 1018 4594 nar·

240 4615 358 4674 rationes,
370 4628 417 4662 non
431 4615 501 4663 simul
513 4619 575 4664 totas
588 4616 668 4677 pouit,
681 4616 721 4664 sed
736 4616 831 4664 divisim
844 4619 868 4665 et
880 4616 1018 4677 singillatim

241 4684 266 4731 et
279 4683 309 4731 ed
328 4684 517 4747 unumquodque
535 4691 605 4747 capnt
619 4690 670 4734 turn
690 4688 762 4735 testes
775 4692 825 4734 trrm
847 4684 905 4734 elios
921 4684 1019 4733 adhibet

239 4752 420 4812 probationes...
442 4754 499 4803 ldeo
523 4759 576 4817 post
599 4756 745 4805 narrationes
767 4755 799 4802 ita
819 4754 944 4813 dispositas
970 4766 1018 4801 noo

240 4824 343 4884 emplius
353 4823 512 4883 praecedentes
524 4825 738 4873 demonstrationes
749 4824 830 4872 multis
844 4825 923 4872 verbis
933 4827 1018 4874 contir-

165 4941 167 4944 ,
239 4892 307 4948 anat,
322 4904 399 4953 neque
413 4891 470 4939 lecit
486 4907 515 4941 ex
534 4906 600 4942 more
617 4892 748 4941 recentium
763 4899 899 4952 oratorum,
915 4890 956 4940 sed
973 4894 1017 4941 ed-

241 4963 400 5012 versariorum
415 4967 554 5025 argumenta
567 4962 695 5013 evertenda
708 4963 784 5024 putet.

609 5060 647 5104 55.

267 5146 418 5207 Τρικέραωε,
434 5147 542 5209 triceps,
558 5150 632 5197 {saus
645 5147 669 5195 in
684 5149 790 5196 oratione
801 5145 915 5195 adversus
935 5146 1014 5195 Eracli-

236 5212 291 5263 dem
309 5233 315 5263 ι
335 5236 347 5258 ι
369 5217 471 5266 Paulum
489 5231 560 5279 supra
586 5217 721 5279 Tricipilem
736 5216 803 5278 juata
821 5217 884 5266 elatu
904 5230 958 5278 quot
970 5219 1015 5268 tle-

998 455 1087 516 tsAEt

1071 583 1178 644 Ἑστίαν
1190 582 1259 645 tlte.
1273 610 1284 636 υ
1298 584 1338 644 Ti
1359 583 1521 663 πλῆρίςέστι
1543 589 1589 644 ccii
1605 584 1761 666 τρικεφάλου
1778 586 1846 667 Ἑρ-

1071 675 1130 747 ριοῦ.
1145 675 1244 731 Τοῦτον
1259 670 1285 730 δέ
1298 695 1361 751 φησι
1376 672 1524 753 Φιλόχορος
1538 677 1563 732 ίν
1575 673 1599 751 γ’
1610 674 1773 752 Πρυκλιίδην
1782 678 1844 733 τίνα·

1070 763 1151 817 θεῖναι
1168 758 1330 837 Ἀγρυλῆσιν.
1344 765 1379 817 ln
1394 765 1437 818 his
1452 762 1498 832 τὴν
1518 766 1544 828 ές
1564 761 1704 822 Ἑστιαίαν
1715 767 1762 822 vel
1779 762 1845 823 ‘Ec-

1069 845 1184 904 τιαίανδι
1191 848 1338 923 legendum
1348 867 1407 906 esse
1416 861 1514 906 monet
1522 853 1601 907 Rosa
1610 854 1663 906 Die
1671 854 1777 907 Demea
1785 871 1842 908 uon

1070 935 1167 990 Artilra
1184 954 1217 1008 p.
1230 933 1256 992 5.
1268 968 1308 980 -
1321 934 1482 1013 Hecateidas
1493 938 1502 1011 ]
1515 941 1554 993 sic
1574 938 1690 1008 suidas,
1709 939 1841 1008 Photide,

1070 1024 1198 1097 Apostol.
1212 1024 1297 1081 Prov.
1323 1043 1373 1099 19,
1388 1023 1443 1094 513
1457 1022 1603 1094 Εὐκλείδην
1625 1024 1711 1081 codd.
1736 1028 1844 1101 Harpo-

1071 1118 1138 1166 crat.
1151 1139 1192 1153 -
1202 1105 1373 1187 Ἆγρυλῆσιν]
1387 1112 1526 1186 Sauppins
1533 1132 1542 1181 ς
1555 1121 1616 1168 eret
1627 1108 1793 1188 Ἀγκιίλησιν.

1434 1229 1480 1286 56.

1110 1325 1265 1381 Priscianus
1281 1327 1415 1394 xv11,c.
1432 1324 1466 1380 ιθ
1481 1344 1510 1399 p.
1527 1344 1573 1395 ρο,
1585 1325 1686 1380 Krehi.
1701 1347 1707 1380 :
1724 1327 1761 1381 Et
1770 1331 1844 1400 quod

1071 1416 1169 1464 mirum
1182 1423 1223 1464 est
1234 1412 1285 1466 hoc
1297 1416 1385 1486 ipsum
1398 1410 1463 1468 ίδιον
1473 1416 1555 1466 etiam
1566 1416 1668 1484 μήκεα·
1676 1415 1842 1468 etsccundoe

1070 1499 1231 1572 emungitur
1239 1517 1367 1572 perronoe
1381 1501 1459 1574 αραιί
1466 1501 1537 1564 illos,
1552 1510 1583 1552 ut
1593 1495 1686 1561 Ἰσαῖος
1697 1499 1769 1577 ἐντῷ
1779 1499 1841 1577 πρὸς

1074 1581 1233 1655 Εὐκλείδην·
1248 1608 1261 1634 ι
1275 1583 1320 1642 οὐκ
1332 1581 1364 1641 δν
1375 1584 1408 1642 τά
1418 1583 1473 1641 ίδια
1485 1581 1518 1640 cd
1534 1585 1657 1658 ίμαυτού.
1672 1608 1684 1635 ι

1429 1694 1479 1767 57.

1109 1806 1297 1879 Harpocratio
1318 1825 1325 1860 ι
1348 1801 1487 1879 Ἁγνίας·
1506 1801 1601 1869 Ἰσαῖος
1614 1804 1642 1860 έν
1656 1807 1693 1883 τῷ
1709 1801 1772 1881 πρδς
1785 1803 1842 1862 Εὐ-

1070 1890 1173 1961 κλείδην
1188 1890 1247 1969 περὶ
1262 1890 1370 1969 χωρίου.
1386 1894 1483 1952 Τοῦτον
1496 1889 1541 1948 καί
1555 1887 1615 1955 τούς
1629 1887 1842 1968 συμπρεσάευτδις

1070 1978 1147 2038 αὐτοῦ
1161 2000 1238 2055 φησιν
1254 1975 1404 2056 Ἀνδροτίων
1416 1978 1443 2034 tv
1457 1976 1476 2036 ε’
1485 1980 1533 2048 τῆς
1546 1975 1657 2042 Ἀτθίδος
1670 1976 1715 2034 καί
1727 1974 1843 2054 Φιλόχο·

1071 2086 1112 2144 ρος
1122 2065 1156 2130 ὡς
1168 2063 1285 2123 ἑάλωοάν
1296 2087 1325 2121 τε
1337 2064 1381 2122 καί
1393 2062 1521 2124 άπίθανον
1536 2064 1586 2124 tad
1597 2064 1820 2141 Λακεδαιμονίων.

1441 2177 1490 2234 58.

1107 2278 1185 2336 idem
1201 2294 1207 2336 ι
1223 2276 1430 2344 Βουλεύσεως
1443 2277 1606 2355 ἐγκλήματος
1620 2274 1703 2351 ὄνομα
1716 2273 1758 2333 ini
1772 2274 1842 2333 δυοῖν

1067 2362 1222 2440 ταττόμενον
1236 2364 1413 2444 πραγμάτων·
1428 2364 1459 2423 τδ
1473 2365 1520 2440 μέν
1531 2363 1581 2444 γάρ
1593 2367 1661 2423 ίοτιν
1674 2363 1735 2422 ὅταν
1749 2359 1775 2428 ii
1784 2363 1841 2419 ίπι-

1068 2448 1162 2520 όουλῆς
1174 2449 1211 2516 τίς
1224 2472 1275 2508 τινι
1288 2448 1471 2527 κατασκευάσῃ
1484 2450 1603 2522 θάνατον,
1621 2449 1666 2507 ἐάν
1679 2470 1709 2506 τι
1723 2444 1840 2525 άποθάνη

1067 2535 1279 2603 δι’πιύουλευθείς
1290 2535 1335 2596 ίάν
1346 2558 1375 2595 τε
1387 2537 1439 2613 μή,
1451 2537 1481 2595 τδ
1494 2535 1516 2595 δ’
1526 2535 1613 2614 ἕτερον
1626 2534 1686 2593 όταν
1696 2535 1840 2611 ίγγιγραμ-

1068 2624 1143 2702 μόνος
1153 2625 1187 2690 ὣς
1200 2622 1309 2702 ὀφείλων
1323 2626 1360 2703 τῷ
1375 2623 1492 2703 δημοσίῳ
1507 2622 1583 2691 αὐτὸς
1597 2621 1732 2693 δικάζηταί
1744 2643 1794 2678 τινι
1805 2623 1841 2687 ὡς

1066 2715 1095 2770 οὐ
1109 2711 1213 2777 δικαίως
1227 2711 1302 2771 αὐτδν
1322 2712 1500 2791 ἐγγεγραφότι.
1518 2712 1574 2770 Τοῦ
1587 2709 1634 2786 μὲν
1654 2700 1698 2767 οὐν
1711 2706 1838 2787 προτέρου

1067 2799 1166 2877 μάρτυς
1183 2799 1276 2866 Ἰσαῖος
1295 2803 1322 2858 ἐν
1339 2802 1377 2879 τῷ
1389 2800 1453 2879 πρὸς
1466 2798 1622 2872 Εὐκλείδην,
1639 2796 1681 2856 lei
1696 2796 1840 2875 Παλλαδίῳ

1066 2887 1147 2964 λέγων
1161 2879 1226 2946 εἶναι
1242 2888 1286 2954 τδς
1303 2888 1387 2961 δίκας,
1403 2888 1543 2967 Δείναρχος
1565 2887 1592 2947 δδ
1609 2890 1635 2945 ἐν
1653 2890 1691 2965 τῷ
1705 2884 1773 2945 κατδ
1788 2888 1840 2944 Πι-

1066 2975 1137 3036 στίου
1150 2977 1175 3034 ίν
1187 2975 1277 3055 Ἀρείῳ
1291 2975 1378 3054 πάγῳ.
1395 2975 1568 3053 Ἀριστοτέλης
1581 2976 1603 3033 δ’
1616 2976 1643 3032 ἓν
1656 2972 1839 3052 τῇἈθηναίων

1065 3062 1183 3142 πολιτείορ
1194 3067 1232 3139 τῷ
1249 3063 1339 3138 Ἰσαίῳ
1353 3070 1494 3142 συμφωνεῖ.
1521 3061 1588 3142 Περὶ
1598 3061 1626 3119 δὲ
1636 3065 1680 3120 τοῦ
1695 3061 1780 3141 ἑτέρου
1795 3062 1839 3137 ίγ·

1065 3151 1199 3226 κλήματος
1217 3149 1382 3223 Δημοσθένης
1396 3152 1422 3207 ἔν
1440 3154 1477 3226 τῷ
1496 3152 1554 3208 κατ’
1574 3147 1786 3229 Ἀριστογείτονος
1800 3148 1837 3207 α’.

1066 3234 1206 3316 Ὑπερίδης
1218 3235 1242 3293 δ’
1262 3238 1289 3293 ἓν
1302 3240 1340 3315 τῷ
1361 3239 1419 3296 κατ’
1440 3235 1616 3314 Ἀθηνογένους
1633 3235 1658 3294 α’
1672 3234 1715 3294 inl
1738 3236 1840 3314 ἐνέδρας

1065 3323 1110 3381 καί
1136 3322 1276 3393 ἐπιόονλῆς
1297 3327 1342 3394 τῆς
1362 3326 1397 3390 είς
1418 3322 1543 3404 χρήματα
1560 3321 1629 3390 ίδίως
1648 3321 1776 3401 κέχρηται
1799 3325 1838 3401 τῷ

1065 3409 1183 3485 θνόματι.

1065 3581 1159 3630 elimam
1172 3582 1207 3639 (e
1218 3580 1354 3642 Ἑστιαίαν)
1371 3579 1445 3630 ducit.
1464 3598 1476 3623 ν
1496 3579 1568 3628 Plena
1578 3578 1653 3627 orabo
1666 3579 1725 3626 toret
1740 3589 1839 3639 :supra

1065 3654 1225 3701 Mercurium
1239 3654 1387 3713 tricipitem.
1402 3654 1472 3701 hunc
1483 3663 1540 3698 vero
1552 3649 1708 3699 Philochorus
1718 3647 1779 3697 libro
1793 3652 1839 3698 ter·

1066 3721 1099 3770 tio
1111 3721 1145 3769 ait
1159 3721 1292 3770 Proetidem
1306 3721 1411 3782 ροινίιεο
1422 3721 1446 3769 in
1459 3721 1545 3782 agrale
1555 3732 1624 3782 pago.

1095 3874 1193 3935 ΙΛγνίοις.
1209 3875 1283 3923 lsaue
1294 3873 1318 3922 in
1332 3873 1437 3923 oratione
1453 3873 1568 3922 adversus
1580 3870 1700 3921 Euclidem
1712 3869 1743 3919 de
1755 3869 1837 3920 tundo.

1066 3943 1181 4002 Hagniam
1193 3942 1292 4004 ejusque
1307 3943 1330 3991 ln
1341 3942 1456 4004 legatione
1472 3944 1573 4001 collegas
1583 3956 1596 3989 n
1607 3940 1791 3991 Lacedaemoniis
1800 3953 1837 3988 ca·

1066 4017 1119 4075 ptos
1130 4026 1182 4063 esse
1199 4016 1223 4061 et
1234 4013 1370 4063 interiectos
1382 4013 1486 4075 produnt
1495 4012 1611 4062 Androtlo
1624 4012 1648 4058 in
1662 4008 1764 4060 sttnldts
1777 4007 1838 4057 libro

1064 4085 1147 4145 quinto
1157 4085 1183 4133 et
1192 4082 1355 4132 Philochorus.

1431 4162 1469 4207 58.

1095 4237 1242 4293 Βουλεύσεως
1258 4249 1343 4286 nomen
1365 4236 1464 4286 actionis
1482 4247 1539 4297 quiae
1550 4234 1643 4282 duobus
1661 4233 1685 4281 in
1698 4230 1838 4280 criminibus

1064 4310 1144 4358 iocum
1163 4308 1277 4366 habebam
1292 4321 1365 4356 unum
1378 4314 1426 4369 est,
1438 4320 1512 4368 quum
1527 4307 1581 4368 quis
1593 4306 1648 4353 vitre
1664 4304 1764 4365 alicujus
1780 4303 1836 4351 ind·

1063 4378 1141 4427 dietus
1154 4382 1228 4437 esset,
1242 4377 1292 4426 sire
1306 4381 1438 4425 moreretur
1451 4377 1471 4425 is
1480 4377 1520 4437 qni
1536 4375 1628 4423 insidiis
1641 4373 1759 4435 appetitus
1771 4376 1836 4430 erat,

1063 4449 1113 4498 sive
1128 4463 1190 4507 n0n;
1204 4448 1304 4496 alterum
1316 4449 1368 4507 est,
1378 4459 1452 4508 quum
1465 4447 1505 4507 qul
1519 4447 1544 4494 in
1553 4444 1640 4493 tabulis
1650 4444 1749 4505 publicis
1759 4440 1838 4491 erarii

1063 4519 1157 4568 debitor
1174 4521 1239 4567 esset
1257 4517 1397 4577 inscriptus,
1412 4518 1528 4566 actionem
1547 4517 1628 4564 contra
1646 4514 1749 4573 aliquem
1767 4512 1835 4560 inati-

1064 4592 1154 4648 tueret,
1172 4585 1317 4635 contendeus
1331 4598 1417 4633 nomen
1429 4598 1500 4633 suurn
1516 4585 1540 4633 in
1554 4583 1639 4632 tabulis
1657 4584 1743 4644 iniuste
1761 4580 1791 4629 ab
1807 4593 1837 4628 eo

1063 4656 1202 4718 inscriptum
1216 4656 1295 4705 luisse,
1310 4656 1398 4704 Prioris
1414 4656 1519 4704 criminis
1530 4656 1597 4705 testis
1609 4660 1644 4703 est
1662 4658 1734 4702 lsaeus
1745 4652 1768 4700 io
1781 4663 1837 4698 era·

1063 4729 1126 4777 lione
1138 4727 1251 4774 adversus
1264 4726 1399 4787 Euclidem,
1411 4726 1491 4774 dicens
1508 4726 1537 4774 de
1550 4739 1579 4775 eu
1589 4724 1720 4784 imlicatum
1733 4721 1803 4770 inisse
1813 4721 1836 4768 in

1064 4798 1181 4856 Palladio,
1193 4797 1251 4845 dum
1267 4797 1291 4845 in
1306 4802 1425 4859 Areopago
1438 4796 1463 4845 id
1483 4797 1571 4845 iactum
1586 4808 1637 4844 csse
1650 4792 1772 4842 contendit
1792 4790 1834 4840 ul-

1063 4869 1166 4917 narcisus
1177 4868 1283 4916 oratione
1296 4870 1379 4914 contra
1391 4866 1494 4915 vistlam.
1511 4866 1555 4915 Sed
1571 4864 1707 4913 Aristotcles
1719 4864 1743 4911 in
1758 4861 1833 4910 lithe-

1062 4937 1178 4985 niensium
1190 4937 1311 4997 republica
1326 4949 1380 4984 enm
1396 4939 1454 4984 lsaeo
1467 4935 1530 4983 tacit.
1543 4937 1578 4983 Dc
1594 4931 1723 4995 posteriore
1738 4931 1837 4980 crimine

1063 5006 1233 5055 Demosthenes
1247 5006 1294 5067 agit
1311 5006 1334 5054 in
1347 5006 1453 5054 oratione
1470 5009 1553 5053 contra
1567 5004 1756 5063 Aristogitonem.
1767 5005 1836 5049 Cete-

1062 5087 1114 5126 rum
1131 5076 1263 5137 Hyperides
1283 5076 1307 5123 in
1328 5075 1402 5137 prime
1425 5079 1508 5122 eontra
1530 5073 1706 5133 athenogenem
1729 5069 1836 5120 oratione

1061 5145 1204 5209 βουλεύσεως
1227 5157 1312 5194 nomen
1328 5143 1359 5192 de
1378 5143 1468 5193 insidiis
1489 5142 1597 5204 per-nnio
1616 5142 1717 5203 alienius
1737 5138 1835 5190 etrnetia

1061 5216 1185 5279 usurpavit
1200 5215 1356 5279 peculiariter.
