3967 5967
216 465 273 516 500
792 446 935 507 xxom
960 445 1022 505 ΕΙΣ
1044 444 1238 505 ΑΙΣΧΙΝΗΝ.

217 586 323 657 βάταλος
330 585 414 657 μόριόν
426 603 449 637 τι
457 584 501 637 τοῦ
508 579 752 654 πόματοςπαράτοῖς
763 578 877 642 Ἀττικοῖς
884 572 997 650 αίαχρόν.
1083 594 1142 635 ιιι).
1156 576 1278 648 Ἕτερον]
1289 576 1463 647 Παρατήρησαι
1474 576 1513 629 ότι
1526 576 1550 629 οί
1565 574 1674 630 Ἀττικοί
1691 575 1830 651 ἀδιαφόρους

253 665 380 736 Βάταλος]
402 663 504 724 ἔκλυτος
522 660 564 714 καί
581 660 714 731 ἀνανδρος,
735 658 784 714 ἀπδ
803 658 912 726 αθλητοθ
935 657 1002 721 τινδς
1044 656 1183 728 λίγουσιτδ
1196 654 1402 728 ίτερονοίνμόνον
1413 655 1525 721 ἔπλδόο,
1536 655 1653 709 ἀλλάιισιί
1665 657 1826 713 ἰπὶπολλῶν.

216 743 323 818 ὀνόματι
335 742 463 797 Βατάλου·
479 740 504 794 οί
516 740 544 794 δά
557 739 606 794 ἀπὸ
617 743 721 807 ποιητοθ
736 740 820 810 μελῶν
830 739 999 810 κατεαγότων.
1046 736 1115 791 δίετά
1127 735 1175 807 γὰρ
1188 736 1231 789 δθο
1240 735 1381 807 ψηφίσματα
1395 734 1464 789 εἶπεν
1474 736 1567 806 ίτερον.
1581 736 1665 791 mi.

222 822 267 875 Ἐκ
287 823 314 877 δί
332 822 420 876 τοθτου
439 822 546 874 σκώπτει
565 819 639 874 αὖτδν
654 819 687 881 είς
706 819 839 891 μαλακίαν.
875 818 914 872 Tb
927 817 954 871 δί
974 817 1002 871 ἐκ
1084 835 1144 872 111.
1160 816 1373 888 Ἐνειιαλθψαντο]
1386 815 1417 870 τά
1430 818 1549 887 πρόπιπα
1561 815 1682 890 ίιιάλυψσν
1693 816 1830 890 δπάίσγύ-

218 902 312 955 παίδων
327 899 546 971 ἀπαλλαττόμενος
557 898 600 951 καί
610 898 641 952 τά
652 897 705 964 ίξῆς
720 900 945 971 συντεκμαιφόμεθα
961 899 1003 951 οδ-
1047 916 1090 966 νης
1103 902 1152 951 τῶν
1163 896 1210 950 turb
1221 896 1391 967 Δημοσθένους
1402 894 1548 967 είρημίνων.
1561 896 1591 951 Β.

218 1000 281 1046 τως,
301 981 341 1034 δτι
359 975 578 1044 ίπτακαιδιιιαιτὴς
590 977 757 1049 ίδοκιμάσθη,
771 979 834 1030 κατά
852 997 876 1032 τι
891 977 1003 1050 ψήφισμα
1080 976 1117 1029 Οθ
1129 976 1235 1039 καταδθς
1245 979 1255 1045 ]
1265 979 1339 1030 τοῦτο
1353 974 1402 1030 ἀπὸ
1420 975 1590 1046 Δημοσθένους
1601 975 1635 1038 ὣς
1648 974 1773 1042 είπόντος,
1787 979 1831 1031 ναὶ

219 1058 277 1121 ίσως
290 1056 451 1130 συγχωρηθίν
463 1055 531 1129 αίπῷ
541 1060 631 1121 τοῖτο,
645 1057 689 1109 ἵνα
700 1057 829 1123 διαάσητοιι
842 1057 896 1119 τοῖς
906 1055 1003 1127 ίπιτρό-
1047 1060 1125 1110 ταῦτα
1136 1054 1256 1128 ίπραττον
1267 1058 1375 1127 φανερῶς
1389 1053 1481 1109 οίιτωσὶ
1495 1055 1556 1126 μηδὲ
1568 1055 1781 1129 δποστιλλόμινος
1797 1058 1831 1119 ώς

219 1159 283 1203 ποις.
320 1135 390 1192 Κατά
403 1136 451 1208 γάρ
467 1136 511 1190 τόν
523 1138 600 1208 νόμον
613 1136 844 1198 όιιτωκαιδεκαετεῖς
854 1136 1002 1207 δοκιμάζον-
1048 1137 1127 1209 ἕτεροί
1135 1155 1206 1199 τινες.
1217 1138 1280 1193 LM.

220 1238 274 1271 ται·
289 1215 346 1271 είτα
357 1216 409 1289 μετ’
419 1215 515 1283 ίτη-δθο
524 1214 741 1287 ἀπολαμόάνυισιν
753 1213 857 1269 ἀπδτῶν
866 1212 1003 1286 ίπιτρόπων
1085 1233 1143 1274 ιιο.
1157 1215 1220 1282 Γυνή
1230 1215 1296 1288 γίιρ]
1309 1215 1410 1269 Ἐοιιιεν
1423 1213 1557 1287 ἀμύνεσθαι
1575 1215 1642 1290 αδτῷ
1652 1215 1694 1270 διά
1706 1216 1751 1283 τήν
1761 1238 1833 1289 γενο·

219 1296 244 1349 οἱ
259 1294 415 1367 δρφανολτάς
425 1293 518 1357 οθαίας.
531 1296 593 1351 Lm.
1049 1295 1124 1367 μίνην
1142 1293 1310 1366 δπίράγνείας
1324 1290 1460 1359 διαόολήν,
1477 1291 1543 1365 είγι
1555 1293 1689 1349 κάλλιπεν
1703 1292 1769 1349 είναι
1786 1316 1831 1368 γυ-

253 1373 639 1446 Δειιαταλάντους-λαγχάνων]
651 1371 720 1443 Παρὰ
728 1371 833 1444 γάρτῶν
844 1376 918 1443 τρῶν
928 1370 1004 1426 αίιτοθ
1048 1377 1122 1429 ναῖκα
1134 1375 1248 1442 καθίστη.
1261 1375 1325 1430 LM.

220 1455 358 1526 ἐπιτρόπων
379 1455 511 1525 τριάκοντα
532 1453 643 1507 τάλαντα
666 1452 737 1524 ἔλεγε
760 1451 938 1522 χρεωστεῖσθαι
962 1450 1004 1504 καί
1082 1454 1257 1526 Σπαγγιᾶς]ώς
1266 1452 1381 1525 καίπαρά
1392 1455 1526 1525 τῷποιητῇ
1537 1453 1637 1521 (θεία,
1651 1456 1719 1523 111)
1732 1477 1742 1505 ι
1755 1457 1832 1528 σπόγ-

218 1534 278 1586 δίεια
288 1533 345 1604 παρ’
357 1531 410 1596 ίνδς
423 1532 526 1587 ἑκάστου
537 1532 626 1587 αθτῶν.
668 1529 751 1602 Ἀργιῖς
764 1531 790 1584 δί
801 1531 914 1584 καλεῖται
925 1530 939 1583 ό
952 1532 1004 1602 ὄφις
1047 1551 1114 1603 γοισι
1123 1531 1322 1603 πυλυτρήτοισιν.
1337 1530 1467 1602 ιΕθρηται
1475 1530 1501 1584 δί
1516 1532 1558 1584 καί
1570 1530 1636 1603 πσρά
1649 1537 1685 1604 τῷ
1697 1531 1833 1605 Ἀφιοτοφά·

221 1611 286 1683 παρά
295 1611 425 1683 Δωριεῦσι·
438 1612 503 1666 θόλοι
511 1606 556 1664 οδν
569 1610 643 1664 αθτδν
658 1608 752 1681 όφιώδη
765 1610 808 1663 τόν
820 1612 911 1681 τρόπον
926 1610 1004 1674 δεῖξαι
1049 1630 1084 1665 νει
1098 1614 1187 1681 (Rau.
1200 1614 1263 1676 482,
1277 1610 1346 1679 487?
1355 1610 1390 1680 )δ
1403 1610 1524 1681 σπογγίσς
1536 1611 1578 1664 καί
1588 1610 1604 1679 ἡ
1616 1613 1738 1683 σπογγιά,
1750 1615 1834 1685 ὅσπερ

221 1692 264 1744 καί
275 1691 353 1744 οίονελ
365 1693 475 1762 θηριώδη
487 1692 529 1745 καί
540 1690 714 1762 ἀπάνθρωπον.
727 1688 802 1752 Εῖδός
815 1708 839 1744 τι
849 1691 926 1762 δφεως
934 1690 1004 1743 ἀναι·
1048 1690 1089 1743 καί
1105 1688 1219 1745 ίνταδθσ.
1235 1690 1319 1747 mi.
1334 1687 1377 1743 Cf.
1391 1687 1549 1746 Tnmurss
1564 1706 1606 1759 gr.
1616 1699 1638 1745 t.
1652 1706 1679 1757 7,
1691 1706 1719 1761 p.
1732 1691 1795 1745 603.

221 1775 325 1842 ριτικοθ.
365 1769 402 1824 Ἢ
417 1770 432 1824 ό
448 1770 530 1843 ἀργῶν
547 1770 596 1825 ἀπδ
614 1776 664 1824 τῶν
682 1769 782 1834 ἀλλων,
804 1771 904 1841 γράφων
918 1769 945 1823 δί
959 1769 1004 1823 λό-
1087 1769 1319 1841 Ἐργολαόοθντος]
1337 1768 1539 1840 φιλοπράγμονος
1551 1770 1592 1823 καί
1611 1771 1748 1841 περιίργου.
1767 1773 1832 1828 ιδί,

221 1868 288 1919 γους.
308 1849 393 1907 FLM.
411 1847 445 1901 Ἢ
462 1848 566 1923 ἀργέςό
584 1849 703 1920 πονηρός·
717 1848 769 1902 ἔστι
783 1847 831 1919 γίιρ
849 1845 916 1909 εἶδος
928 1847 1006 1920 δφεως
1086 1850 1144 1904 115.
1161 1848 1291 1919 Μηδεμίαν
1310 1847 1403 1919 πόλιν]
1428 1846 1486 1900 Ὅτε
1514 1848 1627 1902 Βοιωτῶν
1655 1845 1833 1919 Ἀμφικτυόνων

220 1927 386 2000 ἀναιρετικοθ.
423 1929 455 1983 Οί
466 1929 493 1984 δί
504 1928 553 1983 ἀπδ
563 1932 667 1997 ποιητοῦ
680 1946 746 1991 τινος
760 1931 870 1998 πονηροῖ
882 1927 948 1981 οθτω
959 1947 1004 1981 πα-
1049 1925 1163 1980 ἀπάντων
1183 1926 1262 1980 ὄντων
1275 1925 1361 1989 πόλεις
1379 1924 1461 1979 αίιτῶν
1482 1925 1632 1989 ἀναστάτους
1651 1924 1768 1994 ίποίηοαν
1782 1928 1832 1995 θη·

220 2008 266 2061 λου
344 2050 350 2062 .
368 2010 432 2065 LM.
1048 2003 1126 2059 δαῖοι.
1141 2004 1205 2059 LM.

259 2010 363 2159 Ἀήψάυς]
378 2085 461 2160 Ἀργᾶς
469 2088 536 2160 δφιος
546 2084 621 2150 είδσς.
650 2084 761 2152 Οθτωδν]
774 2086 908 2159 ὠνομάσθη
923 2086 964 2141 διδ
975 2087 1005 2142 τό
1084 2083 1256 2155 Ναματιαίων]
1266 2082 1372 2138 ίνταῖιθα
1382 2082 1451 2155 λίγσι
1461 2082 1549 2156 κυρίως
1556 2088 1606 2138 τῶν
1614 2083 1737 2156 ποτίμων.
1746 2085 1830 2142 FLM.

221 2169 264 2233 ιής
277 2168 371 2238 φόσιως
382 2167 490 2239 πονηρδν
502 2167 545 2220 καί
558 2167 685 2234 κακόηθες.
700 2166 730 2223 Β.
1048 2162 1102 2216 Τῶν
1114 2165 1238 2235 πηγαίων.
1253 2165 1316 2220 LM.

259 2262 318 2302 101.
334 2246 494 2317 Σιννήλθομιν
510 2244 544 2308 είς
558 2245 664 2314 τσυιτδν]
679 2244 757 2299 οίονελ
771 2245 833 2316 ἅμα.
848 2247 878 2303 F.
1087 2239 1299 2311 Ἀναστήσιιν]οθ
1312 2242 1380 2314 λίγει
1394 2243 1543 2313 πορθήσειν,
1554 2241 1612 2296 ἀλλ’
1627 2242 1668 2298 ίπί
1681 2246 1719 2315 τῷ
1734 2261 1832 2315 αυμμα·

259 2324 411 2397 Ἀνεγνώσθη
427 2324 471 2396 μίν
491 2324 521 2378 τδ
538 2325 669 2397 ψήφισμα]
683 2323 713 2377 Et
734 2322 768 2395 μή
787 2323 837 2396 γάρ
850 2323 946 2397 ἀνίγνω
966 2325 1005 2378 δτι
1048 2326 1125 2391 χήααι
1139 2321 1282 2395 ἐπεγείρειν.
1296 2324 1362 2379 LM.

221 2404 345 2467 Φίλιππος
356 2403 398 2459 καί
410 2404 508 2474 ίπείσθη
524 2404 590 2472 δτιή
604 2406 675 2467 πόλις
684 2404 833 2476 ίψηφίσστο,
848 2404 878 2458 οίι
887 2406 1005 2477 παρεῖχεν
1083 2403 1118 2456 Τί)
1134 2405 1200 2475 χειρί
1210 2403 1252 2457 καί
1269 2403 1327 2458 ποδί
1344 2401 1400 2455 ἀντί
1412 2404 1457 2456 τοῖ
1470 2401 1536 2475 πόση
1551 2402 1689 2475 προθυμίᾳ,
1706 2400 1789 2464 ἀτελῶς
1806 2401 1833 2455 δὲ

220 2483 300 2538 ιθτῶν
314 2483 450 2555 ἀπόκρισιν.
466 2485 499 2541 F.
1050 2482 1126 2537 εἰπεῖν
1136 2524 1143 2547 ,
1155 2483 1198 2537 καί
1208 2484 1276 2557 πάσῃ
1296 2483 1406 2555 δυνάμει.
1446 2480 1519 2536 Ἐστι
1532 2481 1559 2537 δί
1572 2482 1615 2538 καλ
1631 2482 1680 2539 ἀπό
1690 2484 1831 2554 παροιμίας.

256 2563 492 2636 Συνηριθμοίμεθσ]
504 2562 561 2618 ἀντὶ
574 2567 618 2617 τοῖν
631 2563 760 2635 ίλίγομεν.
775 2565 806 2621 F.
1049 2562 1135 2618 ΓΚΜ.

258 2658 318 2696 νοτ.
332 2640 428 2714 Ἀρτίως
439 2642 579 2716 ίπιθίμην]
590 2642 645 2697 ἀντὶ
656 2647 700 2697 τοθ
712 2647 841 2715 προεῖπον.
853 2645 885 2701 Ρ.
1087 2640 1142 2713 Ἀρά
1153 2641 1258 2715 ἰσχυρά]
1269 2642 1334 2711 λθτη
1344 2639 1361 2710 ή
1370 2641 1418 2715 ἀρά
1430 2639 1496 2697 ίστιν
1508 2640 1534 2696 ἀν
1545 2645 1581 2715 τῷ
1590 2640 1652 2696 κατίι
1663 2638 1832 2713 Κτησιφῶντος

259 2721 319 2776 ιοδ.
338 2720 396 2776 Ὅτι
408 2721 453 2794 δί]
470 2721 591 2795 Ἀσφαλῶς
605 2726 679 2777 τοθτσ
693 2723 832 2797 ἀπήγαγεν,
851 2724 895 2777 ίνα
917 2724 952 2796 μή
969 2742 1005 2786 τις
1049 2721 1129 2794 λόγῳ.
1144 2724 1173 2779 B.

221 2799 297 2874 είπη,
319 2802 361 2855 καί
376 2803 450 2857 πόθεν
469 2800 573 2876 αίσθάνῃ
586 2807 678 2869 τοῦτο,
697 2800 720 2856 εί
738 2801 772 2875 μή
792 2798 857 2870 ἦσθα
869 2804 1003 2874 προδότης;
1086 2807 1147 2856 τιό.
1169 2802 1289 2876 Τούτων]
1318 2807 1368 2858 τῶν
1392 2802 1550 2874 δεδογμίνων
1577 2803 1631 2865 τοῖς
1653 2797 1831 2873 Ἀμφικτύοσιν.

221 2882 260 2935 δτι
271 2881 359 2944 πάντες
369 2880 396 2936 οί
408 2881 493 2953 ίχθροί
503 2881 574 2954 ἡμῶν
584 2883 680 2954 πάρεισι
690 2881 732 2935 καί
743 2881 1005 2955 ιίςτδίναντίονήμῖν
1048 2883 1134 2940 ml.
1411 2886 1414 2893 ’

222 2958 498 3032 πρισόεθουσιν.ΙῖῙ.Μ.
1084 2963 1209 3033 Δωριίας,
1234 2961 1322 3024 Ἴωνας
1333 2964 1344 3030 ]
1355 2962 1400 3013 ἵνα
1423 2958 1464 3014 διά
1485 2959 1530 3033 μίν
1548 2962 1592 3014 τοῖι
1610 2962 1694 3012 νοινοθ
1712 2959 1834 3031 ὀνόματος

259 3044 319 3102 ιοό.
339 3041 470 3113 Βοιωτῶν]
486 3039 535 3112 οθχ
549 3041 755 3106 ἀπλῶςπάντων,
767 3039 834 3093 ἀλλὰ
845 3045 894 3095 τῶν
906 3041 1004 3096 δθοπό-
1049 3047 1097 3095 τῶν
1118 3039 1210 3094 Ἰώνων
1226 3041 1268 3094 καλ
1288 3040 1345 3103 τοθς
1369 3038 1508 3108 Ἀθηναίους
1528 3038 1664 3112 περιλάόη,
1686 3038 1727 3092 διά
1743 3038 1770 3092 δί
1783 3044 1833 3093 τῶν

220 3120 284 3173 λεων
292 3124 341 3173 τῶν
352 3120 490 3173 Βοιωτικῶν
499 3117 536 3174 ὧν
548 3121 700 3194 κατίσιιωψαν
710 3120 735 3174 οί
747 3120 870 3189 θηδαῖοι,
880 3120 1005 3176 θεσπιίων
1048 3119 1158 3190 Δωριέων
1170 3118 1226 3180 τους
1237 3117 1452 3190 Λακεδαιμονίους.
1489 3118 1573 3175 mi.
1611 3119 1683 3190 Δίγει
1693 3118 1720 3172 δί
1733 3115 1778 3184 τήν
1793 3137 1833 3172 τε-

221 3198 263 3252 καί
272 3198 425 3254 [ίλατειίοκν.
439 3200 524 3257 ΗΜ.
1050 3198 1179 3269 τράπολιν.
1192 3198 1255 3254 LM.

256 3276 308 3346 Τήν
322 3277 356 3343 είς
369 3278 398 3333 τδ
407 3277 494 3351 ἀφανίς
503 3278 646 3351 ἀναφοράν]
657 3280 703 3333 ίναι
716 3279 795 3351 ίχωσι
805 3279 888 3351 λίγειν
901 3278 926 3331 οί
940 3277 1007 3347 Ἀθη·
1089 3273 1218 3347 Ἰαόψηφον
1233 3276 1368 3347 γενόμενον
1378 3276 1388 3348 ]
1404 3274 1494 3329 ώσανεί
1505 3272 1577 3346 ἔλεγε
1586 3313 1594 3340 ,
1608 3270 1654 3340 τήν
1670 3271 1746 3341 αθτήν
1757 3274 1833 3346 τιμήν

221 3361 301 3424 ναῖοι,
316 3356 359 3410 ίίιν
370 3356 495 3421 Φίλιππος
516 3355 550 3428 μὴ
565 3358 658 3431 θελήσῃ
670 3361 788 3426 ποιῆσαι,
801 3359 841 3411 δτι
850 3355 923 3427 ήμιῖς
935 3355 1005 3411 οδδίν
1050 3354 1157 3426 ίχουσαν
1172 3354 1198 3408 ἔν
1212 3362 1248 3429 τῷ
1263 3356 1408 3428 ψηφίζεσθαι
1426 3353 1471 3422 τὴν
1486 3353 1574 3428 μικρὰν
1587 3353 1661 3409 πόλιν
1676 3355 1831 3427 τῇμεγάλῃ.

220 3441 333 3492 τοιοῦτον
345 3436 494 3510 ίγράψαμιν,
507 3437 575 3490 ἀλλά
583 3439 608 3492 οί
621 3438 731 3510 πρίσδιις
739 3437 810 3510 ήμῶν
819 3437 904 3500 ἅπλῶς
914 3435 1005 3507 ήθίλη-
1049 3434 1097 3488 Δθο
1110 3434 1137 3489 δί
1147 3434 1240 3506 ψήφους
1251 3434 1328 3507 φησί,
1340 3435 1398 3506 μίαν
1410 3432 1435 3489 ίν
1445 3440 1480 3507 τῷ
1490 3434 1633 3506 ψηφίζεσθαι
1641 3433 1683 3488 καί
1692 3433 1751 3506 μίαν
1762 3434 1788 3489 ἐν
1798 3440 1835 3507 τῷ

221 3536 267 3570 σαν
276 3516 368 3571 ιίπιῖν·
381 3517 424 3570 καί
434 3515 467 3580 είς
478 3515 744 3589 τοθτουςάναφίροντες
756 3520 800 3574 τὴν
808 3515 888 3570 αίτίσν
897 3515 1005 3589 ίμιλλον
1049 3512 1257 3586 ἀποψηφίζεσθαι,
1269 3512 1327 3568 οἷον
1342 3514 1447 3576 θεσπιάς
1457 3513 1500 3567 καί
1510 3513 1644 3576 Πλαταιάς,
1658 3514 1742 3572 FLM.

222 3594 345 3667 ίκφσόγιιν
356 3591 401 3661 τήν
414 3594 463 3649 ἀπδ
472 3598 515 3662 τής
528 3594 663 3666 ἀποτυχίας
672 3595 802 3667 αίσγθνην.
812 3597 897 3653 FLM.
1088 3592 1133 3646 Ἐκ
1146 3593 1240 3665 Δωρίου
1249 3593 1291 3647 καί
1302 3594 1423 3663 Κυτινίου]
1431 3594 1467 3648 Τδ
1476 3594 1503 3648 δί
1513 3595 1608 3667 Δώριον
1617 3594 1659 3647 καί
1669 3594 1781 3649 Κυτίνιον
1791 3594 1833 3649 καί

260 3674 321 3729 105.
336 3672 379 3737 Εἰς
393 3670 440 3739 τήν
457 3675 607 3746 προστασίαν
627 3678 671 3742 τῆς
684 3675 823 3747 Καδμείας]
835 3672 890 3730 οίον
909 3673 943 3738 είς
959 3673 1005 3742 τὴν
1052 3669 1165 3743 Ἐρινεόν
1182 3672 1325 3745 πολίσματα
1338 3677 1381 3740 τῆς
1398 3671 1423 3728 ἀν
1442 3673 1566 3745 Θετταλίᾳ
1583 3673 1698 3746 Δωρίδος.
1735 3672 1791 3727 Είσλ
1807 3672 1834 3727 δί

222 3751 320 3806 είσοδον
341 3752 383 3806 καί
401 3752 550 3824 προπελῶνα
570 3757 615 3822 τῆς
634 3754 791 3826 ἀκροπόλεως
809 3759 859 3809 τῶν
876 3754 1004 3822 θηόαίων.
1049 3752 1092 3804 καί
1109 3754 1299 3825 Λακεδαιμόνιοι
1313 3753 1422 3826 Δωριεῖς.
1460 3753 1592 3822 Συνίστησι
1609 3755 1636 3809 δί
1655 3754 1697 3810 καί
1718 3753 1748 3808 τό
1770 3755 1834 3827 μίγα

223 3830 334 3903 Καδμεία
343 3830 391 3961 γὰρ
405 3830 546 3966 ίααλιὰτφίί]
555 3830 687 3905 ἀκρόπολις
695 3838 744 3887 τῶν
753 3833 870 3901 Θηόαίων
882 3832 931 3889 ἀπδ
940 3834 1006 3887 Κάδ·
1050 3830 1120 3895 ἔθνος
1130 3832 1190 3904 πφδς
1201 3832 1230 3887 τδ
1247 3830 1380 3904 ἐλάχιστον
1390 3873 1398 3900 ,
1414 3831 1468 3887 ίσον
1482 3835 1620 3907 δυνάμενον
1637 3833 1676 3891 ίπί
1692 3833 1833 3907 Ἀμφικτθο·

222 3912 345 3980 μουτοθο
370 3911 447 3962 ιστοθ.
536 3948 543 3965 .
1049 3930 1098 3967 σιν.
1112 3913 1176 3970 LM.

262 3992 322 4044 ιοθ.
337 3987 500 4061 Βοιωτιάζιι]
517 3988 549 4043 τά
568 3993 619 4044 τῶν
635 3989 751 4059 θηδσίων
766 3995 862 4064 φφσνιῖ.
900 3992 1007 4047 Βοιωτοί
1087 4007 1146 4061 117.
1162 3989 1214 4061 Τήν
1229 3991 1273 4064 μίν
1285 3985 1330 4045 οδν
1344 3988 1442 4064 ἀρχήν]
1458 3988 1491 4045 Ἦ
1503 3990 1569 4064 ἀρχι]
1581 3992 1646 4046 όσία.
1668 3990 1774 4059 Ἔδοξαυ
1786 3990 1834 4063 γὰρ

222 4067 270 4139 γὰρ
281 4064 359 4126 οὗτοι.
372 4070 435 4125 LM.
1049 4068 1229 4144 πλημμελήσαι
1242 4071 1297 4143 περ]
1309 4072 1339 4126 τδ
1352 4071 1417 4143 ίερδν
1432 4072 1474 4125 καί
1484 4071 1531 4125 τίσι
1544 4073 1701 4147 τιμωρητίοι.
1739 4070 1834 4125 θθκοῦν

260 4147 430 4221 Ἀπογορεθω]
444 4147 501 4203 ἀντὶ
512 4152 558 4203 τοθ
576 4147 704 4222 ἀγορεθω,
719 4151 734 4205 δ
746 4149 798 4206 ίστι
810 4150 888 4222 λίγω.
901 4153 933 4207 F.
1050 4149 1090 4205 ίπί
1102 4150 1132 4205 τίν
1141 4150 1211 4213 τέλος
1221 4155 1265 4218 τῆς
1278 4151 1420 4222 πολιορκίας
1433 4152 1605 4222 χωρητίον....
1618 4148 1654 4205 ὧν
1664 4150 1834 4223 καθεζομίνων

260 4245 319 4299 107.
336 4227 558 4300 Ἐγκαλόπτομαι]
578 4226 634 4282 ἀντί
648 4233 692 4284 τοῖν
713 4230 851 4303 κρθπτομαι
870 4229 912 4283 καλ
925 4231 1006 4285 σκίπω
1051 4233 1204 4305 παραδώσειν
1218 4230 1285 4304 αἰετῷ
1297 4232 1353 4294 τοίνς
1371 4229 1612 4303 πλημμελήσαντας·
1632 4231 1654 4284 εί
1667 4228 1694 4284 δὲ
1706 4229 1757 4302 μὴ,
1778 4232 1833 4285 τότε

222 4307 343 4379 ἐμαυτόν·
354 4305 425 4361 οθδλν
434 4309 482 4380 γάρ
496 4326 538 4379 μοι
550 4307 619 4380 μίλει
632 4309 687 4380 περὶ
696 4310 800 4364 τοότων.
811 4312 896 4367 FLM.
1049 4312 1195 4382 πορθητίον.
1234 4310 1339 4373 Ἀλλως.
1375 4309 1426 4376 Τήν
1440 4312 1579 4382 προαίρεσιν
1597 4308 1696 4377 ταίτήν
1709 4308 1832 4383 ἀφορμήν.

258 4386 362 4457 Νομίζω
371 4387 519 4458 συμφόρων]
531 4382 586 4441 οίον
596 4388 635 4441 δτι
646 4386 690 4442 οίικ
698 4387 793 4460 όφείλιε
805 4388 955 4451 όΦίλιππος
966 4387 1006 4443 ἐπὶ
1049 4391 1102 4444 Ἦν
1113 4390 1163 4463 γάφ
1177 4392 1294 4463 πρόφασις
1305 4390 1334 4445 τδ
1346 4391 1416 4459 δίκην
1426 4389 1597 4463 εἰσπράξασθαι
1610 4390 1676 4462 παρά
1686 4396 1735 4445 τῶν
1746 4389 1831 4459 ἀδικη-

222 4464 251 4520 τδ
264 4464 290 4518 lv
303 4464 404 4537 Δίλφοις
414 4465 479 4537 ίερδν
491 4465 533 4520 καί
546 4466 602 4530 τοθς
615 4467 714 4531 Φωκεῖς
725 4465 856 4523 ίπιόαίνιιν
870 4467 939 4529 ίκτδς
954 4486 1006 4521 κοι·
1049 4470 1146 4523 σάντων
1157 4470 1214 4541 περί
1225 4469 1257 4524 τὰ
1272 4474 1315 4523 τοῦ
1330 4471 1386 4524 θεοῦ
1397 4470 1524 4542 χρήματα.
1537 4471 1601 4527 LM.

222 4549 265 4613 νής
277 4546 380 4616 γνώμης
393 4543 584 4617 Ἀμφικτυόνων.
596 4545 683 4603 FLM.
1089 4546 1253 4619 Ἐπεξελθὼν]
1262 4546 1316 4603 οίον
1327 4549 1366 4604 ίπί
1377 4551 1448 4622 πίρας
1456 4548 1536 4603 ἐλθὼν
1546 4553 1591 4604 τοῖν
1603 4549 1686 4622 ἔργου.
1699 4550 1762 4607 LM.
1772 4550 1833 4603 θῖον

257 4624 315 4680 Ὅτι
326 4625 348 4677 δ’
360 4623 441 4691 ἀληθῆ
455 4624 542 4697 λίγω]
555 4624 713 4699 ίτιανάληψις.
730 4626 790 4684 ΡΜ.
1050 4626 1256 4701 ίιιπυλιορπήσας·
1272 4628 1408 4693 ἐπεξελθεῖν
1418 4628 1467 4702 γίιρ
1479 4629 1580 4702 λίγουσι
1591 4630 1621 4685 τδ
1635 4630 1675 4685 ίπλ
1685 4632 1758 4703 πίρας
1768 4630 1835 4693 τινδς

256 4704 327 4777 Ιίαρά
337 4721 401 4758 τισιν
411 4703 552 4777 εθδοιιιμκῖ]
566 4704 622 4760 ἀντὶ
633 4709 678 4760 τοῦ
688 4710 742 4769 τοῖς
754 4704 920 4778 ιδφρονοθσιν.
935 4707 966 4765 F.
1050 4707 1142 4765 ίλθεῖν.
1152 4710 1191 4765 Μ.

259 4800 319 4855 109.
341 4782 386 4837 Ἐν
405 4786 505 4847 τακταῖς
519 4781 663 4856 ήμίραις]δ
677 4784 743 4839 ἔστιν
762 4784 788 4839 ίν
806 4785 873 4839 δυσίν
887 4784 1004 4858 ήμίραις,
1085 4788 1247 4857 Βιδαιώσεις]
1258 4787 1317 4842 Ὅτι
1329 4789 1371 4841 καί
1383 4788 1490 4856 Θηόαῖοι
1503 4787 1696 4861 ίπλημμίλησαν
1710 4791 1765 4862 περί
1774 4790 1834 4843 ‹1³0›-

219 4864 263 4917 ίνα
282 4862 396 4936 ίιοιλιίση
414 4863 456 4916 διά
475 4867 520 4917 τοθ
539 4864 631 4936 τάχους
648 4863 691 4917 καί
705 4864 762 4927 τοδε
775 4864 866 4928 ἀλλους
878 4864 1007 4933 Ἕλληνας
1050 4870 1105 4931 κίας
1115 4869 1157 4921 καί
1167 4869 1197 4923 τδ
1210 4869 1285 4939 ἱερόν.
1326 4868 1452 4941 Ἐμελλεν
1466 4863 1510 4924 οδν
1525 4869 1613 4932 αθτοίις
1624 4868 1773 4933 ἀπαλλάξειν
1785 4877 1834 4924 τῶν

221 4943 304 4998 ἐλθεῖν
315 4943 357 4997 ιιαί
368 4944 551 4999 συσπείσασθαι.
588 4944 651 5008 Τοθς
666 4942 712 5011 τήν
727 4943 825 5016 είρήνην
841 4945 867 5000 δί
881 4943 1006 5000 ίκκλείον·
1051 4946 1216 5020 ίγκλημάτων
1230 4949 1287 5012 τοθς
1303 4950 1406 5012 Φωκέας
1420 4951 1509 5020 μόνους
1522 4950 1757 5022 καταστρεψάμενος.
1801 4949 1834 5003 Ἡ

221 5042 264 5085 τας
275 5019 330 5075 οίον
344 5020 377 5094 μὴ
399 5022 489 5120 ἀῶγτας
501 5021 600 5096 είρήνην
619 5026 746 5095 γενίσθαι·
768 5024 799 5077 οθ
814 5027 867 5087 τοῖς
880 5025 965 5097 λόγοις
978 5027 1006 5081 δί
1050 5030 1076 5084 δὲ
1088 5027 1222 5101 ἀπαλλαγή
1238 5034 1282 5084 τοῦ
1292 5028 1447 5101 ίγιιλήματος
1459 5030 1590 5101 βεόαίωσιν
1601 5029 1671 5103 ἔφερε
1686 5034 1731 5097 τῆς
1741 5028 1834 5091 ἀδικίας

221 5100 396 5234 ἀἈλΚόιάλίοίι
405 5104 570 5245 ζίήίῖίῆώςνίίί
574 5105 727 5256 όθόοήτμίψταιιή
735 5103 776 5238 δοεῦῖ
785 5104 1006 5255 ψόίιλιεςιίίίσμίίάίήό
1049 5107 1316 5258 ωςίίείξύόιξνῖἶῐῖῗήίίθρειίιη]
1323 5110 1476 5252 ’ΚῚόΚίιταξις
1488 5188 1552 5260 παρὰ
1561 5189 1655 5243 τοίιτων
1663 5187 1706 5242 οίιιι
1718 5187 1834 5259 ἀπολήψγΙ

223 5258 274 5312 lm
289 5260 423 5330 συντόμως.
440 5260 523 5315 FLM.
1050 5269 1123 5339 χάριν
1137 5266 1174 5330 οἷς
1186 5270 1293 5339 βοηθεῖς.
1305 5270 1388 5325 FLM.
