3967 5967
639 489 928 551 111.111ο11111
951 491 1284 555 ΠΑΡΑΠΡΒΣΒΕΙΑΣ.
1706 508 1766 559 611

156 615 220 689 ήτκρ
237 615 262 671 οί
274 616 388 682 Φωκεύς,
403 615 425 671 εἰ
434 619 476 672 καί
490 618 514 672 οί
528 618 626 681 Φωκεύς
640 621 703 673 κατά
721 621 749 675 τδ
765 620 854 688 ἀληθὲς
867 626 940 674 τοῦτο
1021 624 1083 687 348,
1094 624 1138 681 α5.
1153 624 1203 676 Τοῦ
1216 624 1289 694 χάριν
1299 620 1345 694 δή]
1358 623 1445 694 Τρίτον
1459 624 1529 695 μέρος
1540 629 1582 692 τῆς
1597 628 1768 693 καταστάσεως

159 697 328 764 πεποιήκασιν.
342 696 439 768 Πρῶτοι
452 697 517 768 γάρ,
531 699 613 768 φησίν,
626 698 787 770 ἐπεχείρησαν
798 700 822 753 οἰ
834 700 940 767 θηόαίοι
985 700 1160 773 αἰτιολογικόν·
1174 703 1216 765 τάς
1225 702 1303 765 αἰτίας
1311 701 1358 773 γάρ
1371 701 1505 756 ἀποδίδωσι
1516 709 1565 758 τῶν
1578 709 1768 778 προειρημένων.

159 781 232 831 τοῦτο
244 781 343 844 ποιῆσαι
357 778 398 830 καί
416 800 428 827 ι
444 777 513 832 ούδέν
527 772 601 844 ήττον
616 778 763 846 ἠσεόήκασιν
778 779 803 833 οί
817 779 942 850 βεόουλευ-
984 781 1012 833 8.
1027 780 1161 851 ίίληρώοας
1174 780 1218 847 τήν
1232 782 1345 851 διήγησιν
1359 780 1483 835 εἰσόάλλει
1493 780 1602 837 ἐντεῦθεν
1616 783 1655 838 ἐπί
1669 785 1698 838 τό
1708 792 1771 857 πρῶ-

158 878 173 906 ε
190 858 260 919 κότες
271 863 320 909 τῶν
332 860 385 919 ταῖς
394 858 466 928 χερσί
481 856 673 928 διαπραξάντων,
691 883 702 909 ι
715 860 749 922 ῶς
760 858 863 930 ἐπιφέρει
880 860 941 931 μετὰ
985 879 1027 912 τον
1040 859 1171 929 κεφάλαιον
1183 864 1226 912 τοῦ
1236 864 1395 930 στοχασμοῦ,
1408 862 1466 933 όπερ
1478 860 1530 914 ἐστί
1539 862 1567 914 τδ
1575 865 1770 935 παραγραφικόν.

157 936 245 1008 μικρὸν
259 936 346 1007 λόγον.
364 937 538 991 ACDGRTV.
985 937 1110 1008 Ααμόάνει
1121 937 1148 991 δέ
1162 938 1221 992 αύτδ
1236 939 1263 992 ἐκ
1280 943 1323 991 τοῦ
1341 940 1441 1009 χρόνου.
1479 939 1557 1006 Οἷον,
1580 942 1622 994 καί
1634 942 1674 994 διδ
1694 942 1719 996 τί
1737 942 1771 1013 μή

195 1014 256 1083 347,
272 1014 302 1067 15
329 1012 510 1086 Ἆπελογίζετο]
521 1014 685 1085 ἐστοχάζετο,
696 1013 859 1088 ἐπελάμόανε.
879 1015 941 1071 Ἀντὶ
984 1020 1041 1071 τότε
1053 1016 1195 1085 ἀντελεγεςς
1211 1020 1390 1072 ACDGRTV.

158 1095 220 1156 τού,
238 1091 285 1146 ύπδ
299 1092 388 1163 λόγους
402 1093 442 1146 καί
459 1093 575 1165 ἀριθμούς
588 1094 700 1148 ἐπετίθει.
715 1097 746 1148 Ρ.
1022 1097 1088 1166 349,
1102 1114 1128 1150 α.
1144 1097 1320 1168 Παραχρήμα]
1334 1096 1411 1168 ήγουν
1426 1099 1553 1168 συντόμως
1567 1098 1629 1169 μετόι
1650 1098 1695 1165 τήν
1715 1120 1772 1172 πρε·

196 1171 258 1239 347,
285 1176 325 1225 16.
347 1172 579 1245 Πεπρεσόευμίνων]
599 1172 675 1245 ήγουν
700 1171 727 1227 ἐκ
749 1177 792 1240 τῆς
815 1174 942 1245 πρεσόείας
985 1177 1080 1230 σύείαν.
1094 1180 1125 1233 Ρ.

155 1248 244 1304 ἐαυτοῦ
257 1251 291 1313 ύις
304 1251 457 1322 τεθαρρηκὼς
467 1252 538 1324 αύτῇ.
553 1256 583 1306 Ρ.
685 1254 690 1262 ’
1022 1256 1084 1326 349,
1103 1273 1147 1310 11.
1170 1253 1250 1327 Ούπερ
1266 1255 1355 1327 εἰπονή
1369 1257 1407 1309 δτι
1426 1256 1469 1309 ούκ
1491 1256 1617 1312 ἐδίδασκον
1636 1265 1712 1313 ταῦτα
1729 1281 1773 1315 πα-

192 1329 266 1383 Δυοῖν
284 1329 300 1395 ἢ
321 1336 394 1400 τριῶν
408 1329 521 1402 ἡμερῶν]
534 1331 569 1384 Tb
585 1332 662 1401 τάχος
673 1335 716 1399 τῆς
729 1329 878 1403 ἐπαγγελίας
893 1329 937 1399 τὴν
986 1338 1117 1405 ραχρῆμα,
1129 1333 1196 1387 ἀλλά
1207 1335 1268 1406 μετὰ
1280 1339 1365 1389 ταῦτα.
1382 1338 1412 1389 Ρ.

156 1419 253 1486 ἀπάτην
266 1417 392 1485 ἐπηύξησε,
415 1420 491 1475 ΤΟΡ,
1023 1415 1084 1483 349.
1108 1415 1149 1468 15.
1167 1415 1379 1486 Προόεόλημίνη]
1393 1414 1501 1477 εύλαόῶς
1514 1412 1607 1485 ἔχουσα
1623 1418 1664 1471 καί
1684 1418 1773 1489 φυλατ-

194 1498 254 1551 Ιίαθ’
268 1497 356 1569 αύτὰς]
369 1500 453 1569 μόνας.
466 1499 496 1552 Ρ.
985 1495 1086 1563 τομίνη.
1109 1495 1185 1548 ΒΥΡ.
1212 1495 1264 1565 Πρδ
1280 1501 1329 1548 τῶν
1353 1494 1438 1546 ἄλλων
1460 1490 1508 1560 ήν,
1530 1494 1666 1567 ἔμπροσθεν
1692 1518 1771 1570 μαχο-

192 1577 414 1647 Εἰσπραττόμενα]
428 1576 568 1647 ζητούμενα
588 1579 619 1630 Ρ.
987 1574 1058 1643 μένη.
1074 1576 1104 1626 P.

194 1657 256 1724 347,
277 1656 321 1712 κδ.
341 1656 467 1708 Διδάσκειν
485 1654 533 1726 γδρ
548 1652 693 1724 αύτδςέφη]
707 1652 847 1724 Ὅραόπως
864 1655 938 1710 πάλιν
1021 1651 1124 1725 Καλῶς]
1136 1656 1305 1725 συμφερόντως
1327 1656 1358 1707 Ρ.

156 1736 336 1806 προδιοικεῖται
346 1732 390 1801 τήν
400 1733 480 1787 λύσιν.
497 1732 526 1786 ‘0
537 1734 586 1805 γάρ
599 1735 721 1786 διδάσκων
737 1732 766 1785 ού
777 1736 938 1804 φενακίζεται,
1021 1729 1066 1783 Διά
1079 1729 1123 1795 τήν
1139 1730 1273 1804 ἀλήθειαν]
1287 1736 1331 1785 τοῦ
1344 1731 1461 1805 Αἰσχίνου
1473 1733 1580 1800 δηλαδή.
1597 1737 1627 1789 Ρ.

155 1815 206 1868 3ίαί
219 1815 247 1869 τδ
262 1815 333 1877 αύτδς
345 1814 372 1868 δέ
390 1814 435 1881 τήν
452 1812 541 1883 ἐξοχὴν
554 1813 633 1879 δηλοῖ
640 1816 684 1879 τῆς
703 1812 824 1884 εύρέσεως.
840 1814 891 1867 Ούκ
910 1817 938 1868 ἀν
1020 1809 1066 1860 Διὰ
1080 1807 1124 1876 τὴν
1139 1810 1352 1883 αἰσχροκέρδειαν]
1369 1813 1485 1885 νομίσητε
1500 1815 1656 1884 γεγενῆσθαι.
1669 1818 1698 1870 Ρ.

155 1890 205 1947 ούν
216 1894 231 1946 ό
244 1899 352 1956 τοιοῦτος
363 1893 508 1961 ἀπατηθνίη.
522 1894 600 1947 TCV.
1025 1886 1185 1963 Ἆποδόσθαι]
1196 1890 1309 1958 πωλῆσαι
1319 1895 1349 1946 Ρ.

194 1974 255 2042 347,
278 1978 320 2029 26.
336 1971 570 2044 Ἔπικεκηρυχέναι]
595 1969 773 2043 Ὅμολογείται
790 1971 942 2042 ύποσχέσθαι
1023 1968 1085 2039 349,
1106 1970 1151 2023 25.
1173 1970 1299 2041 Βούλομαι
1317 1970 1361 2041 δὲ]
1385 1970 1542 2042 Σομπερένας
1562 1969 1607 2038 τήν
1624 1975 1772 2028 κατάστασιν

156 2052 254 2107 δοῦναι.
271 2053 302 2105 Ρ.
317 2050 397 2104 Ὅταν
409 2051 479 2112 πόλις
493 2050 540 2123 έχη
553 2053 611 2121 πρός
620 2069 675 2103 τινα
689 2051 843 2122 δυσμένειαν,
856 2050 943 2123 ἰπιόοᾷ
986 2046 1088 2117 ἄρχεται
1100 2047 1209 2103 ἐντεῦθεν
1223 2056 1272 2102 τῶν
1294 2048 1335 2103 ἀπ’
1350 2050 1428 2120 ἀρχῆς
1441 2051 1500 2121 ἀχρι
1514 2051 1613 2117 τέλους,
1624 2049 1660 2106 ὧν
1674 2053 1725 2106 ἐστι
1742 2056 1773 2108 τδ

155 2131 200 2183 καί
221 2130 333 2199 κηρύττει
348 2130 434 2201 μισθόν
452 2128 494 2181 καί
508 2127 625 2199 χρήματα
646 2133 681 2200 τῷ
704 2128 840 2198 φονεύοντι.
863 2129 940 2184 TCV.
985 2127 1125 2198 προοίμιον.
1149 2125 1248 2195 Ἐπειδὴ
1262 2128 1287 2181 δὲ
1301 2129 1439 2196 κινηθέντος
1447 2133 1491 2182 τοῦ
1506 2129 1663 2202 ἐγκλήματος
1673 2132 1771 2204 ἐδείχθη

157 2208 237 2261 Ἀλλο
245 2208 310 2262 ἐστίν
320 2207 474 2278 ἐπικηρυκεία
483 2208 524 2260 καί
535 2206 599 2261 ἀλλο
611 2206 753 2277 έπικήρυξις.
771 2205 942 2279 Ἐπικηριικτία
986 2206 1015 2259 τδ
1027 2206 1142 2276 μέγεθος,
1162 2206 1279 2279 άφίμενος
1297 2206 1437 2279 ἀναγκαίως
1451 2205 1488 2263 ὧν
1501 2211 1652 2284 προήρξατο,
1666 2211 1712 2279 τήν
1728 2213 1773 2266 λυ·

159 2286 231 2360 μένή
247 2288 329 2359 φιλία,
342 2288 476 2359 ἐπικήρυξις
485 2288 524 2341 δέ·
536 2287 655 2350 πολλάκις
663 2288 733 2350 πόλις
749 2287 843 2359 ἔχουσα
853 2288 941 2360 ἐχθρόν
985 2290 1078 2340 ποῦσαν
1096 2287 1170 2342 αύτδν
1190 2287 1310 2343 ἀντίθεσιν
1332 2288 1474 2342 διαόάλλειν
1498 2296 1620 2363 πειρᾶται.
1658 2294 1730 2348 Ἐστι
1746 2295 1773 2348 δέ

157 2387 213 2421 τινα
227 2366 415 2422 ἐπιόουλεύοντα
429 2366 492 2439 αἰτῇ
503 2366 619 2420 ἐόούλετο
629 2366 703 2421 αύτδν
715 2366 813 2421 ἀνελεῖν
823 2368 856 2430 ὣς
867 2369 941 2440 βαρύν
985 2364 1046 2433 αὕτη
1061 2366 1113 2432 τίςς
1128 2366 1203 2433 ήάπδ
1214 2372 1257 2434 τῆς
1271 2367 1389 2439 Αἰσχίνου
1400 2370 1534 2441 δυνάμεως.
1552 2370 1618 2425 ’ἀλλ’
1633 2373 1680 2444 οὔχ
1690 2374 1773 2437 ἱκανός

155 2446 233 2519 ἐαυτῇ
244 2448 285 2500 καί
303 2446 447 2519 ἰπεκήρυττι
463 2448 581 2520 χρήματα
594 2448 648 2502 κατ’
659 2447 733 2501 αύτοῦ
746 2453 782 2520 τῷ
796 2447 943 2521 βουλομένῳ
987 2444 1119 2515 Αἰσχίνης,
1138 2445 1194 2501 ούδέ
1211 2448 1332 2515 τοσαύτην
1352 2447 1406 2519 ἔχει
1425 2450 1528 2521 δύναμιν
1542 2453 1605 2506 ὥστε
1628 2449 1705 2505 εἰκοσι
1728 2453 1774 2505 δύο

153 2527 243 2581 λαόεῖν
255 2528 297 2581 καί
307 2532 422 2598 φονεῦσαι
432 2527 516 2581 αύτόν.
554 2527 678 2590 Πολλάκις
690 2526 717 2581 δέ
729 2527 770 2581 καί
784 2526 823 2581 ἰπί
836 2526 941 2582 ἰδιωτῶν
986 2524 1083 2579 πόλεων
1094 2527 1225 2596 προδοῦναι
1239 2527 1390 2598 κατάλογον.
1428 2529 1458 2581 Τί
1469 2530 1560 2595 δήποτε
1573 2529 1600 2583 δέ
1610 2536 1774 2600 στοχαστικῆς

153 2609 229 2659 τοῦτο
244 2605 348 2677 ἐγίνετο.
362 2605 538 2660 ACDGRTV.
986 2604 1059 2672 ούσης
1072 2609 1115 2671 τῆς
1130 2606 1265 2667 ύποθάσεως
1278 2605 1389 2677 ἐλέγχων
1403 2606 1531 2672 ἀπαιτήσει
1543 2607 1572 2660 ού
1582 2609 1714 2679 κέχρηται;
1732 2612 1774 2664 καί

194 2685 255 2753 347,
271 2702 316 2753 ο9.
329 2684 364 2736 Ὦ
384 2684 469 2753 ἀνδρες
488 2682 613 2754 πρέσόεις]
626 2683 706 2737 Τοῦτο
723 2685 804 2755 ώσπερ
824 2684 941 2751 ιἠθοποιία
986 2682 1092 2755 λέγομεν
1108 2685 1147 2738 θτι
1168 2687 1270 2756 γνώμης
1292 2685 1344 2739 ἐστὶ
1364 2689 1514 2756 στοχαομός.
1554 2686 1609 2756 (θῦχ
1631 2681 1690 2740 οἷόν
1705 2706 1732 2740 τε
1746 2687 1773 2741 δέ

149 2761 221 2825 nutv
231 2802 238 2826 ,
250 2762 284 2824 ύις
297 2762 345 2815 ἀπὸ
360 2767 409 2813 τῶν
425 2761 534 2813 Εύόοέων
549 2760 675 2831 λεγόντων
694 2762 753 2834 πρδς
766 2763 808 2815 τδν
823 2763 941 2835 Αἰσχίνην
985 2762 1115 2832 προδήλων
1129 2763 1208 2817 όντων
1231 2769 1279 2817 τῶν
1300 2765 1450 2835 πραγμάτων
1466 2764 1504 2834 ύφ’
1521 2760 1557 2816 ὧν
1573 2766 1716 2834 πέπρακται,
1731 2767 1774 2821 καί

152 2838 198 2892 καί
213 2839 269 2900 τούς
283 2838 373 2899 ἀλλους
382 2838 498 2909 πρέοόεις,
514 2838 561 2891 ίίαί
574 2844 623 2899 τῶς
633 2837 762 2907 εύρέθησαν
775 2839 845 2895 αύτοί
856 2841 879 2893 οἰ
890 2844 944 2912 πρέ-
989 2844 1140 2910 καιεαφανοῦς
1151 2841 1304 2911 ύπάρχοντος
1315 2847 1359 2895 τοῦ
1370 2845 1529 2910 πεποιηκότος
1545 2842 1657 2914 ἐλέγχων
1669 2842 1773 2913 ἀπαίτη·

155 2918 222 2979 σόεις
234 2921 260 2969 ἐν
273 2921 304 2988 τῇ
316 2916 421 2986 Εύόοίφς
432 2915 539 2987 λέγομεν
548 2916 586 2968 ίίτε
600 2915 632 2967 δι’
643 2916 716 2983 αύτῆς
726 2916 862 2987 παρῆλθον,
870 2917 943 2974 ,ἐπανι
986 2934 1025 2968 σιν
1039 2918 1162 2987 γενέσθαι.
1179 2916 1301 2972 Ἐνταῦθα
1311 2918 1360 2990 γὰρ
1374 2922 1416 2985 τῆς
1430 2918 1568 2989 βουλήσεως
1580 2920 1656 2992 μόνης
1669 2918 1773 2984 ἐξέτασις

153 2998 289 3068 κρχόμενοι
313 2994 353 3049 ίπί
373 2994 415 3057 τάς
442 2993 554 3060 Αθήνας·
580 2993 608 3047 ού
628 2994 676 3067 γὰρ
699 2994 819 3062 ἠδύναντο
842 2997 883 3050 διὰ
900 3002 943 3065 τῆς
987 2996 1029 3048 καί
1041 3003 1090 3050 τῶν
1106 3001 1254 3070 τεκμηρίων.
1305 2997 1537 3070 Ἐλίγχουςδέούκ
1555 2999 1716 3071 ἀπαιτοῦμεν,
1732 3003 1773 3056 ότι

156 3076 274 3139 Βουναίας
287 3075 430 3131 ἐπανελθεῖν
450 3074 491 3127 διά
502 3073 547 3141 τήν
569 3073 661 3147 ἔχθραν
675 3077 706 3144 ἣν
725 3074 797 3147 εἰχον
815 3077 875 3148 πρδς
887 3079 944 3141 τούς
987 3074 1021 3147 μὴ
1032 3073 1077 3142 τὴν
1089 3076 1170 3148 ἐτέρου
1181 3080 1284 3149 γνώμην
1298 3076 1351 3132 οἰδέ
1360 3097 1395 3141 τις
1408 3077 1429 3132 εἰ
1442 3078 1505 3132 ἑκὼν
1518 3080 1535 3146 ή
1547 3079 1613 3133 έκων
1629 3080 1671 3132 καί
1682 3080 1770 3148 ἐξηπα-

151 3155 285 3224 Βηόαίους,
321 3155 404 3209 Ἦσαν
425 3153 452 3207 δέ
472 3154 496 3208 οί
516 3153 619 3216 Βύόοτῖς
642 3153 772 3222 Ἀθηναίων
796 3155 943 3220 ἀποστάντες
986 3156 1090 3225 τημένος
1102 3156 1159 3218 τούς
1169 3158 1259 3228 λόγους
1279 3156 1369 3228 εἰμηκε.
1410 3157 1457 3211 Καί
1474 3156 1490 3225 ή
1510 3158 1626 3229 βούλησις
1644 3158 1671 3212 δί
1692 3158 1772 3231 ἠρέμα

154 3232 186 3288 γἰκ
199 3241 247 3288 τῶν
263 3234 368 3305 ύστέρων
383 3233 531 3287 θουκυδίδου
552 3233 624 3304 μέχρι
645 3237 688 3287 τοῦ
708 3237 751 3287 νύν
772 3237 874 3307 χρόνον.
896 3238 943 3293 AC
987 3230 1031 3302 μέν
1053 3230 1188 3298 δηλοῦται,
1216 3233 1362 3304 φυλάττεται
1378 3233 1404 3287 δέ
1425 3233 1546 3301 ήπλείων
1571 3234 1674 3298 ἐξέτασις
1689 3236 1714 3290 ἐν
1737 3243 1774 3309 τῷ

154 3315 289 3369 DGRTV.
986 3312 1109 3381 χρώματι.
1145 3311 1348 3383 Τήνδίδίναμιν
1360 3312 1515 3383 βλάπτουσαν
1530 3312 1572 3368 καί
1582 3313 1772 3384 ύπιρόαίνουσαν

191 3394 253 3458 348,
268 3395 293 3447 3,
311 3390 487 3465 Ὧμολύγηκε]
508 3392 683 3463 καθυπέσχετο.
699 3394 730 3446 Ρ.
985 3387 1030 3453 τήν
1038 3391 1157 3458 ποιότητα
1168 3391 1278 3463 κατέμιξε
1289 3395 1321 3464 τῇ
1332 3393 1395 3447 θέσει
1407 3397 1456 3450 Ιτῶν
1468 3392 1510 3447 ἀπ’
1522 3392 1599 3462 ἀρχῆς
1608 3393 1667 3464 όχρι
1678 3394 1771 3458 τέλους,

188 3472 348 3544 Βύδοκιμῶν]
363 3470 440 3543 ήγουν
453 3472 553 3542 δόκιμος
564 3471 634 3534 δόξας
646 3472 728 3525 ίνεκεν
741 3472 844 3528 τούτων.
855 3475 886 3529 Ρ,
986 3468 1075 3521 πιθανὰ
1086 3475 1163 3524 ποιῶν
1177 3470 1208 3524 τά
1221 3470 1377 3543 ἐγκλήματα.
1392 3473 1473 3527 TCV.

194 3552 290 3627 Ῥήτωρ
304 3556 415 3626 ἀριστος]
431 3554 595 3625 πιθανολόγος
609 3553 648 3608 ἐπί
661 3557 757 3626 τέχνης.
768 3558 799 3610 Ρ.
1021 3549 1148 3620 Βούλομαι
1164 3550 1207 3622 δέ]
1226 3552 1257 3605 Τί
1270 3551 1349 3619 δήποτ
1368 3556 1531 3623 στοχαστίκῆς
1548 3552 1622 3620 Οὔσης
1641 3556 1685 3619 τῆς
1696 3555 1771 3622 (W

194 3632 264 3705 Ἀνήρ
276 3633 427 3706 θαυμαστδς]
441 3633 565 3694 ἐπαινετὸς
575 3631 615 3686 ἐπί
627 3634 737 3705 γνώμης,
752 3637 782 3689 Ρ.
985 3627 1110 3690 σεωςούτε
1121 3626 1233 3700 ἐλέγχων
1251 3628 1378 3698 ἀπαιτήσει
1395 3633 1511 3701 κέχρηται
1524 3631 1580 3684 ούτε
1593 3630 1641 3702 μὴν
1656 3632 1772 3702 βουλήσει

90 3764 93 3767 ,
192 3712 253 3775 348,
268 3732 294 3780 9.
311 3711 412 3777 Κατέόη
429 3710 497 3779 μάλα
506 3711 615 3783 σεμνῶς]
628 3710 734 3777 ίίλήττει
747 3711 888 3778 λεληθότως
898 3712 941 3766 τδν
985 3707 1032 3779 πρδ
1045 3712 1088 3775 τής
1105 3710 1245 3781 δυνάμεως;
1263 3710 1346 3775 λύσις,
1369 3711 1407 3765 ότι
1427 3714 1529 3783 γνώμης
1547 3711 1599 3764 ἐστί
1620 3715 1771 3783 στοχασμός.

150 3790 250 3859 δῆμον,
287 3790 326 3842 δτι
347 3788 575 3860 ύτιερευδοκιμοῦσιν
604 3790 628 3842 οί
658 3791 834 3861 φενακίζοντες
859 3792 939 3845 ch,
985 3789 1102 3843 BFRSY.
1125 3788 1260 3859 [ἰληρώσας
1276 3791 1305 3844 τδ
1319 3791 1502 3862 παραγραφαδν
1517 3790 1641 3844 εἰσόέλλει
1660 3790 1770 3846 ἐντεῦθεν

150 3867 266 3938 Τιιμνῶς,
282 3866 359 3939 ήγουν
374 3867 575 3938 μεγαλοπρεπῶς.
590 3869 622 3922 Ρ.
986 3864 1025 3920 ἐπὶ
1042 3868 1071 3921 τδ
1091 3867 1202 3938 δεύτερον
1224 3868 1356 3939 κεφάλαιον
1378 3872 1422 3921 τοῦ
1444 3873 1608 3939 στοχασμοῦ,
1633 3869 1691 3940 ύπερ
1706 3870 1772 3924 ἐστὶν

192 3950 255 4013 348,
272 3965 314 4003 1ο.
333 3946 452 4010 Ἀναστάς
471 3948 494 4000 δ’
511 3946 579 4021 ἐγὼ]
598 3946 787 4019 Παραγροφικδν
801 3945 854 4001 λύει
872 3949 941 4003 1καί
984 3943 1185 4016 ήτῶνζίλέγχων
1201 3945 1337 4014 ἀπαίτησις.
1354 3948 1461 4001 mcv,

153 4048 170 4076 ι
185 4027 260 4081 διὰτί
273 4027 317 4080 οθκ
333 4026 474 4098 ἀντέλεγεςς
492 4049 503 4076 ι
518 4029 575 4082 ΑΒ.
1022 4027 1083 4096 349,
1106 4031 1149 4082 26.
1170 4026 1217 4079 Ὃν
1234 4028 1342 4098 τρόπον]
1356 4027 1411 4081 άντί
1427 4031 1485 4093 τοῦ,
1510 4028 1565 4081 καθ’
1586 4028 1615 4081 δν
1637 4026 1770 4099 ύστέρηοαν

191 4106 253 4172 348,
270 4107 312 4160 13.
333 4104 447 4170 Ἔόόων,
469 4104 593 4176 ἐξέκρουόν
617 4107 662 4176 με]
678 4103 796 4175 Αἰσχίνου
816 4104 939 4175 βοῶντος,
984 4104 1075 4174 τρόπον
1086 4104 1144 4159 ποτέ
1153 4106 1215 4175 ύμᾶς
1227 4106 1283 4168 τούς
1294 4106 1402 4168 Φωκεῖς.
1416 4109 1445 4160 Ρ.

149 4184 323 4257 Φιλοκράτους
335 4190 525 4258 παροινοῦντος,
536 4185 779 4257 προκατειλημμένου
792 4190 837 4239 τοῦ
849 4186 939 4258 δήμου,
1021 4183 1083 4251 349,
1103 4186 1148 4238 28·
1160 4185 1208 4239 Δεῖ
1215 4183 1243 4238 δὲ
1257 4185 1350 4255 μηδένα
1368 4183 1453 4255 ύμῶν]
1468 4182 1553 4235 Ἔστιν
1567 4177 1612 4234 ούν
1621 4186 1664 4247 τῆς
1679 4181 1772 4237 άντιθέ·

152 4268 202 4317 ποῦ
214 4265 370 4335 Δημοσθένης
386 4266 536 4336 όφθήσεταις
551 4266 629 4320 ch.
650 4264 793 4336 Ἐξέκρουον
813 4264 871 4335 μέν,
885 4265 941 4320 ἀντί
983 4260 1071 4328 σιωςὴ
1085 4261 1186 4333 δύναμις
1207 4263 1233 4317 ἰν
1246 4263 1341 4324 τούτοις
1355 4262 1417 4316 κατά
1436 4261 1558 4331 ἀναίρεσιν
1574 4260 1716 4333 εἰσηγμένη
1732 4261 1771 4316 ἰν-

152 4346 215 4406 sou,
239 4342 409 4406 ἐποινείδιζον·
432 4344 568 4415 ἐχλεύαζον
587 4345 631 4409 δὲ,
655 4344 781 4407 ἐνέπαιζον
801 4345 854 4417 μετ’
873 4345 939 4417 εἰρω-
983 4343 1061 4395 ταῦθα
1070 4342 1119 4413 γάρ
1129 4348 1173 4410 τῆς
1185 4343 1324 4414 βουλήσεως
1337 4340 1557 4413 μόνηςήέξέτασις
1568 4340 1610 4392 καί
1619 4346 1668 4393 τῶν
1680 4359 1771 4411 τεκμη-

154 4421 228 4483 νείας.
244 4424 275 4476 Ρ.
999 4422 1052 4476 ίων.
1064 4422 1158 4475 BFSY.

192 4500 254 4565 348,
268 4503 308 4564 14.
328 4496 415 4570 Ὑμεῖς
428 4502 451 4551 δ’
463 4500 581 4574 ἐγελᾶτε]
596 4501 749 4556 Βαθάπτεται
759 4507 808 4555 τῶν
819 4501 938 4567 πολιτῶν,
982 4440 997 4492 Ρ
1023 4497 1113 4571 Ἧμέν
1126 4498 1240 4571 βούλησις
1260 4500 1332 4569 μάχρι
1354 4502 1397 4552 τοῦ
1421 4498 1519 4568 μετρίου
1542 4496 1721 4568 συμπέπλεκται
1743 4498 1769 4553 ἐκ

153 4579 194 4633 ότι
207 4580 260 4640 τοῖς
270 4579 424 4649 φενακίζοντι
437 4577 480 4645 την
500 4580 573 4633 πόλιν
585 4578 722 4646 ἐπίστευον,
738 4579 781 4635 τδν
796 4580 823 4635 δέ
839 4581 941 4652 φιλόπο·
984 4579 1079 4633 τούτου.
1119 4576 1180 4633 Εἶθ’
1201 4572 1290 4642 ούτος,
1310 4577 1377 4649 εἴπερ
1392 4579 1473 4647 ὥσπερ
1487 4573 1570 4639 ούτος,
1586 4574 1711 4643 ἠόουλήθη
1730 4598 1770 4648 μι-

154 4656 195 4710 λιν
207 4656 391 4726 καταγέλαστον
410 4657 516 4711 ἐποίουν.
535 4659 614 4711 ΑΒΤ.
983 4660 1079 4719 σθώσας
1098 4657 1172 4710 αύτδν
1187 4659 1240 4718 τοῖς
1252 4655 1351 4727 ἐχθροῖς
1362 4656 1481 4719 ἐξαπατᾶν
1492 4657 1555 4727 ύμᾶς
1568 4655 1609 4708 καί
1623 4657 1769 4726 φενακίζειν,

191 4737 253 4801 348,
276 4741 317 4790 16.
332 4734 371 4802 Νή
383 4736 439 4798 τούς
448 4736 515 4797 θεούς
531 4735 593 4798 εἰκός
607 4755 630 4790 τι
641 4737 743 4808 παθεῖν]
754 4736 886 4808 Θεραπεύει
895 4738 939 4791 τδν
983 4743 1032 4792 τῶν
1047 4737 1107 4792 ἰσων
1119 4736 1196 4799 αἴτιος
1209 4732 1239 4803 ήν
1254 4742 1335 4789 κακῶν
1347 4737 1413 4789 θσων
1427 4755 1472 4806 περ
1485 4735 1526 4788 καί
1544 4730 1623 4796 ούτος.
1674 4731 1726 4799 Τήν
1744 4736 1770 4788 δέ
1786 4754 1788 4759 ’

153 4815 235 4885 δῆμον
251 4814 313 4883 μιτίι
325 4813 371 4881 τήν
383 4814 531 4885 ἐπιτίμησιν.
543 4816 625 4870 ch,
640 4814 761 4885 θεραπεία
774 4820 817 4883 τῆς
828 4816 939 4888 ἐπιτιμή-
983 4837 1014 4889 γε
1031 4816 1134 4887 δύναμιν
1156 4814 1258 4882 ηύξησεν
1279 4814 1306 4869 ἐκ
1324 4819 1367 4882 τῆς
1380 4818 1526 4881 ποιότητος,
1549 4811 1622 4866 είπθιν
1641 4814 1681 4866 δτι
1701 4812 1770 4891 ίμεης

155 4896 267 4956 σεως.Β.
285 4894 458 4967 Καθοψάμενος
476 4898 525 4948 τῶν
546 4893 654 4947 πολιτῶν
676 4894 750 4949 πάλιν
769 4895 854 4958 αύτούς
872 4898 941 4967 θιμσι-
983 4896 1147 4962 κατεστήσατε
1161 4895 1260 4967 κύριον,
1274 4895 1316 4948 καί
1329 4895 1384 4956 τούς
1395 4894 1492 4965 καιρούς
1500 4893 1603 4963 συνῆψεν
1615 4891 1654 4945 ἐπί
1664 4892 1768 4959 τούτοις,

153 4973 230 5028 πεύιι.
244 4975 301 5027 ΑΒ.
983 4977 1055 5047 μέρος
1066 4978 1109 5043 τῆς
1119 4975 1244 5045 δυνάμεως
1257 4975 1337 5037 όντας.
1356 4975 1438 5027 TCV.

191 5051 311 5125 Δεύτερον]
330 5052 462 5107 ἐλάττονα.
475 5054 506 5108 Ρ.
1020 5055 1080 5118 350,
1100 5054 1125 5107 3.
1140 5051 1198 5106 Ὅτι
1211 5053 1288 5105 ὅντιν’
1305 5054 1334 5105 ἀν
1347 5051 1433 5123 ύμεῖς]
1448 5050 1470 5105 εἰ
1483 5050 1525 5104 καί
1538 5053 1581 5103 τοῦ
1594 5048 1712 5122 Αἰσχίνου
1725 5069 1769 5106 τα·

194 5127 394 5204 ’Υποκειμάνωη
407 5132 603 5204 παρισταμένων.
616 5133 646 5187 Ρ.
981 5135 1120 5204 πεινότερόν
1136 5151 1163 5185 τε
1177 5131 1219 5186 καί
1229 5131 1305 5198 ήττω.
1315 5132 1396 5185 TCV.

192 5206 303 5281 Ὀχλος]
315 5210 409 5265 Ταύτόν
420 5211 484 5265 ἐστιν
497 5210 590 5276 εἰπεῖν,
600 5209 733 5281 όχλοῦντετ
747 5205 808 5277 ἦσαν
824 5210 864 5263 καὶ
879 5211 938 5281 φθο-
1019 5213 1080 5277 350,
1096 5212 1122 5265 ύ.
1142 5209 1201 5265 Εἶθ’
1214 5207 1300 5279 οὗτος]
1313 5209 1438 5272 Συνίζευξι
1452 5213 1483 5281 τῇ
1500 5210 1601 5279 δυνάμει
1616 5206 1661 5274 τήν
1676 5209 1768 5280 βούλη·

157 5289 264 5349 νούντις.
280 5289 309 5341 Ρ.
954 5324 961 5347 .
982 5311 1031 5358 σιν,
1044 5291 1167 5362 κρατύνων
1182 5287 1255 5357 αύτήν
1271 5293 1302 5362 τῇ
1316 5290 1439 5361 κοινωνίη.
1451 5290 1531 5345 TCV.
1693 5347 1701 5363 .

1618 5390 1653 5432 ³9.
