3967 5967
616 451 694 511 XIX.
716 451 807 511 ΠΕΡΙ
829 451 906 511 ΤΗΣ
925 402 1261 512 ΠΑΡΑΠΡΕΣΒΕΙΑΣ.
1683 457 1742 508 609

140 580 253 647 ποιότητι
264 582 308 634 τού
327 578 496 652 Φιλοκράτους
509 578 553 649 τήν
566 580 697 654 διαρθοράν
711 584 753 649 τῆς
765 583 866 654 γνώμης
881 602 916 637 πι·
965 581 1031 652 ἀρχή
1055 585 1100 653 (p.
1126 583 1188 646 348,
1212 580 1277 652 ι5)·
1302 602 1312 629 ι
1338 582 1381 633 τοῦ
1398 579 1472 650 χάριν
1497 576 1527 644 δὴ
1551 581 1628 632 ταῦτα
1650 584 1745 651 πρῶτον

140 659 277 729 στυύμενος.
292 660 372 714 TCV.
967 682 977 709 ι
995 661 1138 730 ύπὲμνησα;
1156 684 1166 708 ιι
1181 659 1261 724 ἐπειδὴ
1274 658 1299 712 δέ
1309 659 1425 729 διαίρεσιν
1435 656 1512 710 εἰπεῖν
1527 660 1571 709 τοῖι
1585 657 1663 728 λόγου
1675 658 1746 729 πρού-

134 770 137 775 ,
176 738 242 802 343,
256 753 301 802 22,
322 736 384 809 Ἐμέ
399 737 441 810 μέν
456 738 549 809 ραῖιλον
563 738 679 810 ἡγεῖσθε]
694 738 804 809 Τιμωρία
815 737 863 809 γάρ
876 738 918 791 αδ·
964 740 1068 810 θέμεθα,
1086 740 1174 792 κωλύει
1192 738 1218 792 δέ
1231 738 1299 791 οὐδέν
1319 738 1360 789 διά
1377 738 1488 808 βραχέων
1500 737 1604 807 ώσπερελ
1621 738 1747 808 σπέρματα

139 816 228 886 τάρκης
240 815 283 869 τόν
299 815 430 884 Ἀθηναίων
449 817 589 889 σύμόουλον
607 818 648 870 καί
661 815 808 888 πρεσόευτήν
824 818 917 888 φαῦλον
963 818 1193 889 καταόαλλομένους
1205 818 1330 888 ἐφοδεῦσαι
1346 817 1402 878 τούς
1420 816 1634 886 ἐντυγχάνοντας,
1652 817 1746 884 δεῖτῆς

139 895 195 964 παρ’
221 893 352 961 Ἀθηναίοις
372 897 523 967 νομίζεσθαι.
542 897 620 953 ch.
644 896 756 963 Φαύλου,
776 895 852 968 ἤγουν
864 898 919 968 ψεύ·
964 898 1102 963 δεινότητος
1124 900 1251 967 πανταχοῦ
1278 897 1442 966 στοχάζεσθαι
1463 900 1507 948 τοῦ
1525 895 1636 966 ῥήτορος.
1678 895 1747 950 Ἐπεὶ

137 991 210 1038 στην.
225 976 256 1027 Ρ.
963 976 1044 1029 τοίνυν
1057 977 1101 1029 οὐκ
1113 971 1143 1043 ἦν
1162 975 1225 1037 είκδς
1241 975 1284 1028 τδν
1296 976 1421 1028 Φίλιππον
1438 976 1504 1044 δῖιρα
1521 976 1606 1028 δοῦναι
1617 975 1686 1046 ἀνδρί
1698 982 1746 1028 τῶν

175 1055 237 1118 343,
253 1053 296 1108 23.
310 1053 403 1126 Ἄφετε]
413 1053 490 1125 ἤγουν
505 1053 642 1109 ἀπολύσασα
656 1059 698 1121 τῆς
707 1056 877 1127 κατακρίσεως,
887 1060 918 1112 Ρ.
963 1056 1101 1125 τυχόντων,
1121 1054 1187 1107 ἀλλὰ
1203 1061 1238 1126 τῷ
1254 1056 1367 1107 δοκοῦντι
1386 1060 1435 1107 τῶν
1449 1054 1534 1107 ἀλλων
1550 1054 1612 1108 κατὰ
1626 1054 1671 1120 τήν
1689 1075 1746 1126 πρε-

175 1130 265 1184 Ῐίολλά
278 1132 305 1185 δὲ
318 1132 359 1184 καλ
376 1132 443 1186 δεινά
456 1135 604 1204 κατηγορεῖν
624 1132 706 1206 ἔχων]
722 1135 919 1205 Προααταστατι-
964 1135 1047 1188 σύείαν
1067 1137 1180 1206 κρατεῖν·
1198 1136 1257 1198 καὶ,
1279 1132 1361 1200 ἐπειδὴ
1381 1133 1429 1205 ούχ
1448 1132 1502 1187 οίόν
1524 1153 1550 1187 τε
1568 1130 1598 1201 ήν
1613 1136 1747 1205 ’προδούναΙ

141 1209 186 1264 κδν
201 1208 318 1281 έννόημα.
357 1211 492 1282 Πληριθσας
509 1212 553 1278 τήν
575 1213 780 1283 προκατασκευήν,
797 1213 921 1267 εἰσόάλλει
964 1213 1066 1275 Φωκέας
1079 1214 1121 1268 τδν
1137 1211 1170 1285 μή
1185 1214 1292 1283 μάλιστα
1308 1214 1405 1266 πάντων
1418 1213 1552 1281 δυνάμενον
1567 1212 1621 1265 ούδέ
1635 1209 1747 1283 μήνοῖόν

140 1286 250 1342 ίντεύθεν
263 1288 301 1343 ἰπὶ
312 1287 356 1356 τὴν
366 1292 569 1361 προκατάστασιν.
581 1294 654 1347 ΑΒΡ.
664 1291 798 1346 Αἰνίττεται
809 1291 866 1355 ίσως
875 1293 919 1360 τήν
964 1308 991 1344 τε
1012 1287 1041 1358 ήν
1058 1295 1142 1346 πεῖσαι
1161 1293 1217 1354 τούς
1231 1290 1362 1351 ἀκούοντας
1383 1291 1422 1344 δτι
1440 1291 1538 1343 πάντων
1552 1298 1601 1343 τῶν
1624 1292 1747 1361 πρέσόεων

142 1367 167 1420 έν
183 1367 322 1439 Μακεδονίᾳ
336 1371 419 1440 μέθιεν,
434 1358 475 1423 καί
488 1369 533 1436 τήν
551 1369 681 1426 Ὀλυνθίαν
695 1371 867 1443 αἰχμάλωτον,
880 1375 921 1425 καί
965 1370 1043 1422 όντων
1058 1371 1131 1442 μόνος
1151 1370 1268 1441 Αἰσχίνης
1281 1371 1413 1440 προδότης,
1437 1368 1575 1439 ἀναγκαίως
1588 1369 1657 1431 εἰδὼς
1675 1376 1748 1423 τοῦτο

133 1444 185 1513 ,τὴν
205 1446 309 1519 αἰσχράν
326 1450 518 1520 παροινίαν,καί
534 1450 564 1504 τά
585 1450 647 1504 κατὰ
665 1450 772 1522 Θρᾴκην.
812 1451 876 1522 Ἔφη
898 1453 920 1504 δ’
965 1447 1033 1511 εύθθς
1046 1448 1071 1503 έν
1086 1449 1151 1523 ἀρχῇ
1160 1454 1202 1517 τῆς
1211 1451 1381 1510 καταστάσεως
1394 1448 1556 1518 θεραπεύειτδ
1570 1448 1746 1520 ἀντικείμενον.

141 1526 179 1578 ότι
193 1526 222 1579 τδ
235 1522 292 1594 ήθος
304 1526 436 1598 Αἰσχίνου,
451 1528 519 1596 καλὴ
532 1530 695 1601 προειληροῖα
708 1530 766 1591 δόξα
777 1530 819 1583 καί
831 1530 847 1596 ἥ
859 1531 919 1602 πρό-
965 1527 1003 1580 T&
1016 1535 1100 1600 πριῖιτα
1120 1529 1168 1602 γάρ
1184 1529 1287 1602 Αἰσχίνη
1300 1528 1380 1589 διδούς
1400 1531 1443 1593 τῆς
1458 1527 1598 1593 πολιτείας,
1611 1528 1653 1580 καὶ
1671 1547 1747 1599 μονο·

141 1603 212 1675 ληψις
225 1608 338 1675 ταράττει
356 1607 398 1660 τδν
417 1607 516 1678 ῥήτορα.
559 1605 658 1673 Ἐπειδὴ
671 1607 719 1677 γάρ
736 1602 815 1679 ἀρ’ής
832 1608 921 1679 ἡμέρας
966 1607 1039 1677 νουχί
1063 1608 1206 1679 Περικλέους
1220 1607 1315 1678 ἀξίωμα
1334 1606 1477 1677 περιτιθείς,
1499 1604 1544 1671 τήν
1558 1607 1661 1677 δύναμιν
1684 1607 1748 1669 αύξει

138 1682 194 1737 εἷλε
210 1684 398 1757 τδνΤίμαρχον,
410 1685 547 1757 εὐδοκιμεῖν
559 1685 922 1759 έπὶοωρροσύνηέδόκει,πόρ-
966 1685 1007 1737 καίΙ
1021 1691 1058 1757 τῷ
1071 1690 1193 1758 προσώπῳ
1212 1689 1326 1757 μέγιστον
1350 1685 1445 1755 ἀξίωμα
1465 1686 1625 1755 περιτίθησιν,
1644 1687 1687 1738 ἵνα
1704 1688 1746 1740 καλ

142 1765 217 1833 ρωθεν
232 1766 456 1836 κατεπαγγέλλεται
468 1771 511 1819 τοῦ
523 1765 595 1832 ήθους
607 1766 648 1818 καί
659 1770 702 1831 τῆς
717 1765 864 1838 ύποκρίσεως
877 1768 921 1820 τδν
966 1762 1105 1835 ἀναγκαίως
1117 1766 1230 1837 μαίνηται
1250 1764 1374 1826 Φιλιππος
1387 1769 1474 1817 τοῦτον
1492 1764 1639 1834 θεραπεύων,
1655 1767 1684 1817 δν
1700 1768 1748 1837 μά·

142 1840 261 1912 ἔλεγχον.
296 1843 333 1896 ’ίδ
351 1844 404 1898 δλι
429 1844 453 1907 ἔξ
467 1843 506 1898 ὧν
519 1844 565 1897 ούκ
582 1842 649 1899 ἔστιν
667 1846 696 1898 θν
718 1845 805 1898 άνούκ
824 1845 922 1909 εἰκότως
966 1844 1039 1898 λιστα
1052 1850 1187 1917 κρατοῦντα
1198 1850 1241 1913 τῆς
1252 1845 1378 1916 πρεσόείας
1391 1843 1571 1916 έώρα,κα“ιτῷ
1584 1844 1656 1897 παντί
1670 1843 1749 1915 ἀγῶνι

144 1921 267 1991 μισήσειεν
281 1921 354 1975 αύτδν
371 1945 382 1974 ιι
397 1925 546 1996 σημαντικόν
567 1921 632 1977 ἔστιν
645 1923 737 1976 θτικαί
751 1924 807 1996 παρ’
821 1922 882 1996 ἡμῖν
898 1924 922 1978 οί
969 1928 1141 1998 παρασκευάζῃ
1167 1924 1212 1992 τήν
1241 1925 1402 1992 πιθανότητα.
1438 1924 1473 1977 Tb
1498 1923 1523 1978 δέ
1547 1926 1748 1995 θωμαστότατον

142 1998 292 2068 φαυλότατοι
308 2003 427 2072 μαθόντες
441 2002 483 2055 τδν
499 2003 552 2073 βίον
571 2001 688 2073 Αἰσχίνου
701 2002 855 2072 μισήσουσιν.
879 2003 922 2058 Αἰ·
967 2005 1047 2059 έκεῖνό
1061 2006 1137 2072 ἔστιν,
1155 2008 1193 2059 ότι
1210 2005 1283 2059 αύτδν
1297 2004 1415 2075 Αἰσχίνην
1429 2006 1560 2075 παρέχεται
1574 2011 1622 2057 τῶν
1641 2006 1749 2077 δωροδόἑ

143 2078 247 2132 νίττεται
260 2080 296 2147 δέ,
308 2081 341 2145 ὣς
355 2082 436 2150 είπον,
450 2082 494 2151 τήν
508 2083 534 2138 ἰν
548 2083 689 2155 Μακεδονίᾳ
702 2084 788 2156 μέθην,
804 2084 846 2137 καί
858 2083 919 2151 ἑξῆς.
966 2103 1016 2138 κων
1031 2085 1169 2157 κατήγορον
1181 2085 1223 2137 καὶ
1240 2085 1347 2156 μάρτυρα
1361 2089 1404 2136 τοῦ
1414 2084 1590 2154 διαφθείρεσθαι
1602 2083 1649 2137 ύπδ
1660 2084 1750 2138 Φιλίπ-

139 2161 223 2213 TCV.
966 2183 1013 2218 που
1026 2165 1082 2227 τοίις
1095 2164 1128 2226 εἰς
1143 2164 1296 2218 Μακεδονίαν
1312 2163 1508 2234 ἀρικνιυρένους.
1532 2160 1589 2215 Ἐπὶ
1603 2164 1695 2226 τούτοις
1704 2165 1761 2224 καὶ4

179 2239 246 2305 343,
269 2244 313 2295 26.
335 2240 540 2312 Μνημονεύοντας
559 2240 648 2312 ύμῶν]
664 2239 765 2311 θηρεύει
789 2240 921 2313 μαρτυρίαν
966 2244 1057 2313 τρίτον,
1072 2245 1111 2296 δτι
1129 2243 1156 2297 σύ
1174 2244 1331 2296 διελάνθανεν
1345 2241 1418 2295 αύτδν
1434 2240 1450 2308 ἡ
1464 2246 1508 2294 τοῦ
1522 2241 1647 2295 Φιλίππου
1661 2244 1746 2313 τροαί·

142 2316 190 2385 ήδη
203 2317 268 2389 παρά
281 2324 329 2371 τῶν
350 2318 499 2384 ἀκουόντων,
513 2320 556 2373 ίνα
569 2320 611 2372 καί
626 2318 670 2385 τὴν
684 2322 830 2373 κατάστασιν
846 2322 921 2391 μόνον
967 2342 1045 2393 ρεσις,
1061 2323 1104 2376 οία
1117 2343 1144 2376 τε
1157 2318 1188 2390 ήν
1208 2323 1262 2394 περί
1282 2320 1327 2387 τὴν
1341 2314 1418 2376 ’πόλιν
1434 2319 1476 2374 καί
1494 2319 1538 2386 τὴν
1562 2318 1687 2386 Ἐλλάδα,
1702 2323 1747 2374 ἵνα
1804 2332 1808 2338 ’

140 2397 186 2451 οθιι
206 2397 291 2469 ἀγῶνα
308 2398 441 2469 ἐργάσηται
460 2400 502 2452 καί
521 2399 550 2453 τδ
568 2398 696 2470 ἔπειεχθέν
714 2400 868 2467 πιστεύηται,
884 2400 922 2452 ότι
965 2405 1007 2457 καὶ
1020 2404 1049 2457 ὼ
1062 2408 1152 2475 χρῶμα
1163 2404 1276 2474 φαίνηται
1290 2403 1330 2455 διὰ
1339 2403 1432 2456 τούτων
1439 2400 1522 2453 λύων
1540 2400 1567 2453 ού
1579 2399 1626 2471 γίιρ
1638 2397 1668 2466 ἦν
1685 2400 1748 2462 εἰκὸς

141 2480 194 2539 τοῖς
211 2477 248 2547 ύρ’
272 2475 359 2530 έαυτού
379 2481 556 2552 πεπραγμένοις
577 2479 619 2531 καλ
637 2480 876 2552 δεδημηγορημένοις
896 2477 921 2532 έν
967 2482 1088 2553 ἀγνοῆσαι
1098 2487 1141 2535 τοῦ
1151 2483 1276 2537 Φιλίππου
1287 2480 1332 2546 τὴν
1346 2483 1449 2552 γνώμην
1461 2479 1504 2532 τδν
1517 2478 1595 2531 πάλαι
1606 2479 1664 2532 ποτέ
1675 2499 1749 2546 κατη-

139 2555 209 2628 ἀρχῇ
223 2557 330 2628 μάλιστα
339 2556 541 2629 ίξελιγχθήσεται
553 2559 620 2628 δῶρα
633 2557 711 2627 ἔχων.
750 2559 854 2629 Διχόθεν
868 2557 922 2611 δέό
966 2567 1087 2633 γοροῦντα
1100 2562 1275 2615 τοῦΦιλίππου
1285 2567 1333 2614 τῶν
1341 2561 1446 2630 τρόπεον.
1461 2560 1542 2611 TCV.
1556 2559 1634 2610 Τοῦτο
1644 2560 1750 2629 περιέχει

143 2635 248 2705 ἔλεγχος
257 2674 265 2700 ι
275 2636 316 2688 καί
326 2636 389 2707 παρὰ
401 2643 449 2690 τῶν
462 2637 586 2707 &ww
600 2637 642 2689 καί
652 2635 717 2706 παρὰ
728 2640 771 2689 τοῦ
780 2635 920 2707 φεύγοντος.
965 2642 995 2694 τδ
1015 2645 1059 2694 τοῦ
1071 2643 1217 2713 χρώματος·
1236 2641 1250 2693 ό
1273 2641 1321 2712 γάρ
1344 2639 1488 2709 αἰσθόμενος
1508 2644 1602 2708 πρῶτος
1623 2639 1749 2692 Φίλιππον

141 2716 214 2787 Λέγει
231 2714 257 2767 δέ
277 2713 306 2767 ού
319 2716 399 2769 πάντα
413 2716 437 2769 έν
457 2722 492 2787 τῷ
511 2720 728 2786 προκαταστατικῷ
747 2714 778 2767 τὰ
799 2716 858 2786 μέθη
880 2718 922 2780 τῆς
965 2718 1155 2774 έπιόουλεύοντα
1164 2723 1217 2782 τοῖς
1233 2719 1342 2787 Ἕλλησι
1353 2718 1396 2771 καλ
1404 2718 1532 2770 Φωκεῦσιν
1543 2718 1595 2788 Ιήδει
1609 2715 1749 2770 έπιόουλεύ-

140 2795 331 2856 καταστάσεως,
357 2794 472 2863 ροόηθείς
497 2799 545 2846 τῶν
571 2793 655 2856 λόγων
684 2793 726 2846 τὸν
752 2794 842 2864 ὄχλον,
862 2793 921 2845 ἀλλ’
965 2818 1027 2851 οντα
1051 2799 1094 2851 καί
1112 2799 1280 2869 διαρθείροντά
1301 2816 1357 2849 τινα
1387 2802 1436 2849 τῶν
1468 2793 1491 2848 έν
1516 2793 1640 2865 Ἀρκαδίᾳ,
1664 2795 1708 2847 ἵνα
1725 2793 1750 2856 ἐξ

141 2874 322 2945 ἀπαγγέλλεται
336 2874 378 2946 μὲν
396 2875 451 2946 περί
464 2878 507 2940 τῆς
518 2875 664 2944 δωροδοκίας
678 2873 765 2938 εἰπεῖν,
780 2877 839 2946 σιγᾷ
856 2874 883 2927 δέ
894 2873 922 2928 τδ
965 2874 1110 2937 ἀκολουθίας
1126 2877 1168 2929 τδν
1181 2874 1348 2947 προεστηκότα
1361 2878 1405 2941 τῆς
1423 2872 1547 2944 πρεσόείας
1564 2873 1679 2943 μαίνηται
1692 2873 1745 2923 δια·

142 2951 205 3004 κατά
218 2952 334 3016 Φωκέας,
348 2954 381 3014 ὣς
394 2952 512 3024 ἑπόμενον
523 2953 565 3006 καί
575 2951 719 3006 ἀκόλουθον.
734 2954 815 3008 ch.
965 2947 1079 3016 φθείρων.
1093 2948 1174 3000 TCV-

179 3030 242 3095 343’
259 3046 303 3100 Ἇ7·
324 3029 582 3107 Ὑπθθνῆσαίίῆίωθ
596 3032 738 3105 ῑίίμῑῐρίαί
754 3030 924 3104 μίήμηνάγα·
1004 3027 1068 3091 344,
1089 3044 1116 3094 7.
1132 3026 1178 3078 ίίαί
1200 3024 1266 3095 έχων
1287 3024 1450 3094 Ἴσχανδρον]
1474 3022 1610 3093 Παρέχεται
1634 3022 1676 3093 μὲν
1697 3025 1750 3084 τοῖς

143 3109 208 3179 γεῖν,
222 3110 252 3161 Ρ.
966 3102 1083 3175 Αἰσχίνου
1093 3103 1200 3175 λόγοιςίη
1214 3104 1340 3175 μαρτυρία·
1355 3101 1400 3155 ούκ
1408 3100 1564 3167 ἀπήλλακται
1576 3101 1602 3155 δέ
1612 3101 1654 3154 καί
1663 3103 1746 3171 σκώμ-

179 3187 240 3253 343,
261 3203 305 3257 ²9·
321 3189 494 3263 Δημηρηρςῖη]
510 3190 630 3262 παρρησίη
649 3190 730 3262 λέγω
745 3193 867 3259 ,φης-ηχος
884 3186 922 3242 εἴ.
968 3203 1052 3254 ματος.
1072 3182 1218 3256 Ὗποκριτὴν
1231 3183 1279 3254 γὰρ
1293 3183 1346 3252 ἔχει
1360 3182 1403 3236 τδν
1418 3182 1655 3251 συναγωνιζόμενον.
1669 3182 1746 3235 TCV.

142 3284 193 3319 ναι.
207 3267 236 3320 Ρ.
1003 3264 1065 3329 344,
1081 3262 1334 3335 θ.ίίροσιὼνμέντῇ
1349 3259 1746 3333 βουλῇ,προσιὼνδέτῷδήμῳ]
1784 3314 1787 3321 ,

179 3346 248 3412 344,
265 3363 288 3400 1.
304 3346 411 3418 Είδῆτε]
431 3345 520 3401 ’ἰστέον
533 3348 571 3401 ότι
588 3348 616 3401 εδ
629 3348 738 3418 πέμπτον
752 3345 777 3401 έν
791 3349 922 3418 τῇπροκα·
967 3340 1035 3393 ίίατά
1053 3342 1133 3395 κῶλον
1153 3340 1299 3412 bavam&-
1316 3341 1353 3395 Y·
1365 3339 1497 3410 θεώρησον
1512 3339 1590 3404 ww
1606 3336 1671 3409 αὖῖῷ
1685 3356 1747 3409 W·

142 3429 248 3497 τασκευῇ
269 3427 400 3496 κεφάλαιον
422 3428 557 3498 τεθειμένον
583 3433 679 3499 πρῶτον
701 3426 863 3497 διαπεραίνει,
882 3425 924 3488 τάς
967 3421 1038 3489 rupe?
1052 3417 1096 3485 τήν
1111 3421 1218 3486 σπουδήν
1229 3440 1256 3473 τε
1269 3419 1310 3472 καί
1321 3418 1432 3472 εύνοιαν·
1447 3416 1606 3488 παρηνώχλει
1618 3416 1666 3487 γάρ
1675 3419 1749 3469 πᾶσιν

142 3509 192 3555 τῶν
206 3503 380 3574 ἐπιχειρήσεων
394 3506 524 3577 προσάγων
534 3508 656 3579 δυνάμεις.
669 3506 735 3559 BFY
739 3548 744 3559 .
968 3497 1032 3567 ύριῖιν
1051 3496 1183 3552 ἀδικοῦντα
1207 3500 1249 3553 τδν
1270 3498 1405 3553 Φίλιππον.
1443 3497 1489 3550 Διὰ
1508 3496 1535 3549 δέ
1549 3500 1592 3549 τοῦ
1614 3496 1679 3562 ήκων
1702 3493 1748 3561 τὴν

181 3573 241 3636 344,
258 3574 284 3626 3.
304 3574 374 3627 Ἐστι
392 3577 472 3628 τοίνυν
493 3572 586 3640 ούτοςό
605 3584 700 3648 πρῶτος
717 3574 866 3645 Ἀθηναίων]
892 3571 922 3626 ‘li
968 3573 1050 3636 ἔξοδον
1062 3576 1104 3628 καί
1124 3576 1153 3629 τδ
1164 3574 1279 3630 ἀπελθεῖν
1293 3574 1432 3641 ίδήλωσεν,
1446 3573 1467 3628 εἰ
1480 3575 1522 3627 καί
1533 3572 1566 3645 μὴ
1583 3572 1663 3645 είρηκε
1674 3593 1748 3644 ρανε·

141 3654 297 3715 κατάστασις.
307 3654 379 3707 Ἐστι
390 3654 530 3727 δέδιμερής,
543 3657 585 3709 καί
596 3657 624 3709 τδ
636 3655 679 3728 μέν
692 3661 786 3726 πρῶτον
801 3656 871 3725 μέρος
881 3652 923 3706 αύ-
967 3660 1023 3724 ρώς.
1060 3655 1147 3709 Τδνδέ
1165 3654 1311 3726 Ἱερώνυμον
1329 3656 1450 3726 προδότην
1472 3654 1526 3708 τινά
1541 3654 1608 3725 λέγει
1630 3651 1748 3722 Ἀρκάδων

144 3734 188 3797 τής
201 3735 351 3802 περιεκτικόν
367 3732 416 3787 ίστι
431 3738 473 3801 τῆς
486 3736 648 3806 δωροδοκίας,
665 3735 693 3788 τδ
713 3733 739 3787 δὲ
759 3734 869 3805 δεύτερον
884 3753 924 3787 πε·
968 3735 1152 3807 ἐναντιούμενον
1174 3736 1239 3807 αύτῷ
1259 3734 1285 3788 έν
1313 3735 1425 3807 Ἀρκαδίμ
1443 3734 1497 3806 περί
1517 3739 1560 3787 τοῦ
1580 3733 1688 3803 πολέμου
1705 3737 1748 3786 τοῦ

143 3810 263 3879 ριεκτικδν
277 3815 321 3864 τοῦ
335 3812 397 3865 κατά
410 3814 511 3875 Φωκέας
524 3812 689 3885 ἐγκλήματος.
703 3814 820 3866 BFRSY.
967 3816 1025 3885 πρὸς
1038 3815 1173 3880 Φίλιππον,
1193 3813 1303 3887 μαθητήν
1318 3816 1451 3886 γενόμενον
1470 3814 1631 3884 Ἰσοκράτους.
1648 3814 1729 3866 TCV.
1833 3872 1837 3878 .

180 3888 251 3942 Ἐστι
271 3890 540 3965 τοίνυν-Ἀθηναίων]
563 3893 627 3960 Αύτη
645 3892 709 3946 έστλν
728 3890 744 3958 ή
766 3892 920 3953 κατάστασις.
1002 3897 1065 3960 344,
1081 3913 1122 3949 10,
1136 3895 1300 3967 Συηάξηητας]
1314 3896 1505 3967 συναγαγόντας,
1522 3897 1552 3947 Ρ,

143 3966 265 4039 Αιῴκηται
280 3970 306 4023 δέ
323 3974 467 4042 σορώτατα,
482 3973 526 4025 ἵνα
542 3974 573 4025 δι’
587 3970 622 4025 ὧν
637 3973 670 4034 ὡς
687 3973 805 4043 φρόνιμον
818 3970 860 4025 καί
877 3970 923 4041 πρδ
1003 3978 1071 4042 344,
1087 3994 1128 4030 12.
1147 3975 1189 4038 Ἐξ
1212 3974 1350 4047 Ἀρκαδίαςή
1363 3968 1441 4035 Ούτος
1462 3972 1491 4040 ήν
1513 3972 1537 4025 έν
1555 3971 1678 4042 Ἀρκαδίᾳ,
1698 3971 1750 4037 ήτις

143 4049 192 4098 τῶν
206 4046 291 4100 ἄλλων
307 4048 453 4121 αἰσίίίῑῑθῦί
473 4049 582 4119 “W‘’
598 4051 638 4103 ῧῑὰ
658 4055 730 4104 τοῦτο
748 4049 823 4122 &van
840 4050 869 4102 ῖθ
885 4050 922 4102 ὅτι
967 4054 1031 4109 ούτω
1043 4055 1149 4125 Μεγάλη
1162 4055 1233 4117 πόλις
1250 4053 1379 4120 ἐκαλεῖτο,
1394 4054 1449 4106 θθεν
1466 4052 1523 4122 ύπέρ
1538 4050 1749 4121 Μεγαλοπολιτῶν

142 4122 188 4176 034
207 4123 339 4194 θπότηται.
375 4127 478 4201 θιμερὴς
500 4129 523 4180 δ’
538 4129 602 4184 ἐστίν
627 4128 642 4196 ἡ
667 4130 825 4192 κατάστασις,
842 4130 923 4197 ὥσπερ
966 4136 1227 4206 Δημησθέοηςηράηςι,
1241 4136 1315 4187 Lm,

144 4201 220 4269 καλή
243 4204 362 4267 ύπόθεσις.
401 4208 488 4260 ίίαλτδ
503 4208 545 4279 μέν
564 4215 659 4278 πρῶτον
676 4210 746 4279 μέρος
763 4205 924 4277 αύτῖγςπεριε-
1004 4214 1110 4285 ίίαλοθς]
1124 4209 1327 4272 Ούκεῖταιώςέν
1341 4208 1466 4280 εἰρωνείᾳ,
1481 4207 1546 4259 ἀλλά
1557 4207 1610 4259 κατ’
1620 4205 1745 4271 ἀλήθειαν.

144 4280 228 4333 κτίκθί
242 4286 284 4349 ἵίίί
298 4286 444 4355 δωρθῧῡκίας
453 4286 518 4353 lod,
536 4288 577 4340 καί
588 4288 709 4360 λαμὸἆθῑῑ
725 4290 796 4358 πέρας
808 4290 880 4339 τοῦτο
895 4285 923 4338 τθ
966 4290 1085 4362 Ὕστερον
1099 4291 1146 4362 γάρ
1163 4290 1248 4360 μέλλει
1258 4287 1375 4359 έπιρέρειν
1386 4287 1414 4339 τδ
1428 4285 1481 4338 κατ’
1496 4284 1631 4355 εἰρωνείαν.
1645 4285 1745 4339 ΑίίΤΡ.

146 4365 329 4435 μέρῠςίθῐαῧθα
345 4373 386 4441 (p.
411 4374 472 4438 346,
488 4376 520 4441 ι)
547 4375 615 4426 ικαὶ
628 4375 696 4427 ταῦθ’
719 4372 923 4443 όαχετλιώτατος
1003 4370 1069 4434 344,
1086 4369 1127 4422 ι3.
1145 4365 1444 4437 Ἱερώνυμονήπροδότην
1464 4363 1518 4417 τινὰ
1533 4363 1600 4433 λέγει
1617 4362 1746 4433 Ἀρκάδων,

146 4467 159 4493 ι
175 4445 216 4507 καί
239 4444 338 4513 ἀναιδής
362 4447 431 4511 οθτος
455 4451 549 4521 ἐτόλμα
570 4453 662 4523 λέγειν,
686 4451 852 4523 έρεστηκότων
873 4458 922 4504 τῶν
966 4449 1152 4519 ἐναντιούμενον
1171 4447 1236 4518 αύτῷ
1256 4446 1281 4499 έν
1309 4444 1419 4516 Ἀρκαδίᾳ
1444 4443 1499 4513 περί
1517 4448 1559 4496 τοῦ
1574 4443 1682 4515 πολέμου
1704 4448 1748 4497 τού

147 4544 158 4570 ι
175 4523 298 4593 πέρσόεων
311 4527 353 4579 καὶ
366 4527 515 4594 ἀκουόντων,
532 4531 572 4591 οθς
584 4530 632 4584 ἀπδ
645 4537 694 4585 τῶν
713 4530 841 4597 Ἑλλήνων
853 4531 923 4603 ύμεῖς
966 4531 1024 4599 πρδς
1035 4530 1171 4591 Φίλιππον,
1189 4523 1299 4596 μαθητήν
1311 4526 1444 4595 γενόμενον
1463 4521 1626 4594 Ἰσοκράτους.
1646 4525 1701 4576 ΑΒ.

148 4605 368 4675 «μετεπέμψασθε,
380 4605 427 4659 ύπδ
444 4608 530 4661 τούτου
541 4611 686 4672 πεισθέντες,
700 4611 737 4664 ὅτ’
751 4609 818 4663 ούπω
832 4630 922 4680 πεπρα-
1003 4611 1070 4673 344,
1097 4612 1138 4659 16.
1163 4605 1227 4675 Ούχλ
1245 4603 1287 4665 τὰς
1308 4603 1367 4665 ἰδίας
1383 4601 1524 4671 ἀδικοῦσιν]
1547 4600 1623 4653 Αύτδν
1639 4604 1708 4655 ποιεῖ
1718 4601 1747 4655 τδ

148 4681 359 4752 Ηὼςαθτθνήν.
378 4709 389 4736 ι
405 4687 440 4740 Τό
458 4686 484 4740 δέ
498 4689 609 4759 δεύτερον
625 4692 695 4760 μέρος
709 4688 921 4761 έστίπεριεκτικδν
941 4730 945 4779 γ
968 4691 1069 4760 μέγεθος
1094 4691 1138 4741 τού
1158 4689 1234 4738 κακοῦ
1252 4688 1295 4738 τού
1317 4684 1378 4736 κατὰ
1403 4682 1446 4749 τήν
1466 4682 1597 4753 προδοσίαν
1623 4682 1745 4752 ὁρίζοντα.

143 4764 188 4813 τού
209 4762 270 4816 κατά
282 4765 383 4827 Φωκέας
398 4764 563 4836 ἐγκλήματος,
577 4762 607 4820 ού
622 4767 638 4834 ἡ
651 4766 731 4838 ἀρχή·
749 4790 760 4817 ι
780 4770 808 4820 θν
824 4768 866 4839 μέν
878 4763 922 4821 ούν
965 4770 1046 4823 TCV.

147 4840 278 4909 ῑῖθθπθθν
305 4839 327 4897 ὦ
347 4843 430 4915 ἀνδρες
453 4843 587 4912 Αθηναῖοι,
607 4847 832 4916 χειροτονησάντων
854 4846 921 4917 ύμών
1003 4848 1065 4911 344,
1084 4848 1124 4900 18.
1139 4844 1343 4916 Πολιτευομένου]
1354 4842 1385 4897 τά
1399 4845 1441 4908 τῆς
1452 4840 1575 4902 πολιτείας
1587 4838 1747 4909 οἰκονομοῦν-

147 4916 217 4972 ιέπί
232 4920 287 4983 τούς
300 4924 385 4992 όρκους
399 4923 473 4978 αύτδν
486 4925 598 4988 πάλιν,ι
623 4924 695 4995 Ὁρᾷς
707 4925 755 4996 γάρ
771 4925 862 4991 όπωςὴ
878 4947 921 4997 με·
966 4946 1023 4991 τος,
1038 4926 1125 4979 τούτου
1135 4925 1320 4995 φροντίζοντος,
1335 4921 1392 4993 ύπὲρ
1410 4926 1458 4973 τών
1470 4920 1611 4974 πολιτικῶν.
1626 4920 1657 4971 Ρ.

143 4997 242 5059 ῗάῧαῦῑέ
255 4999 331 5071 σαφὴς
353 5002 395 5054 καί
412 5005 546 5074 πρόδηλος,
562 5010 657 5076 πρῶτον
676 5003 719 5074 μέν
729 4991 883 5074 ἐἰσαχθεῖσα
895 5003 921 5057 έν
1002 5006 1064 5069 344,
1080 5022 1121 5074 19.
1133 5004 1247 5074 Δεῖγμα]
1261 5002 1337 5073 ήγουν
1352 4999 1472 5061 ἀπόδειξιν
1483 4996 1603 5059 δείξαντος
1625 4998 1656 5050 Ρ.

143 5077 272 5147 προοιμίου
290 5079 365 5147 εῖδει,
382 5081 456 5136 ἔπειθ’
474 5085 513 5137 ότι
533 5083 757 5154 κατεπαγγέλλεται
772 5084 921 5154 πραγμάτων
1002 5086 1070 5149 344,
1086 5100 1129 5137 21.
1147 5083 1193 5134 ίίαί
1208 5083 1398 5151 Κτησιφῶντος]
1416 5077 1466 5130 θύα
1481 5076 1545 5130 ἔστιν
1564 5070 1633 5138 οὗτος
1645 5070 1679 5138 είς
1697 5083 1746 5130 τῶν

143 5152 230 5224 “W
248 5154 377 5222 ἀπθίῗίῑίιν.
417 5162 488 5216 Ἐστι
507 5163 548 5216 καί
566 5164 646 5234 τρίτον
662 5164 731 5234 μέρος
748 5166 790 5229 τῆς
801 5165 920 5217 καταστά-
967 5165 1103 5234 ύποκριτῶν
1120 5160 1326 5232 (πρεσόευτῶνῖ)
1341 5158 1397 5211 ἀλλ’
1415 5156 1495 5227 έτέρας
1516 5157 1587 5210 ἕνεκα
1607 5157 1747 5227 προφάσεως

146 5250 221 5300 πωίι
238 5232 263 5287 lv
278 5232 354 5308 ᾧτθς
371 5240 449 5305 αἰτίας
458 5242 591 5298 ἀποδίδωσι
602 5243 856 5315 τῶνπροειρημένων,
867 5237 920 5309 ούή
966 5240 1111 5302 ἀποσταλείς
1125 5239 1157 5302 εἰς
1169 5236 1215 5306 τὴν
1231 5239 1397 5302 Μακεδονίαν,
1412 5237 1453 5289 καὶ
1474 5236 1538 5307 παρὰ
1558 5239 1601 5289 τοῖι
1621 5234 1747 5289 Φιλίππου

236 5341 362 5382 οικτοιιοε.
374 5348 398 5384 ιι.
1297 5336 1299 5341 ·
1602 5332 1629 5375 w
