3967 5967
261 440 317 492 tte
953 438 1162 501 lil'PEtttuls

259 571 362 626 τοιοῦτο
375 566 497 648 ψίρισμα
515 566 645 648 γράψαντι
658 567 735 629 πίντε
748 569 794 629 καί
808 569 889 631 ιίκοσι
907 573 1033 653 δραχμῶν
1078 575 1134 634 δσοι
1150 592 1176 634 τί
1185 573 1250 654 ῦπέρ
1261 575 1365 636 ἐκείνων
1375 575 1392 647 ἢ
1404 575 1552 655 λίγουαινῆ
1568 578 1743 660 πράττωσιν,
1754 583 1784 641 οῦ
1799 582 1854 660 μό·

261 652 389 729 ἐτιμήθη,
403 654 446 712 τὸν
467 653 495 713 δέ
508 654 696 715 κατακλιθέντα
713 658 748 724 είς
763 658 793 717 τδ
806 657 874 738 ίιρδν
888 664 933 717 τοῦ
950 659 1034 734 δήμου
1079 684 1121 719 νον
1137 662 1230 735 αὐτοί,
1245 662 1313 722 ilii
1331 663 1377 722 καί
1398 669 1422 723 οἱ
1434 665 1509 723 ἄλλοι
1522 663 1651 737 Ἀθηναῖοι
1664 666 1736 726 iocre
1751 671 1798 728 καί
1816 670 1852 729 τδι

262 741 429 805 κελεύσαντος
449 743 511 818 μηδ’
525 742 552 800 ἐν
569 746 602 822 τῇ
624 742 729 821 Ἀττικῇ
754 746 794 803 δεῖ
814 749 943 822 ταρῆναι·
964 745 1035 807 δεινὰ
1080 749 1172 808 παιδία
1185 749 1218 807 τδ
1231 752 1260 807 ἐκ
1271 752 1324 808 τῶν
1337 750 1524 810 διδασκαλείων
1537 754 1581 810 καί
1595 756 1646 810 τῶν
1662 756 1777 835 ῥητόρων
1791 757 1852 824 τοὺς

260 825 312 905 γάρ
323 827 441 898 ἐποίησεν
457 828 518 906 περὶ
531 829 577 899 τὴν
588 830 683 908 φιάλην
695 830 773 898 ἐάσας
787 831 956 909 Ὀλυμπιάδα
969 834 1034 892 ἄνα·
1080 834 1142 912 παρ’
1152 836 1255 894 ἐκείνων
1272 842 1475 916 μισθαρνοῦντας
1489 838 1534 898 καί
1548 843 1599 897 τῶν
1613 840 1699 900 ἄλλων
1713 844 1773 909 τοὺς
1784 841 1852 910 ξενί-

263 920 344 973 θεῖναι
356 917 390 981 εἰς
399 916 429 974 τὸ
443 916 550 992 ἄγαλμα
564 922 610 987 τῆς
623 917 751 993 Ὑγιείας’
763 919 807 1001 (te)
821 928 896 981 rolino
906 920 958 1000 γάρ
972 924 1036 980 ὑπο·
1080 923 1170 988 ζοντας
1181 920 1238 989 τοὺς
1250 924 1345 982 ἐκεῖθεν
1361 923 1472 995 ἥκοντας
1487 925 1533 983 καί
1547 927 1748 1004 wilielmum<
1759 930 1804 989 καὶ
1817 931 1854 997 είς

262 1002 405 1077 λαμόάνεις
432 1005 531 1085 ἐφόδιον
550 1009 635 1084 ἐαυτῷ
652 1009 687 1073 εἰς
709 1008 753 1065 τδν
776 1011 865 1086 ἀγῶνα
880 1008 910 1066 τδ
936 1010 1035 1080 ἐκείνης
1079 1006 1126 1072 τίς
1148 1006 1222 1075 θδοδς
1249 1012 1416 1076 ὑπαντῶντας
1433 1012 1495 1069 όταν
1521 1011 1645 1092 προίωσι·
1671 1013 1715 1072 καί
1736 1015 1853 1091 οὐδαμοῦ

261 1091 344 1163 ὄνομα
366 1091 522 1170 παραφέρων
549 1092 594 1150 καὶ
614 1093 752 1152 κολακείαν
775 1097 858 1172 ψευδῆ
883 1099 1035 1172 κατηγορῶν
1079 1091 1137 1172 όψει
1151 1092 1208 1152 olii
1220 1095 1283 1172 παρ’
1292 1096 1329 1154 tri
1343 1096 1440 1155 τούτων
1456 1096 1618 1166 Εὐξένιππον
1636 1100 1853 1179 καταριθμοῦμε-

263 1175 426 1244 Εὐξενίππου
438 1185 512 1253 μῖσος
526 1180 596 1238 καλό
613 1178 661 1255 γὴν
676 1182 745 1259 αὐτῷ
758 1181 887 1248 συλλίξειν
901 1180 1035 1258 πειρατῶν
1079 1203 1133 1240 νον.
1157 1181 1206 1258 (νε)
1227 1182 1266 1241 Σὺ
1288 1185 1310 1242 δ’
1331 1183 1435 1242 ἐκείνων
1459 1183 1507 1259 μίν
1532 1186 1623 1244 οθδίνα
1639 1185 1734 1266 κρίνοις
1750 1186 1804 1245 οῦδ
1817 1191 1854 1254 εἰς

262 1264 402 1322 δικαστῶν.
423 1269 469 1342 (ευ)
484 1270 532 1324 Δεῖ
541 1266 582 1336 δέ,
596 1292 618 1326 ω
632 1266 763 1344 βέλτιστε,
774 1267 810 1342 μὴ
825 1269 869 1327 ἐπὶ
881 1271 920 1346 τῷ
935 1267 1034 1345 Ὀλυμ·
1081 1271 1168 1344 ἀγῶνα
1182 1270 1306 1342 καθίστης
1318 1270 1362 1338 οῦς
1372 1272 1467 1336 πάντες
1484 1270 1557 1330 ίσασι
1575 1276 1658 1331 ταῦτα
1669 1273 1853 1352 πράττοντας,

262 1352 353 1418 πιάδος
367 1353 475 1428 όνόματι
489 1354 533 1412 καὶ
550 1357 587 1432 τῷ
606 1353 772 1433 Ἀλεξάνδρου
786 1360 838 1415 τῶν
852 1357 964 1415 πολιτῶν
976 1379 1035 1414 τινα
1079 1357 1138 1413 κατ’
1151 1356 1313 1423 deiecissem
1326 1356 1353 1415 δί
1364 1356 1502 1415 κολακείαν
1516 1357 1711 1437 [κ]ατηγοριί’ς,
1725 1351 1755 1418 οῦ
1769 1363 1783 1416 ό
1799 1360 1853 1438 βίος

264 1441 350 1507 ζητεῖν
370 1440 450 1497 κακόν
469 1463 494 1498 τι
518 1440 694 1519 ἐργάσασθαι,
719 1444 777 1499 ἄλλ’
790 1442 851 1500 ὅταν
866 1444 959 1500 ἐκεῖνοι
971 1442 1036 1520 πρὸς
1080 1444 1127 1514 τήν
1142 1442 1227 1501 αἰτίαν
1242 1445 1272 1501 οῦ
1297 1444 1486 1522 παραδέχεται.
1529 1443 1677 1512 Καίτοι,εέ
1696 1452 1753 1504 νοῦν
1770 1434 1853 1523 εἶχες,

261 1525 306 1582 τὸν
320 1527 402 1600 δῆμον
423 1528 465 1584 τόν
488 1526 628 1597 Ἀθηναίων
648 1528 822 1586 ἐπιστέλλωσι
836 1528 874 1604 μὴ
891 1527 925 1585 τὰ
941 1528 1032 1587 δίκαια
1079 1526 1138 1606 περί
1150 1550 1182 1603 γε
1193 1533 1240 1599 τῆς
1249 1529 1344 1606 φιάλης
1356 1533 1401 1599 τῆς
1415 1528 1582 1601 ἀνατεθείσης
1594 1529 1648 1588 οὔτ’
1669 1530 1699 1588 διν
1721 1529 1850 1598 Εὗίίνιπ·

263 1609 329 1686 μηδί
340 1611 374 1668 τδι
383 1611 563 1691 προσήκοντα,
574 1613 633 1671 τότε
646 1614 792 1671 ἀναστάντα
802 1614 867 1691 θπίρ
879 1618 925 1684 τῆς
936 1615 1036 1681 πολεως
1079 1637 1127 1674 πον
1139 1617 1205 1691 ᾐτιῶ
1215 1614 1269 1674 οὔτ’
1283 1614 1314 1674 δν
1329 1616 1407 1674 ἄλλον
1416 1615 1493 1693 λόγον
1505 1615 1598 1675 οθδίνα
1607 1619 1717 1675 ἐνταῦθα
1726 1617 1851 1688 ἐποιήσω

262 1699 403 1777 άντιλίγειν
413 1699 457 1758 καί
471 1700 534 1779 πρὸς
547 1700 603 1766 τοὺς
616 1700 726 1772 ἥκοντας
735 1703 797 1778 παρ’
807 1706 891 1762 αὐτῶν
906 1704 1034 1761 δικαιολο·
1079 1702 1108 1758 οῦ
1121 1701 1317 1780 γδράρμόττιι.
1358 1702 1410 1762 ml
1423 1702 1521 1775 τίςκαί
1536 1726 1585 1779 μου
1600 1694 1783 1780 reclusuri»
1802 1706 1852 1764 oie-

260 1789 364 1862 γεῖσθαι
377 1784 422 1844 καὶ
435 1787 469 1850 εές
483 1785 512 1843 τδ
528 1788 611 1844 κοινόν
625 1790 677 1843 τῶν
689 1786 822 1858 Ἑλλήνων
837 1789 966 1869 συνέδριον
982 1811 1035 1847 πο·
1079 1787 1136 1866 δρας
1154 1789 1295 1859 δικασταί,
1308 1787 1436 1848 uoluere
1445 1787 1473 1847 όν
1488 1789 1576 1864 μίλλω
1586 1789 1680 1867 λε’γαιν.

261 1871 380 1951 ρεόεσθαι
399 1873 560 1951 βοηθήσοντα
575 1878 608 1951 τῇ
622 1874 738 1952 πατρίδι.
752 1877 797 1950 (ει)
818 1875 856 1934 zi
880 1877 903 1933 δ’
919 1879 971 1935 ἐκεῖ
986 1878 1034 1953 μὲν
1118 1892 1155 1934 et.
1173 1872 1251 1949 Ὑμῖν
1267 1873 1415 1951 Ὀλυμπιάς
1426 1875 1581 1951 ἐγκλήματα
1595 1874 1735 1947 πεποίηται
1746 1873 1805 1952 περὶ
1816 1876 1853 1934 τά

260 1958 428 2017 οῦδεπώποτε
445 1959 554 2025 ἀνέστης
567 1958 625 2017 odii
639 1959 715 2035 λόγον
729 1961 789 2038 περὶ
804 1963 889 2019 αὐτῶν
904 1962 1031 2035 ἐποιήσω,
1079 1962 1107 2019 ἐν
1127 1961 1240 2039 Δωδώνη
1258 1964 1287 2021 οῦ
1310 1961 1416 2033 δίκαια,
1434 1966 1470 2028 ὥς
1487 1964 1539 2039 ἐγὼ
1556 1963 1594 2029 δὶς
1611 1963 1662 2034 ἤδη
1675 1962 1701 2019 ἐν
1722 1964 1760 2040 τῷ
1774 1962 1853 2043 δήμῳ

261 2048 350 2107 ἐνθάδε
368 2046 395 2105 il
412 2047 494 2123 μισεῖς
507 2046 677 2122 Ὀλυμπιάδα
689 2048 732 2107 ἐπὶ
746 2052 783 2128 τῷ
801 2050 928 2108 ἀπολέσαι
951 2047 1032 2115 uitl-
1080 2049 1193 2107 ἐναντίον
1218 2052 1290 2124 ὑμῶν
1311 2051 1357 2106 καῖ
1375 2051 1427 2107 τῶν
1446 2048 1533 2120 ἄλλων,
1552 2048 1691 2119 Ἀθηναίων
1705 2050 1769 2126 πρὸς
1787 2050 1848 2115 τοὺς

259 2157 368 2206 νιππον,
380 2134 424 2192 καί
438 2132 487 2212 φῂς
503 2124 601 2192 κόλακα
617 2135 694 2194 αὐτὸν
710 2127 777 2195 εἶναι
790 2136 891 2207 ἐκείνης
909 2134 954 2194 καὶ
970 2137 1035 2195 Μα-
1078 2134 1188 2204 ἥκοντας
1201 2137 1264 2213 παρ’
1287 2135 1366 2204 αὐτῆς
1386 2134 1510 2211 ἐξήλεγξα
1527 2137 1556 2194 οῦ
1578 2135 1745 2215 προσήκοντα
1767 2136 1849 2205 αὐτὴν

258 2221 370 2279 κεδόνων
380 2242 386 2255 ·
398 2219 425 2277 δν
439 2220 483 2275 ἐὰν
496 2219 579 2298 δείξῃς
593 2221 731 2300 άφιγμίνον
741 2220 847 2281 πώποτε
861 2225 895 2288 είς
912 2223 1035 2281 Μακεδο·
1079 2223 1274 2300 ἐγκλήματατῇ
1288 2223 1362 2281 πόλει
1373 2223 1547 2300 ἐγκαλοῦσαν·
1563 2222 1608 2301 (τε)
1624 2225 1685 2299 ὑμῖν
1695 2221 1746 2300 γάρ
1760 2222 1854 2290 ὁΖεὺς

258 2306 342 2374 νίανῆ
359 2306 461 2364 ἐκείνων
474 2306 531 2363 τινδι
543 2305 731 2384 ὑποδεξάμενον
746 2312 780 2375 είς
794 2308 841 2379 την
856 2310 935 2366 αὑτοῦ
949 2307 1034 2365 οἰκίαν
1078 2311 1092 2366 θ
1112 2310 1265 2374 Δωδωναῖος
1286 2308 1440 2386 προσέταξεν
1464 2310 1490 2366 ἐν
1512 2311 1546 2385 τῇ
1568 2308 1721 2388 μαντείᾳτδ
1742 2308 1853 2386 άγαλμα

260 2392 277 2462 ἦ
291 2392 425 2472 χρώμενον
437 2397 488 2449 τῶν
503 2394 597 2452 ἐκεῖθέν
611 2419 662 2453 τινι
677 2394 694 2465 ἢ
709 2395 897 2473 ἐντυγχάνοντα
911 2393 928 2464 θ,
943 2393 1033 2472 λόγους
1077 2399 1124 2464 τῆς
1135 2395 1235 2466 Διώνης
1249 2398 1441 2470 ἐπικοσμῆσαι·
1459 2394 1505 2453 καί
1519 2398 1592 2471 ὑμεῖς
1604 2393 1742 2472 πρόσωπόν
1756 2418 1784 2453 τε
1797 2417 1846 2454 κο-

260 2481 304 2538 καὶ
324 2484 489 2539 οὑστινασοῦν
512 2480 585 2549 λίπ’
600 2481 800 2560 ε’ργαστηρίσυῆ
822 2483 847 2540 ἐν
865 2485 897 2557 τῇ
917 2478 1032 2559 όγορᾷῆ
1078 2481 1216 2555 μισάμενοι
1235 2470 1332 2546 ῶςσῖόν
1346 2504 1375 2539 τε
1389 2481 1527 2539 κάλλιστον
1545 2482 1591 2540 καί
1611 2479 1696 2538 τάλλα
1716 2480 1802 2540 πάντα
1816 2480 1853 2540 τδ
1918 2521 1922 2531 -

259 2566 351 2625 ἄλλοθί
363 2588 414 2626 που
429 2567 488 2645 περὶ
502 2568 599 2627 τούτων
610 2570 661 2626 τῶν
680 2568 840 2646 πραγμάτων
854 2568 975 2646 εἰρηκότα
986 2570 1031 2626 καὶ
1078 2568 1223 2644 ἀκόλουθα,
1244 2567 1288 2626 καὶ
1313 2567 1410 2642 κόσμον
1429 2565 1509 2627 πολὺν
1528 2569 1574 2626 καί
1599 2569 1727 2637 πολυτελῆ
1743 2591 1776 2644 τη
1798 2569 1851 2646 θεῷ

260 2651 298 2728 μὴ
311 2652 425 2729 κοσμίως
438 2654 481 2711 καὶ
494 2654 603 2734 μετρίως
616 2654 649 2714 rin
662 2658 740 2714 αὑτοῦ
753 2655 902 2733 πράττοντα
915 2654 1030 2735 ὡσπερεί
1077 2653 1322 2732 παρασκευάσαντες
1332 2652 1376 2712 καὶ
1386 2652 1494 2732 θεωρίαν
1505 2651 1550 2710 καί
1564 2652 1655 2711 θυσίαν
1666 2655 1769 2712 πολλῶν
1782 2675 1853 2731 χρη·

258 2763 298 2805 τις
318 2740 362 2799 καὶ
387 2740 464 2806 ἄλλος
484 2745 534 2800 τῶν
555 2744 684 2813 πολιτῶν,
707 2743 896 2821 χρησάσθωσαν
919 2745 989 2821 αὐτῷ
1009 2745 1032 2801 oi
1079 2740 1169 2815 μάτων
1186 2739 1385 2805 ἀποστείλαντες
1402 2738 1599 2815 ἐπεκοσμήσατε
1613 2741 1643 2799 τὸ
1657 2741 1712 2806 lio<
1725 2738 1854 2808 τῆςΔιόε·

259 2828 380 2888 δικασταί
392 2827 431 2885 ότι
446 2826 591 2906 βούλονται.
608 2829 654 2907 (τε)
668 2831 699 2888 Ei
714 2829 763 2909 γάρ
776 2833 859 2888 ταῦτα
873 2821 905 2901 ἦν
922 2829 1033 2901 direti
1078 2851 1123 2897 νης
1137 2824 1212 2893 ἀξίως
1225 2825 1269 2884 καί
1282 2829 1353 2902 ὑμῶν
1374 2829 1459 2885 αὐτῶν
1472 2826 1516 2885 καὶ
1530 2830 1576 2895 τῆς
1590 2830 1657 2887 θεοῦ.
1699 2828 1745 2904 (τε)
1763 2825 1853 2906 Ὑπὲρ

259 2914 427 2994 κατηγορεῖς,
442 2916 488 2971 οὐκ
503 2912 534 2973 δν
550 2913 581 2974 σθ
596 2917 672 2992 μόνος
684 2915 768 2995 ᾔδεις,
780 2916 848 2975 αἰλλδι
861 2914 907 2974 καί
917 2918 941 2974 σί
956 2914 1032 2974 ἄλλοι
1077 2914 1174 2972 τούτων
1187 2917 1248 2988 ὑμῖν
1262 2912 1295 2972 rin
1309 2912 1461 2988 ἐγκλήματα
1475 2905 1537 2984 ἦλθε
1549 2913 1612 2992 παρ’
1626 2912 1803 2988 Ὀλυμπιάδος
1817 2916 1846 2971 ἐν

259 3000 353 3069 πάντες
366 3004 390 3059 σί
404 3003 430 3058 ἐν
445 3005 478 3079 τῇ
497 3001 585 3073 πόλει,
600 3000 689 3080 ῶσπερ
710 3002 756 3060 καί
775 3001 835 3080 περὶ
849 3004 899 3059 τῶν
924 3002 1030 3072 ἄλλων,
1077 3009 1132 3066 ταῖς
1143 3002 1305 3073 ἐπιστολαῖς,
1315 3000 1458 3079 ὡςὴχόιρα
1471 2999 1510 3071 εἴη
1521 3001 1549 3080 (ἡ
1562 3000 1708 3077 Μολοσσία)
1719 3002 1813 3072 αὑτῆς,
1824 3002 1852 3058 ἐν

979 3110 1094 3120 —n-m

289 3163 304 3226 §
321 3167 356 3213 to.
370 3168 439 3213 ταῦτα
451 3164 816 3228 pinp1rodrunitpisclmeidew.
828 3163 882 3226 -§
896 3170 935 3213 ii.
947 3163 1062 3227 erpeium]
1072 3163 1185 3224 προσίωσι
1196 3164 1270 3212 codex
1280 3178 1288 3222 3
1298 3176 1344 3211 em.
1359 3163 1453 3212 Petsltis
1463 3166 1487 3212 et
1500 3163 1615 3213 cibet.-
1624 3163 1639 3225 §
1647 3167 1685 3212 23.
1699 3164 1740 3220 την
1750 3162 1829 3210 αἰτίαν
1841 3160 1851 3224 ]

258 3233 345 3290 ταύτην
357 3234 398 3291 τήν
417 3235 493 3283 αἰτίαν
508 3235 587 3293 lisine,
600 3236 708 3292 τοιαύτην
722 3235 798 3282 αἰτίαν
811 3234 886 3283 cobet
902 3233 1061 3293 conjecerunt.
1073 3231 1130 3294 -ς
1144 3235 1182 3281 is.
1201 3232 1353 3295 κομισάμενοι
1362 3233 1372 3296 ]
1382 3234 1557 3297 κοσμησάμενοι
1571 3235 1659 3296 codem
1671 3248 1719 3284 em.
1740 3234 1850 3294 Petellis3

259 3305 344 3354 Dionen
354 3306 508 3355 simulacrum
519 3308 576 3366 puu
589 3306 660 3354 tuisse
670 3305 798 3368 ακρόλεθαν.
811 3303 1017 3361 Quemadmodum
1025 3315 1052 3351 or
1061 3304 1112 3351 dem
1123 3301 1275 3352 Atinenieuses
1284 3306 1436 3361 renovarunt,
1444 3304 1478 3352 sie
1489 3304 1562 3352 etiem
1570 3304 1640 3363 pedes
1649 3306 1674 3353 et
1688 3316 1787 3364 menum
1798 3303 1852 3353 Ιιεεσ

259 3378 315 3424 suut
323 3376 352 3423 τα
363 3375 421 3423 ἄλλα
435 3375 563 3435 ἀκόλουθα,
575 3375 619 3422 uici
633 3386 727 3423 roceum
738 3374 812 3435 legere
822 3374 879 3422 euin
885 3373 1003 3436 ακρόλιθα.
1016 3397 1046 3408 -
1057 3371 1072 3434 §
1082 3378 1120 3420 ts.
1130 3375 1146 3429 ἡ
1157 3372 1278 3421 Μολοσσία
1288 3371 1405 3434 Moesum
1418 3385 1470 3423 esse
1479 3377 1552 3435 petet.
1562 3376 1618 3422 ltux
1629 3389 1746 3435 προσηκον
1756 3375 1830 3423 codex
1841 3391 1850 3436 ς

259 3523 302 3572 tibi
316 3523 423 3582 videtum
436 3523 495 3571 ndoo
508 3522 785 3582 communicilium,
800 3522 936 3584 quippeqni
947 3522 1031 3583 Olym·
1076 3520 1154 3570 solum
1164 3519 1205 3569 sed
1219 3519 1303 3582 reliqui
1312 3521 1383 3570 etiem
1395 3521 1549 3570 Athenienses
1565 3527 1590 3571 et
1601 3523 1625 3570 in
1636 3521 1699 3569 ludis
1713 3522 1849 3571 rhetorum·

260 3593 355 3654 pledem
374 3593 455 3641 siverit
475 3591 578 3652 potitam
595 3592 705 3639 dedicere
726 3591 892 3639 insimulecro
911 3591 1031 3641 seruitutis.
1075 3589 1217 3652 quescitolit
1232 3590 1298 3650 pueri
1311 3595 1406 3651 norunt,
1423 3591 1494 3653 siqui
1506 3603 1519 3638 ε
1533 3591 1700 3641 Macedonibus
1712 3591 1847 3641 mercedem

260 3660 310 3721 (tu)
323 3661 418 3710 Scilicet
432 3660 551 3720 egregium
561 3660 673 3709 viaticum
682 3658 713 3708 ed
720 3657 886 3708 sustinendum
900 3657 947 3706 lnce
958 3663 1032 3707 certe·
1075 3658 1192 3719 accipiant
1208 3660 1244 3709 ret
1267 3659 1421 3708 advenientes
1435 3658 1538 3721 hospitio
1560 3661 1692 3721 excipient,
1713 3663 1738 3708 et
1751 3658 1848 3708 obviem

260 3729 367 3778 meutibi
384 3731 435 3777 iore
457 3734 538 3789 putes,
562 3729 582 3777 si
603 3728 751 3790 olympiadis
770 3728 865 3776 nominc
884 3730 970 3788 preter
981 3739 1031 3775 rem
1074 3731 1131 3777 eant
1146 3728 1170 3776 tn
1182 3729 1304 3790 pubiicum
1321 3729 1500 3791 prodeuntibus.
1541 3732 1572 3778 tt
1589 3742 1709 3790 nusquam
1720 3729 1745 3778 iu
1761 3729 1849 3779 homm

260 3801 353 3860 prolato
364 3802 388 3847 et
401 3799 461 3850 ἐεΙεσ
473 3799 638 3847 mseuutionie
650 3797 1031 3858 crimineliureoippumlnsimu·
1076 3809 1176 3846 numero
1185 3798 1302 3847 recenseri
1317 3798 1409 3848 ridebis
1418 3799 1593 3866 Euxenippum.
1627 3800 1676 3859 (lt)
1688 3802 1793 3848 'l'unero
1806 3799 1849 3848 Ιιο-

259 3869 311 3917 Ιεσε
321 3868 403 3918 odium
412 3871 437 3916 et
446 3868 506 3917 irem
516 3866 623 3927 iudicum
634 3867 659 3916 iu
672 3867 801 3928 erprrtejns
808 3878 934 3925 congerere
945 3866 1030 3926 qroesis.
1074 3877 1128 3913 rum
1144 3865 1264 3913 neminem
1278 3879 1345 3914 reum
1358 3867 1419 3927 egis,
1430 3879 1477 3915 nec
1485 3867 1509 3915 io
1518 3867 1637 3928 judicium
1652 3880 1722 3916 noces
1733 3880 1793 3928 quoe
1802 3866 1849 3917 ists

260 3938 310 4000 (αθ)
323 3941 423 3999 Oportet
433 3951 503 3995 sero,
515 3950 531 3984 o
544 3936 619 3997 bone,
629 3948 675 3985 uon
685 3936 710 3985 in
724 3949 752 3984 eo
761 3935 880 3984 collocare
890 3947 986 3996 opernm
1002 3937 1030 3982 ut
1075 3933 1151 3983 iacere
1170 3948 1241 3983 nemo
1257 3935 1363 3995 ignoret.
1376 3936 1417 3985 sed
1430 3939 1598 3999 Errxenippum
1618 3939 1785 3988 assentationis
1797 3938 1844 3988 ori·

259 4006 409 4071 Olympiadis
419 4005 517 4055 nomine
534 4005 570 4053 vel
584 4004 711 4054 Alexandri
722 4006 813 4054 civium
824 4005 909 4064 aliquis
923 4005 986 4053 melo
997 4003 1032 4053 st·
1074 4004 1139 4052 mine
1160 4003 1299 4060 insimules,
1320 4005 1389 4064 cujus
1408 4006 1457 4054 rite
1476 4018 1529 4054 eom
1548 4006 1643 4066 culpem
1666 4020 1713 4055 non
1734 4007 1847 4058 admittit.

260 4078 361 4134 liciatur,
372 4077 429 4137 sed,
449 4073 545 4137 qnando
560 4074 595 4123 ilii
606 4074 783 4124 Atheniensium
799 4074 888 4136 populo
900 4073 987 4133 injuste
1004 4077 1029 4123 el
1076 4075 1203 4130 Ceterum⁸
1219 4074 1240 4121 ei
1258 4086 1332 4122 εευιιε
1349 4087 1427 4133 esses,
1448 4076 1478 4125 de
1491 4073 1601 4124 dedicate
1617 4075 1661 4124 iste
1681 4074 1760 4137 pirieltr
1771 4089 1849 4138 neque

258 4145 449 4195 inconvenientia
461 4144 589 4202 mandent,
600 4146 651 4191 tum
661 4156 757 4203 surgere
775 4144 869 4204 oportet
880 4147 905 4191 et
919 4154 961 4201 pro
972 4141 1032 4189 ciri-
1076 4143 1242 4202 eunmippum
1252 4142 1396 4204 incesseres,
1406 4145 1587 4205 nequeomninc
1597 4144 1673 4193 ultum
1686 4145 1783 4194 leuues
1797 4158 1848 4193 ser·

258 4216 316 4264 tetis
329 4217 405 4264 solute
416 4215 444 4262 lis
456 4211 615 4262 ceolredicere
629 4218 653 4262 et
666 4212 780 4262 adversus
796 4212 885 4271 legulos
894 4223 978 4259 eorum
988 4210 1030 4268 jus
1075 4225 1179 4261 monem.
1188 4213 1296 4272 ineptum
1308 4212 1371 4259 euim
1385 4217 1428 4263 est
1437 4216 1490 4271 Qua
1502 4213 1627 4263 deeeosei
1638 4215 1736 4275 Audite,
1745 4214 1846 4276 iudices,

260 4284 338 4343 tueri,
349 4288 374 4333 et
389 4282 471 4344 {ulrice
492 4282 624 4341 opitctmdt
637 4283 715 4343 gretie
736 4282 852 4343 proticisci
865 4283 889 4330 in
903 4293 1031 4330 commune
1075 4296 1129 4345 quie
1138 4282 1189 4343 jum
1201 4280 1309 4329 dictonis
1321 4282 1376 4331 siin.

259 4357 398 4401 Graecorum
412 4350 547 4400 concilium.
572 4351 621 4413 (rt)
637 4354 668 4400 dl
681 4364 801 4412 nunquam
813 4352 862 4400 illie
872 4351 942 4399 ιεεθε
954 4351 984 4399 de
996 4352 1032 4400 tris
1106 4356 1145 4401 tl.
1163 4351 1288 4412 olympus
1306 4362 1350 4399 noe
1365 4351 1501 4413 detisque
1515 4351 1620 4419 Dodone
1634 4352 1740 4411 lecistis,
1757 4351 1848 4412 injuste

258 4422 364 4470 lecturus
375 4425 400 4470 tu
415 4420 554 4481 currentium
567 4420 598 4469 ilri
612 4434 666 4470 rero
679 4435 771 4470 dentem
781 4421 927 4484 Olympiadis
937 4422 986 4481 egis
1003 4425 1030 4470 ut
1075 4422 1209 4481 accusarit,
1221 4423 1245 4469 et
1260 4433 1303 4481 ego
1313 4420 1410 4482 quidem
1420 4421 1456 4469 bis
1465 4422 1514 4482 jem
1525 4422 1549 4470 in
1565 4423 1678 4473 concione
1689 4435 1769 4471 σοιεειι
1777 4421 1845 4471 tobis

258 4492 423 4551 Errxcnippnm
432 4490 639 4552 primumque
649 4491 755 4540 mulieris
766 4492 833 4540 istim
843 4490 1028 4539 etilncedcuum
1074 4492 1206 4551 ceterisque
1218 4491 1402 4540 Atheniensibus
1419 4495 1503 4540 coutm
1514 4493 1603 4552 legulos
1616 4494 1667 4550 ejus
1684 4491 1846 4542 demonstrari

258 4564 428 4608 emendatorem
439 4559 507 4607 dicis.
540 4563 617 4616 erem
631 4560 650 4608 si
665 4561 795 4609 ostenderis
804 4573 907 4622 uuquam
918 4559 942 4607 in
956 4561 1032 4607 ldece·
1074 4574 1127 4609 rom
1137 4563 1223 4622 preeler
1234 4560 1347 4608 rationem
1361 4560 1481 4610 civilatem
1491 4566 1598 4609 nostrum
1607 4562 1793 4624 criminumque)
1802 4565 1849 4611 Vo-

258 4628 354 4677 donicm
372 4628 505 4689 protectum
522 4632 621 4678 essere!
634 4630 729 4678 illorum
743 4631 878 4691 quempiam
893 4630 916 4677 iu
931 4628 1030 4676 domum
1075 4632 1305 4692 hisenimluppiler
1317 4632 1672 4692 Dorlouuusorscuioiussitut
1687 4633 1848 4682 Dionusimu·

258 4710 326 4745 strum
341 4698 461 4757 excepisse
483 4696 520 4745 nei
543 4697 597 4746 iude
612 4699 788 4747 advenientium
805 4701 884 4759 eliquo
903 4710 973 4745 usum
994 4698 1031 4745 tel
1075 4700 1165 4750 Ιεετειιιι
1182 4700 1336 4749 exerceretis.
1370 4702 1452 4761 licque
1467 4703 1539 4749 rosel
1550 4701 1634 4749 ieciem
1647 4714 1720 4761 quem
1734 4702 1849 4762 puloerri·

258 4780 313 4815 curn
329 4780 357 4814 ec
370 4778 520 4825 conpressum
535 4778 586 4813 esse
602 4766 639 4813 vel
652 4780 773 4814 sermones
783 4779 937 4828 quoscunque
949 4767 979 4815 de
995 4767 1032 4815 iris
1075 4783 1139 4819 mem
1158 4769 1284 4819 eiiereutes
1303 4769 1328 4817 et
1343 4773 1464 4818 extremes
1485 4772 1571 4818 slrtuce
1588 4772 1666 4827 peries
1688 4768 1804 4831 reliques,
1820 4781 1850 4817 ne

260 4836 331 4884 rebus
344 4834 455 4883 itebnisse
465 4835 515 4882 sine
525 4836 548 4881 in
558 4834 652 4883 olicino
664 4836 716 4884 sive
730 4836 755 4883 iu
768 4837 820 4884 toro
831 4836 881 4884 sire
896 4834 967 4895 itini,
985 4846 1031 4884 uec
1075 4839 1192 4888 munium
1211 4839 1333 4900 copiosum
1357 4840 1536 4900 pretiosumque
1552 4838 1605 4887 dem
1624 4843 1804 4900 comparentes,
1824 4841 1850 4887 et

259 4906 366 4954 modeste
378 4917 407 4953 oc
419 4903 540 4952 moderate
557 4917 629 4964 eum,
649 4907 668 4953 si
691 4918 762 4966 quem
781 4905 854 4954 elium
871 4906 976 4965 civium,
994 4918 1031 4955 res
1075 4909 1149 4957 misse
1173 4907 1287 4968 tegetionc
1310 4921 1376 4957 seue
1394 4912 1417 4956 et
1431 4907 1509 4967 magni
1533 4906 1601 4968 pretii
1619 4909 1734 4956 sacriticio
1752 4906 1846 4967 siguum

259 4987 315 5022 sues
328 4986 410 5023 uerene
425 4976 500 5022 :tune
514 4974 602 5022 iaciant
617 4973 639 5022 ei
647 4972 741 5034 judices
751 4974 909 5036 quodcunque
925 4973 1030 5023 libuerit.
1075 4981 1158 5028 Dione
1169 4979 1303 5027 tmuorestis
1318 4991 1360 5041 pro
1372 4977 1484 5037 dignitate
1502 4983 1580 5027 vestre
1597 4977 1702 5040 ipsorum
1716 4982 1788 5038 etque
1801 4991 1844 5024 uu·

260 5045 309 5102 (τε)
333 5043 450 5092 Nimirum
464 5042 486 5091 si
506 5055 561 5091 rere
574 5046 655 5093 essent
667 5056 723 5104 que
734 5043 755 5092 ei
777 5044 987 5104 exprobramini
1005 5051 1030 5094 tu
1076 5049 1156 5098 minis.
1189 5049 1237 5109 (tu)
1247 5051 1345 5108 Propter
1356 5047 1410 5096 iraec
1418 5046 1486 5095 notris
1496 5049 1659 5095 accusationes
1668 5047 1699 5094 eb
1708 5042 1850 5106 olympiade

259 5113 324 5160 nolus
339 5112 427 5173 scires,
439 5111 480 5160 seni
492 5111 575 5172 reliqui
589 5114 660 5162 etiem
675 5114 740 5163 uritis
750 5113 847 5175 lucclae,
864 5113 935 5164 sicuti
947 5113 978 5163 de
992 5128 1031 5164 ce·
1078 5123 1212 5178 recerunt,
1228 5117 1351 5166 dictitenle
1363 5117 1403 5165 ille
1418 5116 1565 5176 Molossum,
1580 5118 1603 5164 iu
1618 5129 1666 5178 quo
1682 5115 1755 5163 situm
1768 5112 1849 5161 lentim

259 5180 318 5233 teris
336 5183 378 5246 qui
391 5195 434 5245 pro
449 5181 621 5233 Macedonibus
637 5183 674 5233 rel
686 5182 769 5234 dicunt
779 5184 816 5235 tel
830 5190 915 5248 agunt,
927 5198 974 5235 ειοει
986 5185 1031 5248 ipsi
1077 5188 1129 5246 est,
1141 5186 1171 5236 nd
1192 5199 1218 5237 se
1236 5188 1370 5249 pertinerep
1386 5185 1468 5246 ileque
1482 5184 1540 5234 uilrii
1558 5184 1627 5234 nobis
1648 5183 1681 5232 ibi
1703 5181 1849 5233 monendum
