3967 5967
244 452 300 503 iilo
942 451 1151 515 uersurum

230 570 284 659 Ικαί
301 573 328 630 αι
343 572 423 633 άλλαι
437 573 532 654 κρίσεις
544 575 613 635 κατὰ
632 577 689 646 τσιις
704 578 799 657 νόμους
818 580 928 641 εἰσίασιν
942 585 977 650 εις
988 584 1017 643 τὸ
1062 583 1120 642 τινίι
1132 582 1228 664 τρόπον
1247 582 1291 641 τθν
1309 581 1388 658 νόμον
1402 586 1492 642 τοῦτον
1504 579 1592 643 lasela
1611 577 1629 653 ἥ
1650 577 1741 652 σίτοις,
1754 585 1779 642 al
1794 580 1844 650 τός

240 661 420 740 δικαστήριον·
436 663 477 722 διδ
499 671 574 723 τοῦτο
587 664 637 743 γίιρ
660 668 733 742 ύμιῖς
747 666 812 748 ὑπὲρ
831 668 952 728 ἁπάντων
964 674 1016 729 τῶν
1061 670 1108 746 μέν
1125 670 1204 747 τιμδις
1222 668 1267 728 καί
1283 668 1329 734 adt
1347 668 1460 750 ὠφελίας
1483 672 1514 729 ix
1527 674 1573 728 τοῦ
1593 669 1715 746 λε’γεινοί
1737 669 1845 750 ῥήτορες

239 749 420 826 ἀδικημάτων,
442 749 491 810 ὅσα
511 750 581 810 ίστιν
602 753 629 810 έν
646 758 679 833 τῇ
699 755 794 828 πόλει,
813 756 907 834 νόμους
929 755 1016 818 ἔθεσθε
1061 764 1239 835 καρποῦνται,
1258 756 1316 824 τούς
1330 758 1357 817 δὲ
1370 757 1500 824 κινδύνους
1517 758 1583 835 ύπίρ
1595 761 1681 816 αὐτῶν
1701 767 1754 825 τοῖς
1767 758 1845 817 ιδιά·

237 836 317 914 χωρίς
336 837 395 914 περι
417 838 527 898 ἑκάστου
549 842 643 901 αθτῶν.
684 842 717 919 (a)
734 842 837 902 Ἀσεόεῖ
855 866 893 910 τις
911 844 1016 922 περὶτὰ
1061 867 1117 909 ταις
1139 846 1290 915 ἀνεθήκατε.
1333 849 1366 924 (ν)
1391 844 1460 904 ’itt’
1480 843 1551 920 ὅμως
1577 843 1740 912 Πολύευκτος
1760 844 1843 912 οὕτως

236 922 303 1002 ἱερά·
314 923 413 1005 γραφαί
426 925 546 992 ἀσιόείας
561 924 894 1014 [enimtestamento.
911 932 1017 999 dauid<
1062 933 1131 991 ἐστιν
1153 934 1266 1013 ἀνδρεῖος
1278 931 1346 992 ὥστε
1366 933 1531 1009 εἰσαγγελίαν
1550 933 1650 991 διώκων
1666 937 1713 992 σύκ
1724 932 1774 1013 ίφη
1788 935 1842 992 δεῖν

236 1013 292 1069 ίστι
307 1012 371 1090 πρθς
387 1013 446 1080 τοὺς
460 1018 552 1073 ἑαυτοῦ
566 1016 663 1093 γονεῖς·
674 1019 688 1074 θ
700 1016 789 1095 ἄρχων
807 1016 850 1075 ini
863 1014 954 1076 τούτου
966 1019 1016 1076 κά·
1059 1018 1118 1086 eol<
1130 1019 1269 1102 φεύγοντας
1280 1023 1319 1099 τῷ
1334 1021 1521 1098 εἰσαγγελτικῷ
1534 1019 1608 1100 νόμῳ
1620 1024 1743 1099 χρῆσθαι·
1757 1022 1804 1080 καὶ
1818 1023 1842 1079 ot

235 1100 351 1179 θη[ται].
394 1103 543 1182 Παράνομά
557 1128 595 1172 τις
612 1108 639 1163 ιν
652 1108 686 1183 τῇ
700 1104 775 1164 πόλει
794 1108 902 1185 γράφει·
917 1112 1015 1183 θεσμο·
1060 1107 1107 1182 μὲν
1122 1109 1196 1166 ἄλλοι
1215 1108 1309 1173 πάντες
1329 1106 1485 1186 κατήγοροι,
1498 1105 1561 1165 όταν
1575 1107 1680 1165 οίωνται
1692 1108 1745 1166 δεῖν
1763 1110 1790 1166 ἐν
1804 1112 1844 1188 τῷ

234 1191 313 1245 lerdis
324 1188 453 1268 συνέδριόν
470 1192 534 1250 ίστι.
547 1190 700 1270 Ἄπαγυνγῆς
710 1192 769 1261 ἀξια
780 1201 864 1251 ποιεῖ·
881 1193 950 1273 ἀρχὴ
962 1199 1015 1253 τῶν
1059 1194 1178 1275 προτέρῳ
1195 1194 1265 1275 λόγῳ
1277 1198 1379 1274 ὑφελεῖν
1395 1197 1447 1252 τῶν
1461 1194 1607 1273 φευγόντων
1623 1196 1670 1262 τάς
1683 1196 1842 1273 ἀπολογίας,

233 1273 324 1333 ἕνδεκα
342 1276 498 1348 καθέστηκε.
517 1277 570 1338 Τδν
590 1278 667 1338 αύτθν
687 1278 823 1359 δίτρύπον
841 1281 886 1339 καλ
901 1282 945 1340 teri
962 1285 1014 1340 τῶν
1059 1288 1134 1342 τοῦτο
1170 1284 1394 1361 παρακελεύονται
1427 1292 1480 1349 τοῖς
1511 1284 1646 1350 δικασταῖς
1673 1284 1711 1361 μὴ
1743 1286 1841 1345 ίθέλειν

233 1363 320 1421 ἀλλων
334 1363 504 1440 ἀδικημάτων
515 1365 637 1425 ἁπάντων
647 1367 691 1425 και
704 1367 798 1444 νόμους
806 1366 852 1426 καλ
866 1366 950 1448 ἀρχάς
964 1368 1010 1427 καλ
1059 1370 1162 1429 ἀκούειν
1177 1375 1229 1429 τῶν
1245 1369 1477 1448 ἀπολογουμένων,
1490 1370 1534 1429 έάν
1553 1393 1620 1436 τινες
1635 1369 1684 1438 ilco
1699 1377 1745 1431 τοῦ
1758 1372 1842 1448 νόμου

232 1448 389 1556 δικαστήρια
410 1449 442 1508 τδι
463 1452 628 1530 προσήκοντα
646 1452 764 1520 ἱκάστοις
784 1455 870 1513 αὐτῶν
890 1453 1012 1516 ἀπέδοτε.
1058 1455 1181 1534 λέγωσιν,
1196 1460 1255 1516 ἀλλ’
1269 1461 1389 1517 ἀπαντᾶν
1401 1457 1465 1535 πρὸς
1478 1456 1511 1512 el
1524 1456 1652 1534 λεγόμενα
1665 1458 1711 1515 και
1725 1460 1840 1518 κελεύειν

232 1535 266 1613 (7)
294 1537 368 1616 Υπὲρ
389 1537 465 1597 τίνων
482 1527 526 1597 οόν
543 1539 625 1599 σίεσθε
645 1541 696 1599 δεῖν
717 1540 762 1608 τὰς
785 1539 948 1618 ιισαγγελίας
968 1541 1012 1621 γί-
1056 1546 1100 1603 τὸν
1114 1546 1192 1621 νόμον
1207 1546 1404 1622 ἀναγινώσκειν·
1421 1542 1454 1601 σὺ
1465 1543 1493 1603 δὲ
1506 1545 1654 1603 τούναντίον
1665 1545 1714 1616 τὴν
1726 1549 1762 1612 τίς
1777 1546 1840 1613 τούς

231 1630 354 1697 γνεσθαι;
379 1625 456 1686 Τοῦτ’
473 1627 523 1699 ἤδη
544 1626 601 1685 καθ’
613 1626 722 1686 ἕκαστον
742 1632 768 1687 έν
786 1632 825 1709 τῷ
847 1629 919 1707 νόμῳ
934 1629 1013 1709 ίγρά-
1058 1632 1150 1707 νόμους
1172 1632 1327 1711 καταφυγὴν
1348 1633 1438 1702 ἀκτῆς
1459 1630 1601 1709 ἀπολογίας
1610 1630 1658 1690 olet
1675 1633 1728 1691 δεῖν
1741 1632 1839 1711 ἀφιλί-

230 1713 306 1787 ψατι,
316 1711 359 1769 ἵνα
373 1711 411 1788 μὴ
425 1715 508 1793 ἀγνοῇ
519 1713 621 1790 μηδείς·
637 1715 704 1774 «ἐάν
718 1737 765 1786 τις,
781 1714 854 1794 φησί,
872 1716 917 1775 τὸν
929 1717 1011 1792 δῆμον
1056 1723 1116 1777 σθαι
1134 1717 1305 1785 Εὐξενίππου.

229 1798 273 1854 τὸν
298 1798 438 1871 Ἀθηναίων
468 1803 604 1880 καταλύῃ·
629 1830 640 1853 ι
668 1802 786 1874 εἰκότως,
810 1791 832 1859 όν
853 1802 943 1883 ἀνδρες
972 1805 1011 1862 δι·
1096 1823 1128 1866 ιο.
1156 1805 1210 1865 Καὶ
1224 1806 1288 1885 πρὸς
1303 1804 1405 1872 τούτοις
1418 1802 1475 1865 οὐδὲ
1492 1804 1594 1882 βοηθεῖν
1607 1801 1699 1862 ούθίνα
1714 1803 1764 1883 φῂς
1784 1805 1838 1863 δεῖν

229 1887 339 1945 κασταί·
357 1893 374 1960 ἡ
393 1889 445 1969 γὰρ
456 1889 563 1961 τοιαύτη
578 1890 648 1949 αιτία
661 1893 690 1948 οὐ
706 1889 883 1968 παραδέχεται
900 1894 1009 1972 candidu
1055 1892 1127 1972 αὐτῷ
1145 1892 1202 1951 aridi
1217 1890 1407 1972 συναγορεύειν,
1423 1891 1491 1950 ἀλλὰ
1513 1890 1678 1970 παρακελεύῃ
1693 1899 1746 1957 τοῖς
1761 1891 1836 1949 δικα·

228 1974 366 2050 ο]ύθεμίαν
380 1975 479 2042 οὐδενός
492 1977 546 2036 οὐδ’
558 1975 722 2052 ὑπωμοσίαν,
738 1976 806 2035 ἀλλὰ
819 1976 867 2048 τὴν
881 1979 1010 2057 ταχίστην
1057 1988 1129 2047 σταῖς
1145 1980 1182 2055 μὴ
1198 1980 1279 2038 θέλειν
1290 1979 1393 2039 ἀκούειν
1408 1983 1460 2037 τῶν
1475 1976 1680 2037 taeterrimus.
1725 1979 1778 2038 Καί
1793 2001 1835 2037 τοι

228 2063 309 2133 αὐτὴν
321 2065 360 2122 δεῖ
374 2054 440 2121 εἶναι
448 2066 474 2121 ἐν
487 2067 524 2144 τῷ
537 2065 705 2144 δικαστηρίῳ·
715 2090 726 2116 ι
736 2064 753 2135 ἢ
765 2063 839 2143 συνίῃ
849 2087 894 2123 ποι
904 2067 946 2124 ἐπὶ
959 2090 1008 2122 κα·
1055 2066 1081 2123 τί
1097 2068 1188 2127 τούτου
1202 2071 1228 2126 ἐν
1242 2072 1275 2146 τῇ
1290 2068 1365 2128 πόλει
1378 2065 1506 2145 βέλτιονῆ
1518 2064 1753 2146 δ[ημο]τικώτερο’ν
1767 2069 1835 2138 ἐστι,

226 2151 335 2211 ταλύσει
348 2157 392 2210 τοῦ
408 2150 520 2227 &duculi
535 2154 664 2229 ἑταιρικὸν
676 2153 812 2231 συναγάγῃ
823 2152 841 2223 ἢ
854 2152 898 2210 ἐάν
913 2176 951 2220 τις
961 2155 1010 2210 πό-
1052 2156 1156 2213 πολλῶν
1169 2157 1212 2212 καὶ
1228 2157 1314 2215 άλλων
1328 2156 1416 2213 καλῶν
1431 2152 1523 2225 όντων,
1539 2153 1556 2224 ἢ
1570 2154 1667 2211 ὁπόταν
1678 2177 1717 2219 τις
1729 2154 1834 2223 ἰδιώτης

226 2243 267 2298 λιν
280 2240 339 2299 τινὰ
350 2242 439 2322 προδῷ
453 2240 470 2311 ἢ
484 2246 545 2308 ναῦς
556 2238 574 2311 ἢ
584 2239 691 2313 πιζὴνῆ
704 2242 827 2312 ναυτικὴν
838 2242 976 2321 στρατιάν,
989 2242 1006 2314 ἢ
1053 2245 1088 2307 εἰς
1109 2246 1198 2319 ἀγῶνα
1219 2244 1264 2302 καλ
1284 2243 1399 2302 κίνδυνον
1424 2242 1557 2308 κσταττδις
1581 2240 1618 2316 μὴ
1638 2241 1746 2313 δύνηται
1766 2246 1836 2322 ὑπὲρ

227 2329 342 2409 palamst]
353 2326 389 2387 εθν
402 2329 438 2403 μὴ
449 2328 514 2408 λίγῃ
528 2329 561 2386 τά
573 2330 667 2408 άριστα
678 2333 716 2408 τῷ
728 2330 805 2409 δήμῳ
814 2333 852 2409 τῷ
865 2328 1008 2402 Ἀθηναίων
1052 2331 1145 2389 ἑαυτοῦ
1160 2334 1360 2407 ἀπολογεῖσθαι,
1377 2328 1461 2408 τούτῳ
1476 2330 1519 2388 τὸν
1541 2329 1695 2407 βουλόμενον
1718 2335 1770 2387 τῶν
1784 2352 1833 2387 πο-

226 2418 355 2498 γρήματα
368 2416 522 2491 λαμόάνων.
538 2444 550 2469 ν
566 2416 598 2496 (a)
612 2416 655 2477 'lt
666 2417 713 2495 μίν
728 2416 782 2477 ἀνω
793 2423 838 2476 τοῦ
848 2416 928 2492 νόμου
939 2418 1007 2477 κατά
1051 2418 1130 2475 λιτῶν
1152 2418 1245 2485 ἐξεῖναι
1268 2416 1402 2476 ἀναόάντα
1423 2420 1552 2493 βοηθῆσαι
1570 2414 1616 2474 καὶ
1632 2415 1691 2481 τσὺς
1708 2415 1835 2482 δικαστάς

225 2505 331 2564 πάντων
347 2508 398 2562 τῶν
421 2506 534 2564 πσλιτῶν
547 2504 709 2584 γράψαντες·
724 2507 754 2564 lx
776 2505 881 2564 πάντων
894 2502 945 2585 γάρ
960 2505 1007 2563 καί
1052 2506 1116 2582 ὑπὲρ
1138 2511 1183 2565 τοῦ
1202 2507 1356 2584 πράγματος
1368 2504 1402 2563 τδι
1423 2505 1513 2563 δίκαια
1534 2502 1653 2575 διδάξεις
1689 2503 1735 2579 (ιι)
1756 2503 1836 2562 ’ἀλλά

225 2592 396 2668 τάδικήματα
418 2599 502 2651 ταῦτα
515 2591 614 2670 γίνοιτ’
635 2591 684 2650 ἀν·
700 2593 729 2653 ιθ
743 2592 771 2652 δὲ
795 2595 944 2652 τιλιυταῖον
959 2597 1005 2652 mii
1054 2591 1092 2666 μόι
1103 2593 1154 2654 Δία
1167 2595 1243 2660 αὐτὸς
1254 2593 1363 2671 τοιούτῳ
1374 2591 1512 2670 πράγματι
1524 2594 1553 2650 ού
1565 2590 1712 2669 κέχρησαι,
1723 2590 1780 2647 ἀλλ’
1795 2590 1834 2649 ὅτ’

225 2680 305 2756 νόμον
317 2684 376 2738 κατ’
392 2682 542 2740 αὐτῶντῶν
557 2681 684 2762 ρητόρων,
698 2703 752 2760 παρ
774 2671 811 2747 οἷς
826 2680 895 2740 ἔστιν
910 2681 956 2739 καί
977 2680 1006 2738 τὸ
1051 2680 1154 2759 ἔφευγες
1172 2681 1216 2740 τὸν
1232 2684 1320 2756 ἀγῶνα
1339 2680 1383 2738 ὑπ’
1398 2679 1563 2757 Ἀλεξάνδρου
1584 2683 1629 2737 τοῦ
1644 2677 1670 2745 ἐξ
1690 2676 1756 2738 Oion
1768 2677 1833 2736 δέκα

225 2769 334 2849 γράφειν
358 2769 392 2826 τά
407 2771 578 2849 ψηφίσματα
604 2768 739 2844 ίμαίνεσθε
760 2769 811 2847 γάρ
833 2766 865 2826 ἀν
886 2770 910 2827 εί
927 2769 1006 2827 άλλον
1051 2765 1097 2842 μὲν
1111 2767 1265 2846 συνηγόρους
1276 2770 1306 2826 ἐκ
1320 2773 1366 2839 τῆς
1380 2767 1503 2843 Αἰγηίδος
1517 2768 1599 2846 φυλῆς
1614 2764 1720 2844 ᾐτήσω,
1734 2756 1770 2823 diu
1787 2766 1834 2822 καλ

303 2933 389 2997 §siaiu
400 2933 548 2997 τινεςιοιιιιι
562 2932 653 2983 cubeta
666 2934 742 2995 legera
755 2933 837 2982 malim
848 2932 887 2981 ιάν
901 2949 924 2982 τι
936 2933 972 2981 rel
985 2948 1038 2981 τινα
1048 2932 1090 2982 sed
1103 2932 1158 2982 lerri
1176 2938 1255 2994 potest
1267 2934 1339 2982 etiam
1354 2931 1457 2994 uulgata.
1474 2932 1529 2995 -ς
1545 2937 1579 2980 lu.
1596 2932 1619 2979 τί
1629 2928 1733 2992 τούτου]
1747 2931 1833 2990 scirn.;

183 3020 185 3026 ⁴
225 3005 247 3055 τί
260 3006 348 3054 τούτων
362 3005 427 3065 cod,
441 3009 469 3053 ut
482 3007 505 3053 in
516 3004 586 3052 simili
600 3004 652 3053 loco
663 3004 774 3053 orationis
783 3008 865 3052 contra
877 3002 1070 3064 choplrrouem.
1083 3029 1113 3039 -
1125 3003 1139 3066 §
1154 3010 1189 3052 ιι.
1204 3005 1237 3065 μὰ
1246 3004 1292 3051 Δια
1302 3001 1311 3065 ]
1323 3004 1351 3059 νὴ
1365 3002 1410 3051 Δία
1420 3003 1485 3063 cod,
1498 3015 1546 3050 em.
1556 3002 1638 3050 court
1648 3029 1680 3041 -
1690 3000 1836 3062 Ἀλεξάνδρου

224 3081 267 3124 τοῦ
278 3077 302 3133 ἐξ
312 3074 390 3138 Οισυ]
401 3075 441 3123 Sic
454 3073 592 3134 liabiugton,
602 3073 643 3136 qul
655 3073 686 3123 de
696 3072 784 3121 codicis
793 3074 908 3134 scriptura
918 3075 970 3123 lraec
981 3078 1066 3122 notat:
1081 3092 1093 3116 ι
1106 3076 1156 3122 'lire
1166 3073 1212 3122 last
1226 3073 1279 3121 lom
1291 3072 1374 3121 letters
1384 3086 1448 3120 seem
1463 3077 1487 3120 to
1500 3073 1560 3119 liure
1573 3071 1632 3119 been
1644 3072 1713 3129 ταυθς
1729 3071 1770 3117 tire
1781 3075 1834 3118 two

225 3148 279 3196 lirst
288 3147 349 3195 liare
357 3144 539 3204 cancelled,norl
552 3143 614 3191 θιιιι
622 3142 681 3191 been
690 3142 812 3191 corrected
822 3145 847 3191 to
856 3157 883 3200 π,
894 3156 921 3190 so
929 3147 986 3193 aslo
996 3145 1114 3199 ιειινσθπς
1128 3146 1206 3191 iliata
1217 3144 1331 3193 however
1340 3143 1359 3190 ir
1372 3141 1481 3202 repeated
1490 3141 1550 3189 alter
1560 3139 1601 3187 lire
1612 3141 1709 3199 original
1720 3139 1776 3197 line,
1787 3139 1832 3186 lol-

226 3217 302 3266 lorred
316 3219 346 3280 by
359 3220 429 3267 αλε...
441 3217 491 3266 Τιισ
504 3214 658 3277 interpolaled
671 3214 753 3263 letters
764 3227 805 3264 are
815 3214 823 3275 (
832 3216 989 3276 apparently)
1003 3214 1155 3275 ανδρτουεξοι,
1165 3213 1206 3263 tlte
1220 3214 1271 3261 lrrst
1283 3213 1336 3261 lour
1344 3211 1455 3260 οιινιιισιι
1466 3213 1527 3259 lorm
1540 3214 1593 3272 part
1602 3210 1629 3257 ol
1637 3212 1678 3257 tire
1697 3211 1762 3257 ινστιι
1773 3206 1834 3257 lile·

224 3291 327 3354 ξάνιρου.
343 3309 354 3332 ν
368 3288 483 3339 lliaaddil
492 3287 687 3337 selmeidewinus
698 3304 704 3335 ε
717 3305 729 3329 ν
740 3289 803 3334 itum
815 3285 845 3333 ad
858 3285 961 3334 eundem
974 3283 1137 3334 Alexandrum
1150 3284 1251 3345 pertinet
1263 3283 1345 3343 steph.
1360 3283 1417 3343 Byr.
1430 3293 1454 3328 ι.
1467 3281 1531 3329 οἷον·
1543 3281 1565 3336 ἐξ
1576 3280 1644 3329 Οισυ·
1655 3299 1667 3320 ιι
1681 3279 1763 3333 Ἅιειις
1771 3279 1834 3328 'dle'-

148 3421 154 3430 ·
224 3362 283 3416 ιιιας
294 3360 317 3415 ιι
327 3360 385 3408 Οιου
394 3359 522 3413 Λεοντίδος.
534 3360 565 3405 ιιι
577 3357 604 3404 ln
614 3368 663 3419 quo
673 3369 749 3418 orrum
758 3355 828 3404 codd.
838 3357 880 3405 RV
890 3369 933 3417 pro
941 3356 1025 3411 Ἄλεξις
1036 3355 1139 3404 habeant
1152 3352 1225 3412 Ἁλεξ,
1239 3352 1339 3413 conjicio
1350 3350 1523 3401 restituendum
1535 3350 1675 3413 Ἀλέξανδρος
1689 3351 1806 3405 Ἀλέξιδος.
1819 3370 1832 3391 e

1053 3506 1143 3553 utensi.
1156 3521 1168 3545 ι
1182 3503 1215 3563 (l)
1233 3504 1268 3550 Ειι
1282 3501 1319 3549 lais
1334 3500 1413 3562 priora
1427 3499 1484 3562 legia
1495 3498 1573 3561 capita
1583 3501 1665 3547 contra
1679 3510 1762 3546 omnes
1772 3496 1832 3546 scri·

1053 3577 1092 3633 pte
1103 3574 1160 3620 suut
1171 3571 1249 3630 cives,
1258 3571 1372 3633 quoniam
1388 3571 1412 3618 io
1424 3583 1509 3618 omnes
1520 3569 1572 3617 naec
1581 3567 1668 3617 delicta
1679 3566 1765 3617 cadere
1778 3581 1831 3628 pos·

1052 3645 1112 3704 sint,
1124 3644 1237 3692 ultimum
1246 3654 1303 3691 reru
1312 3644 1395 3691 contra
1405 3639 1470 3689 solos
1481 3643 1603 3699 oratores,
1615 3651 1686 3700 penes
1696 3651 1758 3699 qraos
1767 3637 1833 3687 solos

1052 3718 1127 3765 eliam
1142 3717 1275 3778 rogationes
1287 3714 1376 3764 lerendl
1389 3713 1429 3775 jus
1444 3715 1488 3763 cst.
1521 3714 1658 3762 insaniretis
1675 3712 1738 3760 enim
1751 3710 1771 3759 sl
1784 3711 1832 3759 allo

1053 3787 1125 3835 modo
1137 3787 1211 3848 legem
1224 3788 1286 3834 ιιαιισ
1302 3784 1430 3843 tulissetis,
1442 3785 1461 3832 ai
1481 3783 1583 3832 honores
1595 3781 1691 3843 quidem
1702 3786 1726 3829 et
1739 3780 1833 3829 tructus

226 3508 273 3557 lanc
286 3508 394 3557 omnium
406 3508 510 3567 primum
523 3504 669 3553 monendum
679 3517 729 3553 asse
740 3503 834 3553 ridetur
846 3517 924 3566 aeque
933 3503 1006 3566 quid-

225 3592 299 3640 quam
312 3582 350 3626 est
363 3577 393 3625 de
405 3589 454 3638 quo
467 3575 574 3638 pluribus
593 3574 672 3624 verbis
684 3573 853 3636 exponendum
862 3587 913 3623 ease
923 3577 1006 3635 putem

225 3662 297 3710 quarn
307 3647 404 3710 qrroiiat
416 3652 443 3695 ut
455 3660 498 3695 sua
510 3646 601 3706 iegibus
613 3644 750 3706 reipublicae
764 3645 801 3692 ris
814 3644 844 3692 sit
857 3649 931 3705 atque
942 3641 1006 3691 dela·

225 3721 305 3768 tiones
315 3719 448 3778 ceteraeque
465 3717 571 3764 actiones
580 3714 712 3764 metandum
727 3714 822 3775 iegeslu
838 3712 956 3775 iudicium
975 3713 1008 3759 ln·

224 3789 391 3838 traducantur.
426 3788 552 3848 Propterea
574 3786 637 3833 enirn
656 3797 700 3831 ros
722 3784 753 3831 de
779 3783 891 3833 omnibus
915 3782 1008 3832 delictis

226 3872 283 3922 qum
298 3860 323 3907 in
338 3859 384 3909 lrac
405 3859 501 3905 civitate
514 3856 705 3912 committantur,
720 3854 784 3913 leges
801 3853 888 3901 lecistis
899 3855 923 3902 et
935 3865 1005 3913 sepe·

227 3931 297 3979 ratim
311 3928 408 3990 qrridem
424 3926 454 3975 de
466 3936 610 3986 unoquoque
624 3924 762 3985 peculiares.
797 3923 832 3986 (o)
843 3926 871 3972 lu
886 3935 954 3971 sacra
963 3922 1006 3970 ali·

226 3999 283 4059 qrrls
298 3994 387 4059 impius
401 4002 450 4056 est;
474 3991 603 4055 impietatis
623 3993 729 4040 actiones
748 4004 820 4053 penes
838 3993 927 4054 Regem
941 3994 1006 4039 srrnt.

227 4072 290 4132 Erga
302 4069 412 4130 parentes
422 4064 558 4127 improbum
567 4077 593 4112 se
603 4063 677 4122 gerit,
689 4061 778 4109 arclron
790 4061 879 4122 judicio
886 4061 1006 4124 praesidet.

227 4138 377 4189 Contrarium
394 4135 485 4197 legibus
499 4136 645 4195 rogationem
657 4131 744 4193 aliquis
758 4132 816 4190 lert;
829 4144 868 4180 res
879 4135 916 4181 est
927 4130 1007 4180 concl-

227 4212 252 4258 ιιι
265 4208 492 4258 liresmutlretarum.
526 4204 591 4254 Talia
604 4202 692 4264 aliquia
707 4201 829 4251 commisit
845 4203 873 4250 ut
889 4200 970 4250 atatim
984 4201 1008 4251 iu

226 4291 348 4329 carcerem
362 4277 509 4337 abducatur,
522 4276 675 4337 magistratus
692 4274 759 4322 adest
779 4270 1007 4321 undecimrimrum.

226 4351 318 4403 Eodem
336 4349 408 4398 modo
425 4347 510 4397 ceteris
525 4358 620 4407 quoque
638 4342 729 4392 delictis
740 4345 765 4391 el
778 4343 840 4402 leges
851 4345 876 4391 et
888 4343 1008 4403 magistra·

226 4432 267 4475 tus
278 4421 402 4484 etjudicia
418 4433 463 4468 sua
477 4418 612 4479 utribusque
632 4413 731 4464 dedistis
753 4413 889 4475 peculiaria.
923 4414 956 4475 (7)
972 4417 1009 4464 ιιι

228 4496 370 4559 quibusnam
385 4490 457 4551 igilur
479 4488 609 4537 delationes
627 4484 747 4534 iaciendas
761 4496 811 4533 esse
826 4482 933 4544 putatis?
951 4482 1008 4533 Sin·

227 4564 328 4627 galatim
343 4563 389 4610 lanc
406 4562 428 4609 ln
445 4561 496 4619 iege
514 4555 706 4618 consignaristis,
719 4567 750 4603 ue
770 4553 890 4615 quispiam
904 4553 1007 4614 ignoret.

229 4658 241 4679 ι
257 4638 362 4698 Siquis,
381 4632 427 4689 ait,
441 4628 598 4694 popularem
617 4627 809 4676 Atheniensium
823 4628 926 4675 statum
941 4637 1009 4672 ever·

230 4709 307 4764 lrril;
319 4725 331 4748 ν
350 4704 411 4753 irene
431 4713 575 4761 sanequam,
594 4697 701 4758 judicem
717 4709 772 4745 uam
789 4694 906 4755 ejusmodi
918 4693 1008 4742 crimen

229 4791 274 4826 arec
283 4775 464 4836 inquisitionem
477 4769 583 4819 admittit
594 4780 673 4829 neque
687 4766 760 4814 ullam
772 4762 927 4824 iureiurando
939 4762 1010 4810 inler-

229 4849 308 4912 poaito
318 4845 468 4899 dilationem,
482 4839 523 4888 aed
534 4852 607 4900 quam
623 4836 738 4885 citissime
751 4833 833 4883 adesse
846 4833 917 4882 debat
930 4832 954 4880 iu
968 4831 1010 4891 ιιι-

229 4919 305 4975 dicim
318 4929 387 4978 porro
398 4933 404 4962 e
417 4914 459 4961 ιιι
469 4913 525 4973 quis
537 4908 574 4958 od
586 4905 752 4957 euertendam
759 4902 947 4965 rempublicam
954 4913 1012 4950 con-

225 4989 373 5053 iurauerit,
383 4984 424 5035 uel
434 4982 580 5044 sarlionem
592 4978 771 5036 constituerit,
781 4974 822 5024 uei
834 4976 857 5022 sl
867 4974 925 5037 qula
937 4973 1011 5034 oppt-

1053 3871 1067 3905 e
1083 3858 1183 3906 dicendo
1200 3853 1354 3916 comparandi
1376 3854 1400 3901 ia
1417 3858 1523 3901 oratores
1537 3850 1712 3909 redundarent,
1727 3850 1831 3910 pericula

1054 3940 1110 3976 uero
1120 3940 1163 3988 pro
1172 3925 1201 3974 iis
1207 3926 1314 3988 privatos
1325 3925 1444 3972 sustinere
1451 3922 1594 3971 voluissetis.
1627 3922 1661 3982 (9)
1674 3920 1834 3969 Nilailoseeius

1054 3997 1198 4058 polyeuctus
1206 3994 1267 4044 adeo
1275 4006 1300 4043 se
1311 3997 1436 4042 strenuum
1445 3992 1536 4054 praebet
1544 3994 1570 4040 ut
1581 3991 1705 4041 delationis
1713 3994 1831 4041 actionem

1054 4068 1180 4117 instituens
1189 4067 1235 4115 reis
1246 4077 1317 4113 usum
1330 4063 1388 4124 tegra
1397 4062 1520 4111 delatoriae
1532 4075 1580 4110 non
1592 4061 1771 4111 concedendum
1780 4076 1832 4112 esse

1053 4138 1127 4187 dicat.
1159 4142 1194 4186 dc
1211 4134 1283 4184 celeri
1299 4135 1451 4183 accusatores
1472 4132 1569 4193 quando
1590 4132 1614 4179 ιιι
1635 4132 1712 4193 priore
1724 4133 1832 4182 oratione

1053 4209 1200 4257 detensiones
1214 4217 1309 4254 reorum
1321 4203 1439 4264 surripere
1451 4202 1541 4263 retina,
1550 4202 1677 4251 hortantur
1691 4202 1783 4263 judices
1801 4216 1832 4252 ue

1054 4293 1080 4328 se
1091 4276 1274 4327 defendentibus
1286 4287 1357 4322 aures
1371 4272 1495 4335 praebeant
1507 4273 1526 4320 sl
1543 4286 1599 4332 quae
1611 4272 1644 4320 illl
1660 4278 1745 4334 preter
1755 4273 1831 4334 legem

1053 4350 1127 4400 rerba
1138 4345 1289 4410 fannonem
1302 4351 1330 4393 ut
1340 4345 1375 4393 sie
1394 4343 1465 4393 dictis
1478 4349 1606 4392 occurrant
1617 4347 1689 4404 atquc
1705 4342 1780 4402 legem
1795 4355 1831 4390 re·

1054 4420 1119 4469 citari
1131 4417 1232 4481 jubeant
1244 4431 1250 4459 ι
1264 4420 1289 4464 ιιι
1309 4429 1366 4464 aero
1375 4428 1406 4476 ,e
1419 4414 1554 4471 contrario,
1569 4412 1598 4461 ad
1616 4413 1679 4474 leges
1694 4413 1832 4473 coniugium

1053 4485 1189 4536 delendenti
1200 4498 1226 4534 aa
1237 4483 1379 4545 Euxenippo
1391 4482 1598 4546 praescindeudum
1609 4494 1662 4531 esec
1676 4494 1769 4530 censes.

1087 4554 1383 4606 10.Prretereaneminem
1394 4554 1414 4601 ei
1425 4553 1535 4602 auxiliari
1547 4551 1584 4600 rel
1593 4551 1734 4612 patmciuari
1745 4550 1833 4599 debere

1053 4625 1192 4683 contendis,
1204 4627 1228 4673 et
1238 4625 1330 4685 judices
1338 4623 1471 4672 cohortaris
1483 4635 1513 4670 ue
1524 4621 1625 4669 audiant
1634 4622 1653 4671 si
1665 4622 1707 4682 qui
1719 4619 1765 4668 hoc
1777 4633 1834 4667 coo-

1054 4698 1107 4748 silio
1130 4696 1304 4745 adsuescunt.
1338 4698 1449 4744 Attamen
1470 4694 1532 4742 luter
1555 4694 1591 4741 tot
1613 4692 1704 4754 egregia
1730 4690 1834 4739 civitatis

1056 4773 1145 4817 nostrae
1161 4766 1272 4815 instituta
1283 4764 1341 4826 quid
1364 4764 1468 4825 pulcrius
1481 4765 1532 4821 est,
1552 4760 1608 4823 qnid
1628 4760 1735 4821 populari
1752 4773 1834 4809 rerum

1055 4842 1127 4889 statut
1139 4835 1320 4885 convenientius
1333 4847 1406 4896 quam
1423 4832 1500 4882 cuiuis
1513 4832 1604 4880 civium
1621 4829 1726 4891 permitti
1747 4833 1775 4878 ut
1791 4830 1833 4876 iro·

1056 4908 1112 4957 mini
1124 4920 1139 4955 a
1152 4905 1195 4954 lori
1207 4917 1251 4952 usu
1265 4901 1409 4963 alieno,qui
1425 4901 1449 4950 io
1460 4899 1597 4950 certaminis
1616 4898 1749 4959 perieulum
1759 4898 1834 4945 addu-

1055 4980 1110 5025 ctus
1122 4976 1171 5037 ipse
1179 4987 1205 5021 se
1214 4971 1340 5020 defendere
1352 4973 1468 5032 nequeat,
1478 4970 1502 5018 in
1516 4969 1561 5018 lroc
1572 4971 1682 5028 supgeslu
1695 4965 1834 5023 auxilietur,

1056 5049 1079 5095 el
1091 5059 1145 5107 quae
1157 5045 1181 5092 in
1191 5056 1263 5091 causa
1280 5043 1331 5103 ejus
1341 5042 1406 5102 juda
1422 5040 1470 5088 sint
1483 5039 1575 5100 judices
1586 5038 1706 5087 edoceat?
1740 5037 1761 5097 (l
1770 5035 1790 5097 ι)
1804 5039 1835 5084 ,ιι

230 5066 294 5116 «laem
305 5059 414 5124 aliquod
428 5054 575 5119 prodiderit
588 5052 628 5102 uel
648 5063 725 5101 ιιααεε
740 5050 779 5099 uel
788 5046 934 5112 pedestrem
947 5058 1011 5095 nau·

233 5138 343 5183 ticuuaoe
352 5133 502 5185 exercitum,
511 5127 551 5175 uel
560 5127 584 5172 ιι
593 5125 683 5173 motor
689 5120 818 5183 publicus,
827 5117 1011 5179 turpilianum
1056 5118 1099 5173 tu,
1116 5126 1159 5176 per
1174 5115 1276 5172 lovem,
1288 5121 1410 5172 nuoqrram
1427 5108 1544 5170 ejusmodi
1565 5120 1637 5168 opera
1658 5119 1715 5155 usus
1737 5107 1775 5155 ρος
1792 5104 1834 5154 ,οη

232 5217 258 5253 se
272 5203 402 5263 corrumpi
418 5210 527 5261 pusseu,
545 5207 595 5246 nou
618 5192 716 5254 optimu
734 5189 807 5240 dicut
825 5188 919 5252 populo
938 5185 1012 5237 dilue·
1057 5197 1132 5247 quum
1143 5182 1174 5232 ab
1193 5179 1329 5233 alexandro
1348 5176 1434 5229 OEensi
1452 5190 1506 5226 reru
1518 5175 1734 5239 agenartafftecem
1756 5188 1835 5224 carrera
