3967 5967
203 517 259 567 511
738 503 885 567 ΣΧΟΔΙΑ
908 504 971 565 ΕΙΣ
991 504 1265 566 ΔΗΜΟΣΘΕΝΗΝ.

199 636 268 689 ἐσται
282 637 388 707 βαδίζειν
402 636 459 690 ύποι
473 634 602 706 βούλεται;
615 635 657 688 καλ
667 632 767 707 είληφεν
778 635 982 709 ὁμολογουμένην
1026 636 1152 704 ἀποτάδην
1165 638 1261 710 λέγων,
1272 638 1358 710 ἐπάγει
1370 642 1426 695 τιιδ
1434 642 1527 712 ῆδουῆυ
1536 639 1577 692 διά
1590 644 1633 707 τῆς
1643 638 1755 704 πλάσεως
1765 649 1811 697 τοῦ

198 719 325 788 πρότασιν,
344 717 383 770 ότι
396 717 612 787 καταστραφέντων
630 715 768 768 ’Ὀλυνθίων
781 714 859 778 ούδείς
878 716 983 770 κωλύσει
1026 719 1156 787 προσώπου
1172 722 1216 771 τοῦ
1228 718 1458 789 ἀντιλέγοντος,ίν’
1469 723 1552 792 ῶσπερ
1564 718 1740 791 ἀπαιτούμενος
1753 725 1810 795 παρ’

197 798 240 851 τὸν
252 798 377 852 Φίλιππον
389 797 542 868 πορεύεσθαι.
579 798 627 851 ίίαί
637 798 667 852 εδ
676 797 738 851 κατὰ
748 799 822 851 τίνων
836 796 981 865 ἐσιώπησεν,
1026 796 1106 848 άλλου
1121 797 1163 849 καὶ
1178 795 1391 869 ἀναγκαζόμενος,
1405 798 1450 852 οῦκ
1466 797 1507 869 ἀφ’
1521 797 1608 851 ἑαυτοῦ
1620 797 1737 870 ἐπιφέρειν
1747 802 1810 874 δοκῇ

197 877 261 949 όμοῦ
276 879 319 950 μὲν
334 877 362 931 τδ
375 877 520 931 ἀντιπῖπτον
534 877 733 950 ύποτεμνόμενυς
746 880 784 931 ότι
797 878 890 947 άδηλον
908 879 931 932 εί
946 877 982 950 ἐφ’
1026 874 1071 942 τήν
1086 874 1233 948 ἐπιτίμησιν.
1248 877 1370 934 Buasv,

197 959 261 1030 ἡμεῖς
272 958 389 1029 όρμήσει,
402 958 466 1029 όμοῦ
479 959 505 1012 δέ
517 956 550 1021 είς
560 958 676 1012 ύπόνοιαν
689 958 832 1013 καταλιπὼν
850 958 930 1014 ἐκεῖνο
944 961 983 1015 ότι
1065 957 1106 1020 13,
1117 977 1145 1027 9.
1160 958 1419 1030 Φιλοπράγμοσύνην]
1435 955 1543 1024 σπουδήν
1553 957 1595 1010 καί
1609 956 1762 1019 πλεονεξίαν.
1774 961 1808 1014 Α.

197 1040 293 1102 πάντως
307 1036 346 1093 ἐπί
358 1035 403 1105 τήν
418 1035 528 1103 Ἀττικὴν
542 1038 694 1109 πορεύσεται.
709 1040 785 1100 HRS,
1065 1036 1107 1101 13,
1121 1054 1163 1092 11.
1178 1035 1330 1110 ’λγαπήσας]
1341 1036 1473 1109 ἀρκεσθείς.
1486 1039 1516 1093 P.

231 1119 356 1189 Φρασάτω
368 1139 404 1182 τις
422 1117 495 1191 ἐμοὶ]
509 1118 589 1173 Πάλιν
608 1119 637 1173 τ“ο
659 1117 797 1181 ἀξιόπιστον
815 1120 929 1191 φρόνημα
940 1139 984 1188 τη·
1064 1116 1106 1179 13,
1120 1117 1161 1170 13.
1176 1114 1318 1188 Ἐγνωκῖος]
1327 1116 1357 1170 τ“ο
1371 1117 1486 1188 ἐγνωκὼς
1495 1115 1544 1171 ἀπδ
1556 1119 1651 1184 κοινοῦ,
1664 1112 1812 1190 ἵν’ήπάντα

197 1202 246 1268 ρῶν
260 1195 327 1252 εἶπεν
353 1198 423 1271 ἐμοὶ,
439 1194 505 1266 οίον,
526 1204 561 1271 τῷ
574 1198 715 1270 φιλοπόλιδι
731 1197 801 1270 ίμοί,
821 1196 980 1271 ἐμφαντικῶς.
1026 1191 1161 1265 ἐγνωκότες
1173 1194 1287 1249 ἐνταῦθα.
1298 1197 1348 1249 RS.

197 1279 340 1332 ABCRSV.
1065 1273 1108 1326 13.
1124 1290 1165 1342 17.
1181 1272 1309 1345 Ἐκεῖθεν]
1321 1272 1348 1326 ἐκ
1364 1275 1407 1339 τῆς
1422 1271 1553 1329 Ὀλύνθου.
1564 1275 1595 1327 P.

235 1376 282 1425 12,
302 1360 345 1412 23.
365 1358 440 1412 Ὅποι
456 1357 720 1431 βούλεται]Εύφήμως
737 1357 791 1414 dm
808 1358 851 1421 τάς
866 1357 981 1426 Ἀθήνας,
1061 1351 1192 1424 Πόλεμον]
1209 1350 1274 1405 Ἆντλ
1293 1356 1424 1423 προσώπου
1441 1357 1544 1425 πρᾶγμα
1567 1352 1666 1406 έλαῦεν.
1704 1352 1740 1405 Ού
1756 1353 1806 1424 γὰρ

197 1438 271 1491 πάλιν
286 1442 318 1511 τῇ
331 1437 497 1505 ύποσιωπήσει
510 1438 673 1511 χρησάμενος.
694 1440 820 1494 ABCRV.
847 1440 883 1491 Tb
897 1444 984 1511 σχῆμα
1027 1430 1109 1497 εἶπεν,
1126 1433 1266 1487 ἐλεύσονται
1276 1433 1300 1485 οί
1313 1433 1427 1504 πολέμιοι
1441 1434 1496 1487 καθ’
1505 1431 1809 1505 ήμῶν,ἀλλ’όπόλεμος.

197 1516 374 1586 ἀποσιώπησις.
389 1520 416 1572 S.
1027 1512 1133 1579 Σύνηθες
1142 1513 1168 1566 δέ
1181 1513 1308 1566 τοῦτοκαὶ
1322 1513 1458 1585 θουκυδίδη
1468 1516 1549 1567 ποιεῖν
1559 1513 1601 1565 καί
1613 1513 1811 1583 μεταλαμῦάνειν

236 1615 278 1664 12,
289 1604 334 1651 αθ.
346 1598 381 1650 Τό
391 1603 486 1668 πρῶτον
500 1595 647 1669 ’λμφίπολιν
656 1597 752 1663 λαῦὼν,
764 1597 826 1670 μετὰ
835 1599 926 1670 ταῦτα]
936 1597 981 1665 Τδ,
1026 1590 1083 1645 ἀντὶ
1100 1595 1236 1664 προσώπων
1250 1594 1398 1664 πράγματα,
1419 1593 1435 1658 ῆ
1453 1594 1571 1663 πρόσωπα
1592 1591 1667 1645 πάλιν
1685 1590 1740 1644 ἀντὶ
1753 1610 1812 1663 πρα-

199 1678 260 1749 μετά
276 1683 370 1749 ταῦτα,
386 1679 428 1731 καί
446 1677 519 1744 εἶτα,
535 1680 577 1730 καί
589 1673 672 1743 αύθις,
687 1679 729 1730 καὶ
741 1679 825 1743 πάλιν,
838 1677 869 1731 τά
883 1682 983 1732 τοιαῦτα
1027 1673 1139 1743 γμάτων.
1177 1673 1208 1725 Αἱ
1227 1673 1275 1744 γάρ
1290 1676 1401 1725 τοιαῦται
1413 1677 1462 1725 τῶν
1474 1672 1563 1734 λέξεων
1578 1670 1715 1742 ἐναλλαγαί
1731 1690 1812 1724 καινο-

199 1759 282 1829 μόρια,
293 1759 430 1829 βραδυτῆτα
442 1758 555 1811 δείκνυσι·
569 1760 681 1829 μιμεῖται
692 1757 740 1830 γάρ
752 1757 791 1811 ἀεὶ
801 1756 845 1823 τήν
858 1763 907 1810 τῶν
919 1778 980 1830 πρα-
1026 1756 1187 1826 πρέπειαντῷ
1204 1755 1274 1826 λόγῳ
1287 1755 1444 1825 παρέχουσιν.
1482 1756 1606 1825 Τεχνικῶς
1621 1753 1731 1805 δέτοῦτυ
1748 1750 1812 1822 ῆρώ-

199 1838 301 1908 γμάτων
312 1837 382 1908 φύσιν
397 1838 439 1890 καὶ
452 1836 492 1889 διά
503 1840 546 1902 τῆς
558 1837 643 1899 λέξεως
655 1837 669 1890 ό
681 1837 771 1909 ῥήτωρ.
795 1838 841 1889 Καὶ
856 1838 984 1908 βουληθείς
1027 1852 1110 1899 τησεν,
1119 1833 1163 1885 ἵνα
1174 1832 1376 1903 έκαστοςφεύγων
1387 1832 1416 1885 τδ
1423 1832 1633 1903 καταψηφίσασθαι
1642 1830 1716 1883 αύτοῦ
1725 1831 1811 1883 ἀνοιαν

197 1915 331 1983 ύπτιότητα
351 1916 428 1978 δεῖξαι
442 1915 484 1968 καὶ
502 1914 628 1968 ἀσθένειαν
647 1910 722 1969 ούσαν
745 1914 771 1968 ἐν
790 1918 843 1978 τοῖς
857 1916 983 1970 Φιλίππου
1027 1911 1219 1983 συνομολογήση
1229 1918 1265 1983 τῷ
1276 1911 1360 1982 ῥήτορι
1370 1911 1404 1973 ὡς
1413 1910 1494 1978 ἀληθῆ
1504 1910 1612 1981 λέγοντι.
1623 1911 1703 1963 BEV.

200 1997 352 2067 πράγμασιν,
370 1996 455 2049 ύπτιον
470 1995 512 2048 καί
527 1995 570 2048 τδν
586 1995 664 2066 λόγον
679 1995 777 2063 ἐποίησε
790 1999 822 2068 τῆ
830 2002 879 2049 τῶν
890 1996 982 2067 μορίων
1065 1991 1108 2055 13,
1126 1995 1157 2045 18
1185 1990 1259 2044 ’λλλά
1272 1989 1420 2062 μήν]Λύσις
1438 1995 1482 2043 τοῦ
1497 1989 1681 2051 ἀντιπίπτοντος
1697 1990 1752 2055 ότι,
1765 1989 1812 2042 κάν

199 2076 334 2149 προσθήκη.
372 2076 422 2128 Τοῦ
431 2074 474 2146 μέν
490 2073 538 2145 γὰρ
550 2073 663 2137 αύξοντος
677 2072 721 2140 τῆν
740 2075 866 2130 Φιλίππου
878 2077 982 2147 δύναμιν
1028 2073 1090 2148 ἔλθη
1099 2075 1135 2147 ἐφ’
1144 2075 1357 2148 ῆμᾶςΦίλιππος,
1369 2074 1553 2147 σεμνυνούμεθα
1566 2075 1632 2127 τότε.
1643 2076 1693 2128 ΗΒ.

198 2150 228 2221 ήν
247 2156 314 2209 ούτω
327 2157 454 2226 προάγειν,
473 2153 627 2225 Ἀμφίπολιν,
647 2154 754 2220 Πύδναν,
775 2155 916 2222 Ποτίδαιαν,
933 2157 984 2209 Με-
1066 2155 1108 2219 13,
1124 2173 1169 2209 21.
1189 2156 1243 2208 Τῶν
1263 2154 1396 2225 ἀρχαίων]
1412 2152 1467 2219 ήτοι
1490 2159 1538 2206 τῶν
1560 2152 1695 2224 ἐνεχύρων·
1718 2151 1811 2223 ἀρχαῖα

200 2236 291 2303 θῶνην,
309 2234 460 2306 Ἰλλυριούς,
479 2233 589 2305 θρᾴκην.
630 2230 661 2285 Ἦ
675 2235 723 2306 γάρ
738 2237 851 2306 συνέχεια
866 2240 915 2288 τῶν
929 2235 985 2288 όνο-
1027 2232 1075 2305 γάρ
1089 2233 1119 2288 τά
1133 2234 1235 2305 ἐνέχυρα
1247 2234 1288 2287 καί
1301 2234 1344 2296 τάς
1356 2233 1479 2299 ύποθήκας
1492 2231 1517 2287 ἐν
1533 2232 1638 2294 πολλοῖς
1654 2232 1668 2285 ό
1686 2232 1811 2302 Δημοσθέ·

198 2318 284 2386 μάτων
296 2313 377 2387 ἀκμὴν
390 2314 483 2386 ἔχουσα
494 2313 539 2378 τὴν
553 2311 691 2383 ύπερῦολήν
703 2303 746 2381 τῆς
758 2315 885 2384 δυνάμεως
894 2314 984 2367 δείκνυ·
1028 2333 1071 2379 νης
1081 2314 1165 2383 φησίν.
1202 2314 1270 2376 Τινὲς
1281 2311 1308 2366 δὲ
1328 2312 1472 2384 ἐξηγοῦνται
1487 2310 1546 2365 αύτδ
1559 2311 1603 2365 ούκ
1617 2311 1657 2365 ἐπί
1667 2316 1716 2363 τῶν
1732 2313 1810 2363 δανει-

197 2412 248 2458 σιν,
264 2396 346 2464 ώσπερ
355 2392 399 2447 ούκ
411 2392 542 2464 ἀρκοῦντος
552 2394 596 2444 τοῦ
605 2392 696 2463 χρόνον
705 2392 764 2463 πρδς
776 2392 818 2454 τὰς
826 2398 874 2445 τῶν
886 2393 984 2446 πόλεων
1028 2394 1155 2464 ζομίνων,
1177 2393 1235 2446 ἀλλ’
1251 2392 1291 2448 ἐπὶ
1309 2399 1358 2447 τῶν
1373 2393 1550 2458 δανειζόντων,
1565 2392 1680 2464 λέγοντες
1693 2391 1813 2454 πολλάκις

195 2470 310 2534 ἁλώσεις.
340 2472 389 2526 Τοῦ
401 2471 427 2525 δέ
435 2470 593 2532 ύπτιάζοντος
601 2470 630 2523 τύ
642 2473 795 2543 προαγαγεῖν
806 2472 840 2533 ὡς
853 2472 878 2525 ἐν
890 2472 985 2544 ἱστορίᾳ
1028 2471 1058 2526 τά
1072 2473 1193 2540 παθητικά
1203 2471 1259 2527 ἀντί
1276 2472 1440 2546 ἐνεργητικῶν
1461 2473 1568 2544 χρῆσθαι
1588 2472 1644 2532 τούς
1663 2469 1810 2538 Ἀθηναίους.

196 2550 239 2603 τὀν
260 2552 349 2623 λόγον,
368 2554 434 2604 ὥστε
454 2550 496 2604 καὶ
510 2548 525 2617 ῆ
540 2551 646 2602 δοκοῦσα
662 2550 795 2621 τοῦλόγου
811 2551 885 2604 κακία
898 2553 983 2622 χρείαν
1029 2551 1076 2604 Καὶ
1085 2551 1199 2624 λέγουσιν
1214 2552 1308 2626 ἀρχαῖα
1326 2552 1388 2606 αύτά
1406 2550 1436 2604 τά
1455 2551 1584 2622 κεφάλαια.
1621 2549 1665 2617 Μή
1680 2552 1812 2622 δυνάμενοι

196 2631 254 2683 τινὰ
276 2632 436 2703 κατορθοῦται
459 2629 501 2683 καί
526 2628 666 2701 θαυμαστὸν
694 2631 784 2684 διίνυσι
810 2632 853 2686 τδν
881 2632 981 2705 ῥήτορα.
1028 2630 1086 2701 γάρ,
1102 2632 1190 2703 φησὶν,
1204 2631 1338 2686 ἀποδοῦναι
1351 2630 1459 2692 πολλούς
1477 2630 1562 2692 τόκους
1577 2629 1677 2700 ύστερον
1691 2629 1715 2681 οί
1731 2649 1811 2699 χρεω·

197 2710 293 2780 Τέχνης
308 2712 356 2785 γάρ
372 2708 436 2767 ἐστιν
449 2708 558 2780 ἀκρίθεια
573 2707 602 2760 τύ
617 2705 749 2779 ἐπιγνῶναι
761 2708 804 2762 τδν
820 2710 904 2782 καιρδν
923 2710 949 2765 ἐν
962 2708 985 2785 ᾧ
1029 2715 1141 2775 στοῦντες
1153 2713 1282 2784 φεύγουσι,
1293 2711 1335 2765 καί
1344 2711 1420 2772 ούτως
1428 2711 1454 2764 οί
1466 2710 1591 2763 δανεισταί
1600 2708 1662 2782 μετά
1672 2715 1719 2763 τῶν
1731 2710 1811 2762 τόκων

198 2794 272 2842 τοῦτο
285 2789 402 2862 προσήκει
415 2791 505 2849 ποιεῖν,
520 2789 675 2841 ABHRTV.
1028 2790 1070 2844 καί
1082 2792 1112 2845 τά
1125 2792 1245 2863 κεφάλαια
1257 2790 1432 2846 ἀπολλύουσιν.
1443 2790 1542 2843 BRSV.

238 2885 280 2933 12,
299 2885 344 2937 27.
368 2864 501 2933 θετταλίας
519 2865 607 2938 ἐπέύη]
621 2867 656 2921 Τδ
670 2864 761 2938 [ἐπέδη
785 2867 845 2938 καί]
868 2868 984 2923 ἐπιύαίνω
1066 2872 1108 2935 13,
1124 2889 1169 2927 ου.
1184 2870 1409 2943 Ἐρρᾳθυμηκότες]
1424 2868 1471 2940 ούχ
1490 2868 1573 2930 άπλῶς
1592 2866 1758 2939 ῆμεληκότες·
1778 2867 1809 2920 ού

200 2948 258 3019 πρδς
276 2948 391 3020 γενικήν·
405 2948 435 3003 τδ
448 2947 475 3001 δέ
488 2947 627 3018 ἐπιμῦαίνω
643 2948 685 3000 καὶ
701 2946 827 3019 ἐμύατεύω
847 2948 905 3020 πρὸς
918 2949 984 3003 δυτι-
1029 2948 1077 3020 γὰρ
1087 2954 1160 3004 τοῦτο
1174 2949 1399 3022 σημαίνειήλέξις,
1412 2948 1478 3001 ἀλλά
1495 2947 1592 3020 μᾶλλον
1614 2946 1659 3013 την
1676 2948 1757 3000 ἀνεσιν
1770 2948 1814 3000 καὶ

200 3028 255 3095 τήν,
271 3030 351 3081 BTV.
1028 3028 1073 3095 τὴν
1088 3029 1114 3084 ἐν
1132 3029 1210 3103 ήδονῆ
1231 3031 1369 3102 διαγωγήν.
1410 3028 1567 3100 Ἐπίπολλῷ
1586 3027 1613 3081 δέ
1635 3027 1690 3080 ἀντὶ
1709 3030 1754 3081 τοῦ
1773 3025 1813 3081 ἐπὶ

240 3126 281 3175 12,
295 3128 340 3183 29.
352 3107 440 3185 ᾬχετ’
453 3107 476 3169 ἐς
489 3106 606 3183 θράκην]
621 3105 756 3179 ἐπέστρεφε.
772 3110 842 3163 BSP.
1028 3108 1116 3181 πολλῷ
1126 3110 1202 3181 τόκῳ.
1215 3110 1345 3164 ABHTV.
1383 3107 1439 3162 Ἵνα
1452 3109 1526 3161 τόκον
1537 3107 1655 3177 λάδωμεν
1667 3104 1712 3173 τῆν
1725 3106 1813 3178 ἀργίαν

239 3189 280 3252 13,
300 3206 317 3241 2
347 3185 463 3258 Ῥαίσας]
479 3185 507 3239 ού
522 3186 550 3239 τό
570 3185 673 3256 ύγιάνας
693 3188 822 3259 σημαίνει,
835 3188 892 3239 ἀλλ’
904 3191 984 3262 ῶσπερ
1029 3187 1071 3240 καὶ
1081 3187 1216 3259 ῥᾳθυμίαν,
1231 3188 1364 3259 κεφάλαιον
1374 3187 1400 3241 δέ
1410 3185 1484 3253 αύτὴν
1496 3185 1541 3252 τὴν
1555 3185 1640 3240 πόλιν,
1651 3188 1686 3242 V.

201 3268 347 3337 κουφότερον
373 3265 441 3336 έχων
468 3269 512 3318 τοῦ
536 3266 691 3336 νοσήματος,
708 3265 752 3317 ἵνα
773 3263 817 3332 τήν
840 3267 983 3337 φιλοπονίαν
1066 3269 1109 3331 13,
1120 3268 1164 3323 25.
1177 3266 1219 3330 Είς
1237 3267 1347 3339 ἀνάγκην
1360 3266 1604 3338 ἐλθωμεν]Σύνηθες
1617 3270 1652 3337 τῷ
1668 3264 1751 3336 ῥήτορι
1764 3271 1813 3319 τῶν

200 3346 265 3418 δείξῃ
276 3349 320 3399 τοῦ
332 3346 475 3407 Μακεδόνος
489 3344 529 3399 καί
546 3344 575 3403 τύ
598 3344 692 3419 μηδένα
715 3344 800 3415 καιρόν
819 3344 911 3399 ἐθέλειν
924 3346 984 3415 ήσυ-
1030 3346 1073 3417 μέν
1082 3346 1197 3417 λυπηρῶν
1210 3346 1252 3400 καί
1262 3347 1335 3401 αύτδν
1349 3348 1485 3419 μετέχοντα
1496 3345 1634 3411 δεικνύναι,
1645 3352 1694 3398 τῶν
1709 3345 1736 3399 δέ
1750 3345 1813 3417 ἀγα·

200 3428 295 3497 χάζειν.
310 3425 412 3483 BCEV.
1029 3426 1078 3477 θῶν
1101 3424 1145 3492 τήν
1168 3428 1254 3498 πεῖραν
1281 3425 1421 3497 ὁλόκληρον
1449 3425 1579 3497 ἀπονέμειν
1598 3425 1728 3497 τῷδήμῳ.
1766 3424 1814 3477 Καὶ

239 3507 280 3568 13,
305 3508 330 3567 ή.
361 3501 497 3575 Ἰλλυριούς
518 3501 560 3554 καί
581 3499 703 3572 Παίονας]
723 3501 783 3571 ἐθνη
807 3502 916 3575 βάρύαρα
931 3505 986 3576 περί
1029 3505 1129 3558 δύναται
1142 3509 1214 3558 τοῦτο
1234 3504 1331 3573 πολλὴν
1345 3505 1411 3576 αύτῷ
1430 3504 1495 3575 παρὰ
1513 3512 1562 3557 τῶν
1578 3503 1704 3575 ἀκροατῶν
1718 3503 1761 3570 τήν
1778 3502 1815 3558 e&

202 3585 373 3639 Μακεδονίαν·
392 3582 436 3634 ἵνα
450 3580 515 3653 δείξῃ
535 3582 574 3634 ότι
588 3578 643 3634 ούδὲ
663 3582 791 3655 βαρύάρων
804 3582 911 3653 φείδεται
926 3585 984 3657 βάρι
1029 3602 1096 3636 νοιαν
1110 3585 1308 3646 κατασκευάζειν.
1323 3584 1476 3638 ΑΒΗΒΤΜ.

201 3665 274 3734 δαρος
286 3664 332 3721 ῶν,
346 3663 425 3719 BEV.
1068 3661 1109 3715 13.
1122 3667 1166 3715 υθ.
1183 3662 1218 3714 Το
1231 3661 1274 3733 μὲν
1287 3656 1330 3715 ούν
1345 3659 1476 3733 ἐπιτιμᾶν]
1488 3660 1614 3722 όνειδίζειν
1629 3660 1813 3731 μεταληπτικῶς

239 3743 281 3804 13,
294 3741 319 3795 5.
333 3737 462 3814 λρύμθαν]
473 3735 550 3800 (λύτυς
562 3737 674 3811 βασιλεύς
685 3733 715 3806 ῆν
728 3738 878 3805 Μολοσσῶν,
893 3741 985 3814 Ὀλυμ·
1028 3741 1061 3794 Τ.
1077 3740 1233 3813 Σημείωσαι·
1248 3740 1367 3803 ἀντίθεσις
1381 3739 1429 3794 ἀπὸ
1447 3744 1491 3794 τοῦ
1505 3739 1610 3791 δικαίου.
1623 3739 1678 3792 ΑΒ.
1717 3737 1814 3789 Μικτδν

201 3820 286 3881 πιάδος
299 3816 573 3885 δέτῆςτοῦΦιλίππου
585 3818 700 3888 γυναικδς
714 3819 789 3882 θεῖος,
827 3820 930 3888 Φησίδέ
946 3824 985 3876 ότι
1029 3820 1057 3874 τδ
1080 3822 1210 3893 προοίμιον
1233 3821 1260 3874 ἐκ
1276 3841 1302 3874 τε
1325 3824 1368 3874 τοῦ
1389 3822 1493 3873 δυνατοῦ
1515 3819 1556 3872 καί
1576 3821 1619 3870 τοῦ
1641 3818 1814 3887 συμφέροντος.

200 3896 256 3951 ούδὲ
270 3902 396 3972 συγγενῶν
410 3896 518 3967 φείδεται
531 3895 656 3959 Φίλιππος
672 3897 712 3950 διά
732 3899 760 3954 τό
782 3899 913 3977 βούλεσθαι
927 3903 986 3956 πάν·
1029 3900 1128 3953 Μετιὼν
1140 3900 1188 3973 γὰρ
1203 3899 1239 3972 ἐφ’
1253 3902 1335 3972 ἕτερον
1349 3899 1481 3972 κεφάλαιον
1493 3898 1521 3952 ού
1535 3898 1661 3960 παντελῶς
1676 3896 1768 3958 ίδιάζον
1784 3896 1813 3950 τδ

201 3995 250 4030 των
266 3978 374 4046 κρατεῖν.
389 3977 468 4032 BEV.
1029 3981 1158 4052 προοίμιον
1181 3979 1287 4045 έλαύεν,
1301 3981 1344 4033 ἵνα
1367 3978 1401 4051 μῆ
1424 3980 1531 4050 καθάπερ
1548 3977 1692 4048 ἐσχισμένος
1712 3975 1815 4046 όλόγος

236 4056 404 4127 Παραλείπω]
419 4055 448 4109 τό
461 4058 548 4126 σχῆμα
557 4055 620 4109 κατὰ
634 4055 787 4130 παράλειψιν.
801 4060 850 4117 BS.
1028 4062 1156 4130 φαίνηται,
1168 4058 1212 4126 τήν
1229 4060 1273 4132 μὲν
1292 4060 1371 4132 ἀρχήν
1384 4061 1548 4132 ποιησάμενος
1560 4057 1585 4120 ἐξ
1599 4053 1629 4111 ού
1646 4056 1728 4128 λε’γων
1740 4054 1814 4110 ἐπαύ-

239 4138 281 4201 13,
297 4141 323 4191 6.
338 4136 370 4189 Τί
382 4129 426 4188 οῦν
438 4135 467 4187 ἄν
482 4154 517 4198 τις
529 4133 613 4205 εἴποι]
625 4136 693 4199 Τινές
706 4139 829 4201 στίζοντες
843 4137 875 4202 είς
891 4140 920 4193 τδ
936 4163 947 4190 ι
962 4142 987 4195 τί
1029 4159 1104 4207 σατυ,
1117 4139 1184 4212 λέγω
1198 4139 1228 4207 δὴ
1241 4144 1285 4194 τοῦ
1296 4143 1475 4212 συμφέροντος,
1490 4139 1519 4192 τό
1531 4138 1558 4191 δέ
1570 4137 1698 4208 ἐνθύμημα
1711 4136 1754 4188 καί
1769 4134 1813 4203 τῆν

204 4210 273 4271 *οΜ
293 4215 323 4268 ἄν
342 4236 377 4279 τῑς
392 4214 484 4269 ῑθνῡῑν
509 4213 646 4286 ἐπιφέρουσι
668 4241 679 4263 ι
697 4221 774 4273 ταῦτα
785 4216 865 4291 λέγεις
876 4217 982 4291 ῆμῖν.ι
1030 4217 1162 4291 ἐπαγωγὴν
1177 4219 1203 4273 ἐκ
1216 4223 1260 4273 τοῦ
1272 4221 1385 4273 δυνατοῦ.
1423 4218 1562 4273 Διδκαλτδ
1578 4216 1707 4288 προοίμιον
1724 4214 1812 4281 έλαῦε·

201 4296 286 4353 ΗΤίί,
1030 4299 1135 4369 διαφέρει
1145 4299 1171 4351 δὲ
1183 4299 1213 4352 τά
1222 4305 1271 4352 τῶν
1287 4299 1426 4370 κεφαλαίων
1438 4299 1556 4370 προοίμια
1568 4301 1617 4350 τῶν
1628 4294 1653 4348 ἐν
1666 4294 1750 4356 αύταῖς
1761 4295 1815 4356 ταῖς

236 4375 271 4429 ’Τδ
281 4379 368 4446 σχῆμα
378 4375 542 4446 ἀνθυποφυρά.
553 4375 662 4446 Διαφέρει
671 4375 698 4429 δέ
705 4375 860 4449 ἀνθυποφορά
869 4378 910 4430 καί
918 4378 985 4434 ἀντί·
1031 4376 1133 4449 ἀρχαῖς,
1151 4381 1190 4432 ότι
1206 4379 1288 4433 ἐκεῖνα
1300 4379 1343 4450 μέν
1358 4384 1393 4451 τῷ
1404 4379 1477 4433 παντί
1492 4379 1563 4450 λόγῳ
1580 4379 1664 4449 χώραν
1680 4374 1765 4428 δίδωσι
1774 4373 1815 4425 καί

202 4455 265 4517 θεσις
271 4455 313 4508 καί
322 4454 476 4509 ἀντιπῖπτον·
485 4453 628 4509 ἀντιπῖπτον
640 4453 683 4526 μίν
693 4457 740 4527 γάρ
752 4455 817 4516 ἐστιν
824 4459 883 4511 όταν
894 4458 986 4531 είδῆώς
1030 4457 1195 4529 σπερματικὴν
1217 4459 1270 4530 ἔχει
1290 4458 1335 4526 τῆν
1348 4460 1451 4531 δύναμιν
1466 4464 1514 4512 τῶν
1528 4457 1613 4510 διόλου
1626 4455 1742 4527 λέγεσθαι
1757 4451 1815 4524 μελ-

202 4533 240 4586 ύτι
255 4533 341 4605 μέλλει
361 4533 427 4606 αύτῷ
437 4553 462 4591 τι
482 4532 620 4587 ἀντιπεσεῖν
636 4534 669 4596 ύις
682 4534 774 4593 ἀτοπύν
790 4555 814 4589 τι
827 4535 927 4607 λέγοντι
944 4540 986 4592 καί
1030 4538 1143 4606 λόντων,
1163 4539 1193 4593 τὰ
1213 4540 1240 4594 δέ
1254 4546 1303 4594 τῶν
1319 4540 1458 4612 κεφαλαίων
1477 4538 1538 4593 αύτά
1555 4539 1620 4611 μόνα
1643 4533 1766 4606 θεραπεύει
1784 4531 1815 4586 τά

201 4608 400 4687 ἐπανορθώσηται
412 4613 472 4666 αύτδ
482 4611 668 4684 ἀπροσποιήτως
678 4614 719 4670 καί
739 4617 820 4686 ὥσπερ
834 4614 983 4684 λεληθότως,
1030 4615 1155 4671 λυποῦντα
1170 4617 1199 4671 τδ
1213 4618 1355 4689 κεφάλαιον.
1393 4619 1428 4671 Τό
1448 4618 1475 4672 δὲ
1487 4620 1569 4688 ὥσπερ
1581 4614 1605 4676 ἐξ
1623 4612 1766 4675 ἆντῑθὲνῑῑνε
1780 4612 1815 4666 εί·

204 4689 367 4765 λνθυποφορά
381 4692 499 4759 δέ,θταν
519 4694 590 4764 μέρος
604 4692 647 4764 μὲν
665 4695 747 4765 ὥσπερ
766 4695 931 4765 καταδέχηται
942 4704 986 4752 τοῦ
1030 4696 1122 4768 λῆφθαι
1138 4697 1167 4751 τδ
1189 4699 1318 4771 προοίμιον
1340 4699 1368 4753 ού
1393 4698 1540 4769 παράδοξον.
1576 4696 1611 4748 To
1632 4693 1680 4764 γάρ
1701 4692 1725 4745 ἐν
1750 4694 1816 4765 μέσιμ

201 4770 338 4844 λεγομένου
351 4773 366 4830 ό
380 4771 515 4844 ἀκροατής,
528 4771 672 4845 ἀμριῦάλλη
688 4773 715 4827 δέ
728 4774 783 4844 περί
798 4774 827 4828 τδ
836 4774 940 4844 λοιπδν,
954 4778 986 4841 ῶς
1030 4776 1102 4850 λόγῳ
1115 4781 1211 4832 κεῖσθαι
1226 4781 1343 4848 πεποίηκέ
1360 4801 1384 4835 τι
1402 4780 1444 4833 καί
1455 4780 1590 4849 ἐναγώνιον
1609 4775 1687 4846 ἔχειν.
1723 4772 1815 4826 Ἰστέυι

203 4849 318 4908 ἐνταῦθα.
356 4853 451 4925 Ὥσπερ
465 4856 530 4916 τινὸς
541 4853 658 4926 λέγοντος
675 4855 714 4907 ότι
730 4876 741 4903 ι
758 4855 839 4918 καλῶς
856 4854 899 4927 μέν
910 4862 986 4912 ταῦτα
1031 4855 1324 4931 δὲύτιήέπιτίμησιςτῷ
1332 4860 1478 4931 συμφέροντι
1492 4856 1617 4929 προσήκει.
1660 4852 1815 4924 Ἐπιτίμησιν

205 4932 313 5004 «λέγεις
331 4933 386 5005 περί
412 4933 553 5001 Φιλίππου,
572 4931 677 5005 ἀκαίρως
696 4934 738 4987 δέ·
756 4932 785 4987 ού
807 4934 855 5005 γάρ
876 4934 987 5004 εἰσῆλθες
1031 4935 1057 4989 δέ
1071 4935 1131 4990 αύτδ
1150 4936 1236 5005 εἶπεν,
1256 4937 1314 4991 ἀλλ’
1337 4937 1366 4990 ού
1379 4938 1519 5010 λοιδορίαν·
1542 4936 1572 4990 τδ
1587 4935 1630 5007 μίν
1643 4933 1691 5007 γὰρ
1710 4932 1815 5002 ύύρίίῑῑν

205 5032 216 5059 ι
233 5012 377 5083 καταλέγειν
389 5011 451 5083 ημῖν
465 5011 496 5066 τά
510 5011 651 5077 Φιλίππου,
662 5011 729 5065 ἀλλὰ
741 5013 766 5066 τί
779 5014 881 5086 δεῖπερί
897 5013 986 5069 Ὀλυν-
1031 5016 1104 5070 παντί
1117 5015 1210 5089 ῥᾴδιον,
1227 5018 1256 5071 εδ
1271 5018 1298 5072 δὲ
1309 5016 1432 5090 ἐπιτιμᾶν,
1445 5018 1504 5088 ὅπερ
1523 5016 1575 5071 ἐστί
1588 5016 1760 5074 νουθετοῦντος
1774 5011 1816 5064 καί

206 5091 300 5155 κθίους
311 5097 425 5159 ποιῆσαι,
442 5116 453 5142 κ
469 5091 569 5164 ἐπάγει,
589 5093 630 5145 καί
647 5097 723 5147 ταῦτα
741 5094 853 5166 χρήσιμα
871 5096 929 5167 πρδς
941 5096 985 5165 τήν
1032 5095 1071 5150 ἐπί
1089 5096 1257 5152 λυσιτελοῦντι
1277 5098 1317 5151 καί
1336 5102 1398 5171 τιμῆ
1420 5104 1469 5152 τῶν
1492 5095 1631 5149 ἀκουόντων
1647 5094 1773 5164 λέγοντες,
1787 5089 1816 5143 ού

202 5175 326 5241 παροῦσαν
335 5171 459 5226 ύπόθεσιν.
501 5171 631 5235 ’λντίθεσις
645 5172 685 5238 δέ,
697 5175 756 5226 όταν
769 5172 818 5227 ἀπό
833 5194 897 5239 τινος
915 5196 986 5248 κεφα-
1031 5179 1120 5240 παντός
1141 5178 1223 5243 ἐστιν,
1236 5174 1303 5231 ἀλλά
1320 5181 1399 5250 μόνου
1415 5183 1459 5232 τοῦ
1476 5182 1625 5237 σκοποῦντος
1642 5175 1672 5228 τ“ο
1692 5170 1816 5233 λυσιτελὲς

202 5247 274 5302 λαίου
288 5250 407 5323 όρμᾶται,
425 5250 539 5305 οἷονάπδ
552 5253 662 5318 δικαίου,
677 5254 911 5325 ῆσυμφέροντος,ή
923 5277 987 5323 τινος
1031 5264 1080 5311 τῶν
1095 5256 1244 5313 ἀκουόντων.
1285 5257 1388 5321 Ἄλλως.
1430 5256 1558 5319 ’λντίθεσις
1578 5253 1626 5309 άπδ
1643 5256 1686 5306 τοῦ
1703 5252 1814 5316 δικαίου,

203 5334 252 5384 τῶν
271 5332 406 5398 τοιούτων,
417 5332 461 5385 ίνα
473 5331 499 5386 δέ
516 5331 549 5406 μὴ
562 5338 686 5405 προσκορῆ
698 5334 741 5388 τδν
760 5334 838 5406 λόγον
853 5335 986 5408 ἐργάζηται
1032 5335 1086 5393 οἷον
1097 5356 1103 5367 ·
1116 5337 1174 5390 ἀλλ’
1186 5336 1214 5391 σύ
1225 5338 1308 5391 δίκαια
1323 5340 1414 5404 ποιεῖς,
1436 5332 1458 5392 ὦ
1471 5337 1636 5408 Δημόσθενες,
1654 5334 1729 5405 μόνον
1746 5331 1809 5387 ἐπιτι
