3967 5967
233 491 291 545 54⁸
766 481 907 542 ΣΧΟΔΙΑ
930 480 994 542 ΕΙΣ
1014 481 1292 543 ΔΗΜΟΣΘΕΝΗΝ.

230 611 329 683 ῥήτορες
347 611 363 679 ή
380 610 537 682 άμαρτάνειν.
575 608 640 664 Εἶτα
653 610 678 664 ίν
690 615 726 683 τῷ
739 612 806 684 μίσιρ
819 613 1004 677 κατασκευάζει,
1051 612 1173 684 προοιμίῳ
1193 616 1359 683 σπερματικῶς
1378 609 1424 677 τὴν
1438 609 1523 665 ἑαυτοῦ
1536 613 1651 682 γνώμην,
1667 613 1706 667 δτι
1721 612 1764 667 δεῖ
1774 614 1832 678 τούς

231 698 295 755 πῶςς
311 689 356 757 τήν
367 690 479 745 ύπόθεσιν
490 689 549 761 ύμῖν
558 690 715 761 παριστάντες
729 691 770 744 καί
785 690 1004 761 συμόουλιύοντες,
1052 694 1199 762 στρατιώτας
1215 691 1277 744 κατὰ
1291 694 1376 762 χώραν
1389 692 1479 763 μένειν,
1494 692 1535 744 καλ
1549 691 1578 745 τθ
1590 694 1775 764 προηγούμενον
1787 699 1832 748 τσύ

232 769 287 841 περὶ
301 762 329 834 ής
343 768 384 822 καί
396 768 468 839 ύμιῖς
487 767 641 838 βουλεύεσθε·
673 768 831 837 βουλεύονται
849 767 930 822 δθνύν
953 769 1007 839 περί
1052 771 1130 841 λόγου
1155 772 1225 841 μόρος
1239 771 1305 842 αύτῷ
1321 772 1482 841 κατανείμας,
1499 771 1524 825 ἐν
1537 776 1574 842 τῷ
1590 772 1694 844 δευτίρφ
1707 773 1782 827 πάλιν
1799 773 1833 827 τό

232 852 276 900 τοῦ
296 845 481 917 τιμωρήσασθαι
498 844 639 910 Φίλιππον,
661 844 718 898 ἀλλ’
734 846 792 917 ούχί
812 843 857 912 τήν
873 840 948 899 ούσαν
966 847 1008 899 καί
1053 848 1188 919 λειπόμενα
1201 848 1244 900 δύο
1258 850 1317 918 μίρη
1332 848 1494 919 περιείληφεν.
1506 850 1609 903 TCFV.

232 925 313 993 άληθῆ
333 924 457 979 ύπόύεσιν.
495 923 563 977 ίίατά
585 927 669 978 κοινού
687 925 733 990 τδ,
752 928 910 997 παριστάντες
930 927 1006 998 ύμῖν,
1088 944 1139 997 29.
1153 930 1179 982 8.
1193 926 1294 992 Πολλῆς
1302 927 1539 998 φροντίδος]Φοόεῖ
1549 927 1634 989 αύτούς
1642 928 1716 981 πάλιν
1726 928 1834 996 λεληθό·

231 1003 386 1070 ήτιςίστὶτδ
400 1002 1009 1077 βουλεύσασθαι,όπωςθνπρῶτονσώσωμιντοὶνς
1053 1026 1114 1071 τως,
1132 1002 1268 1075 ίναμήώς
1281 1004 1421 1075 ίτυγενίπί
1436 1006 1579 1067 Μακεδόνας
1594 1006 1736 1077 χωρήσωσι.
1773 1009 1833 1061 Δια-

235 1082 385 1146 Ὀλυνθίους.
424 1081 496 1135 ’Ἐστι
509 1080 536 1135 θλ
555 1083 636 1153 ὥσπερ
648 1083 807 1156 συμπάρασμα
822 1087 867 1138 τού
880 1086 1008 1156 προοιμίου
1053 1085 1118 1156 φίρει
1128 1083 1155 1137 δὲ
1168 1087 1212 1137 τού
1225 1085 1321 1153 πρώτου
1341 1083 1469 1155 προοιμίου
1486 1083 1515 1137 τθ
1528 1085 1650 1155 δεύτερον,
1665 1084 1687 1137 εί
1707 1087 1748 1138 καλ
1761 1088 1838 1157 φούεῖ

232 1162 272 1216 διά
285 1163 416 1218 πλειόνων.
431 1163 512 1216 ch.
1054 1163 1140 1224 αύτούς
1152 1162 1178 1216 ίν
1190 1162 1308 1234 θκατίριμ,
1323 1163 1362 1217 ότι
1375 1160 1401 1215 ίν
1415 1163 1458 1234 μὶν
1471 1169 1507 1235 τῷ
1523 1165 1613 1235 πρώτιρ
1630 1163 1655 1225 ἐξ
1675 1163 1836 1235 ίπιτιμήσεως

267 1244 312 1305 28,
329 1243 356 1295 8.
368 1238 419 1305 Τήν
428 1239 560 1308 ύπόθεσιν]
573 1238 670 1309 Σφόδρα
685 1239 768 1310 βιαίως
780 1241 824 1294 τόν
834 1242 912 1312 δῆμον
923 1261 1009 1295 κοινω-
1055 1241 1144 1313 ήρξατο
1158 1247 1208 1295 τῶν
1219 1240 1338 1311 ῥητόρων,
1353 1239 1457 1295 ίνταύθα
1470 1241 1496 1295 a}
1509 1244 1590 1312 μόνως
1602 1243 1683 1313 ροόεῖ.
1698 1244 1778 1298 ίίίίὸ.

233 1319 275 1371 νδν
296 1321 339 1384 τῆς
355 1316 441 1371 ἑαυτοῦ
458 1318 560 1387 γνώμης
580 1315 706 1384 ίποίησεν,
719 1316 777 1388 ύπὲρ
789 1316 825 1372 ών
839 1318 910 1382 αύτδς
924 1321 1010 1390 μέλλει
1091 1338 1140 1391 29,
1160 1340 1187 1392 9.
1211 1319 1276 1373 Ἀλλ’
1291 1320 1364 1375 ἐκεῖν’
1378 1319 1478 1392 ἀπορῶ]
1493 1319 1544 1386 Τὴν
1558 1321 1628 1374 λύσιν
1641 1328 1690 1375 τῶν
1704 1329 1785 1376 κακῶν
1799 1324 1834 1378 εί·

233 1396 426 1467 συμόουλεύειν,
444 1395 604 1467 περὶτούτων
619 1394 799 1463 εἰσεληλυθέναι
815 1397 893 1468 φήσας
908 1398 1009 1468 βουλευ·
1054 1398 1187 1460 δὼςίόκνεῖ
1198 1397 1376 1468 άποφήνασθαι.
1395 1399 1431 1451 Τό
1444 1397 1471 1451 a&
1486 1420 1498 1448 ε
1512 1400 1567 1452 τίνα
1580 1401 1669 1470 τρόπον
1684 1422 1713 1466 ε,
1728 1407 1836 1473 φανερῶς

233 1477 338 1546 σόμινον
354 1476 397 1530 τόν
419 1475 509 1547 δῆμον.
526 1476 628 1529 BTCV.
655 1474 689 1529 ’ίθ
715 1476 900 1547 τιμωρήσασθαι
919 1476 1010 1541 Φίλςπ-
1054 1477 1107 1546 ήέξ
1122 1476 1230 1545 άπάτης,
1246 1476 1647 1549 μιτάπαρρησίας,ήύρειμιάνως.
1660 1480 1690 1534 Β.

234 1572 290 1607 πον.
302 1556 333 1608 P.
1089 1558 1124 1611 Τθ
1138 1557 1248 1627 δεύτερον
1270 1558 1340 1627 μόρος
1353 1555 1380 1611 ίκ
1392 1561 1436 1611 τού
1455 1558 1509 1629 περὶ
1521 1563 1570 1612 τῶν
1584 1558 1707 1629 θεωρικῶν
1724 1557 1830 1626 θείνησε.

270 1635 318 1699 28,
333 1652 359 1703 9.
378 1630 428 1698 Τήν
442 1627 578 1702 ούσαν]τθ
591 1636 667 1685 σῶσαι
678 1632 733 1693 τούς
744 1630 894 1696 Ὀλυνθίους.
906 1636 937 1688 Ρ.
1055 1636 1202 1690 Διίκνυσιθί
1216 1637 1254 1690 ότι
1267 1633 1311 1701 τήν
1328 1635 1397 1690 λύσιν
1411 1642 1460 1690 τῶν
1477 1642 1558 1689 κακῶν
1578 1635 1648 1698 είθῶς
1659 1635 1836 1709 όκνεῖάποφή-

273 1709 342 1782 Ἐγὼ
356 1709 382 1763 θλ
393 1712 432 1763 ότι
442 1710 485 1782 μίν
495 1708 621 1782 ποτε]ίτε
633 1708 678 1776 τὴν
688 1708 763 1776 ιώτήν
776 1711 872 1765 ἔννοιαν
887 1710 1011 1783 ίξεργάζτ·
1056 1714 1150 1767 νασθαι.
1187 1715 1223 1768 Tb
1236 1715 1288 1769 δίε
1305 1714 1389 1786 άπορῶ
1400 1715 1455 1768 τίνα
1463 1716 1553 1785 τρόπον
1566 1737 1577 1764 ι
1591 1715 1685 1776 πολλάς
1696 1715 1749 1786 ἔχει
1758 1735 1837 1788 σημαι

237 1807 282 1843 ται.
313 1789 432 1857 Δηλοῖδθ
450 1788 506 1851 τοίνς
523 1788 618 1859 καιρούς
631 1786 657 1842 ίν
671 1787 709 1852 οίς
722 1787 862 1862 Ἀμφίπολιν
882 1790 953 1862 εἶχον
968 1792 1011 1845 καί
1057 1792 1123 1857 σίας,
1137 1793 1240 1864 πότερον
1251 1792 1594 1864 φανερῶς,ήτοθναντίονίξ
1614 1791 1836 1864 άπάτηςςπότερον

234 1866 366 1920 Ποτίδαιαν
377 1865 456 1919 καὶτὰ
466 1865 618 1937 θπίθρᾴκης.
628 1867 710 1923 TCV.
1057 1869 1119 1942 μετὰ
1129 1872 1277 1942 παρρησίας,
1291 1871 1307 1937 ή
1321 1871 1468 1942 θφιιμένωςς
1483 1868 1527 1923 ούκ
1542 1867 1596 1924 είπε
1607 1869 1650 1934 δί,
1669 1868 1753 1941 άπορῶ
1763 1873 1787 1924 τί
1797 1873 1840 1926 δεῖ

270 1949 319 2011 28,
340 1963 382 2001 ιο.
405 1943 477 2013 Ἐξῆν
498 1948 529 2017 τῇ
546 1944 636 2016 πόλει]
659 1944 729 2007 Λύσις
751 1950 795 2000 τού
816 1945 1009 2009 ἀντιπίπτοντος.
1055 1950 1148 2022 λίγειν,
1176 1951 1243 2004 άλλά
1265 1956 1316 2013 πῶς
1337 1951 1473 2022 δυνήσομαι
1497 1949 1622 2011 κολάσιος
1647 1948 1716 2012 ίκτθς
1738 1957 1832 2008 πεῖσαι.

234 2027 331 2082 BTCP.
1060 2028 1150 2084 ’ίστίον
1164 2029 1191 2083 δί
1206 2031 1245 2083 ότι
1258 2028 1467 2083 άκατασκεόαστον
1480 2027 1535 2083 είπε
1550 2029 1580 2083 τθ
1595 2030 1732 2101 προοίμιον,
1743 2031 1786 2083 ἵνα
1804 2032 1840 2094 ώς

269 2105 307 2159 Τά
318 2104 408 2176 αύτῆς]
420 2103 479 2157 Δίον
490 2101 578 2167 εἰπεῖν,
589 2103 630 2156 καλ
643 2101 783 2166 Ὀλυνθίους
796 2109 881 2158 σῶσαι.
894 2106 949 2160 ΤΡ.
1057 2106 1258 2177 ὁμολογούμενον
1273 2105 1347 2158 λάθοι
1358 2105 1388 2159 τθ
1406 2108 1445 2160 δτι
1460 2105 1556 2172 πολλής
1572 2105 1698 2176 φροντίδος
1712 2106 1790 2159 δεῖται
1806 2106 1837 2159 τά

271 2188 305 2240 28
313 2224 322 2251 ,
340 2201 382 2238 11.
392 2181 600 2253 Τιμωρήσασθαι]
614 2180 661 2252 οθχ
670 2180 703 2243 ώς
714 2183 919 2253 τιμωρησαμίνων
933 2181 1012 2236 αύτῶν
1057 2187 1198 2258 πράγματα.
1208 2188 1288 2242 TCV.

236 2265 292 2317 τότε
313 2261 355 2316 τθν
380 2260 517 2325 Φίλιππον,
537 2257 594 2310 ἀλλ’
618 2259 651 2321 ὡς
670 2257 778 2322 ίξουσίαν
800 2258 920 2331 ἐχόντων,
947 2259 1014 2331 είπερ
1094 2282 1145 2335 29,
1169 2283 1212 2320 ιο.
1232 2266 1365 2339 Πίπιιαμαι
1382 2264 1450 2336 γάρ]
1467 2264 1605 2327 Τουτίσειν,
1626 2259 1696 2325 ίξῶν
1718 2263 1789 2325 ὠτός
1808 2283 1836 2318 τε

237 2341 419 2409 ήύουλήθησαν.
433 2341 485 2394 FP.
1058 2343 1215 2413 συμόουλεύω
1226 2345 1267 2397 καὶ
1280 2343 1304 2406 ίξ
1317 2340 1352 2395 ὧν
1364 2345 1442 2413 ἕτεροι
1456 2343 1568 2414 λάγουσι
1584 2343 1669 2395 δίδωσι
1677 2341 1725 2412 γάρ
1734 2343 1776 2394 καί
1786 2348 1836 2396 τῶν

272 2423 318 2485 υθ,
334 2434 376 2473 12.
391 2417 446 2472 Ἐπ’
456 2416 515 2488 ίμού
526 2415 594 2490 γὰρ]
610 2414 759 2488 ’Υπερὸατθν
772 2417 826 2472 καθ’
836 2416 970 2489 θπίρθισιν.
983 2418 1012 2470 Β.
1059 2421 1144 2475 άλλων
1161 2422 1270 2493 ῥητόρων
1291 2420 1362 2485 θνίοις
1380 2421 1462 2492 λίγειν
1482 2422 1513 2476 τά
1532 2421 1642 2491 χρήσιμά
1658 2439 1729 2483 ποτε,
1744 2422 1787 2474 ἵνα
1801 2422 1837 2492 μή

274 2500 323 2563 28,
341 2497 383 2551 13.
406 2495 519 2568 Ἱκανόν]
538 2494 661 2567 αὔταρκες.
703 2492 771 2550 Ὦσελ
782 2495 867 2567 ἔλεγε,
884 2498 929 2550 κάν
943 2502 1015 2550 τούτο
1059 2501 1138 2555 πάντα
1149 2501 1183 2563 τίς
1193 2501 1278 2555 ίισιτθν
1290 2499 1389 2572 άνάγων
1404 2500 1516 2573 φορτικός
1529 2498 1593 2553 εἶναι
1603 2502 1672 2571 δοκῇ.
1687 2501 1788 2553 BTCV.
1800 2494 1838 2555 Το

238 2576 357 2642 δυνηθῆτε
376 2578 491 2641 ποιήσαι,
508 2572 589 2637 καλῶς
604 2572 663 2645 ύμῖν
684 2571 737 2644 ἔχει
750 2573 808 2644 πρθς
828 2573 872 2641 τήν
891 2579 1014 2646 παροῦσαν
1059 2582 1146 2651 σχῆμα
1154 2579 1335 2650 προδιόρθωσις.
1347 2582 1401 2636 BF.
1602 2626 1607 2643 ,

238 2655 350 2725 δύναμιν.
362 2654 443 2708 TCV.
1095 2672 1145 2727 ορ,
1162 2658 1204 2711 13.
1218 2653 1262 2722 Μή
1275 2657 1395 2728 συνιίναι]
1406 2655 1546 2726 Σημείωσαι
1557 2656 1595 2708 δτι
1602 2655 1729 2724 διενήνοχε
1739 2653 1834 2714 σύνεσις

273 2730 428 2804 Προλαόεῖν]
438 2730 533 2803 Ὠσπερ
547 2729 586 2785 ίπί
598 2730 707 2801 δρομέων
718 2727 787 2784 εἶπεν
799 2729 962 2804 ίπειγομίνων
975 2731 1016 2783 διὰ
1060 2733 1212 2805 φρονήσεως,
1228 2734 1267 2787 ότι
1285 2732 1300 2800 ἡ
1320 2733 1363 2804 μὲν
1375 2734 1489 2804 φρόνησις
1506 2732 1552 2794 θξις
1569 2732 1620 2786 ίστί
1636 2726 1765 2802 γεννητική
1785 2735 1836 2782 τῶν

239 2811 328 2881 τάχους
338 2811 489 2882 προαρπάσαι
503 2809 532 2862 τθ
546 2805 622 2862 άθλον
633 2808 744 2880 κείμενον
757 2808 782 2864 ίν
795 2811 875 2882 με’σιμ,
887 2811 931 2864 ἵνα
940 2806 1016 2864 ἆθλον
1061 2812 1158 2867 οίκοθεν
1176 2812 1315 2884 λογισμῶν,
1328 2811 1345 2879 ή
1359 2812 1386 2865 δί
1404 2814 1497 2874 σύνεσις
1514 2812 1560 2874 ίξις
1576 2808 1673 2876 δεκτοεὴ
1689 2815 1738 2863 τῶν
1750 2806 1839 2870 ἔξωθεν

241 2890 284 2960 μὶν
296 2889 424 2961 νοήσωμεν
436 2887 480 2954 τὴν
493 2887 627 2951 Ὀλυνθον,
641 2889 743 2959 δρομίας
757 2888 783 2942 δθ
793 2888 919 2945 Φθιππόν
934 2909 960 2944 τε
974 2889 1018 2942 καί
1061 2891 1198 2963 λογισμῶν.
1212 2892 1330 2944 ΒἸὮΓΡ.

244 2967 387 3038 Ἀθηναίους.
397 2970 477 3025 TCV.
517 2965 560 3030 Ὧς
568 2966 608 3021 ίπθ
620 2968 730 3039 δρομίων
743 2966 797 3022 εἶπε
807 2966 851 3035 τήν
863 2969 937 3032 λάξιν.
950 2973 979 3024 Β.
1101 2970 1167 3034 ’Δξιῶ
1175 2970 1202 3024 δί
1211 2970 1288 3041 ἱμάς]
1296 2970 1339 3022 Ἐν
1347 2974 1377 3042 τῇ
1386 2968 1481 3032 άξιώσει
1490 2970 1605 3040 κέχρηται
1614 2971 1646 3040 τῇ
1656 2967 1838 3039 προδιορθώσει.

276 3064 325 3117 29,
343 3065 367 3102 1.
386 3045 436 3113 Τὴν
451 3046 568 3118 πρώτην]
586 3044 630 3111 τὴν
643 3043 722 3116 ἀρχὴν
738 3046 862 3114 δηλονότι·
877 3047 955 3120 ἀρχὴν
970 3049 1018 3121 γάρ
1063 3051 1160 3104 BTCP.
1178 3049 1240 3103 Ἀντί
1255 3053 1299 3103 τού
1313 3049 1378 3111 άξιον
1393 3049 1497 3120 νομίζω·
1518 3049 1624 3110 σπανίως
1641 3047 1690 3118 γάρ
1706 3046 1839 3117 εύρίσκετεεε

242 3125 318 3179 καλεῖ
327 3125 439 3179 τθσῶσαι
451 3125 508 3186 τούς
520 3122 671 3189 Ὀλυνθίους,
682 3123 751 3186 τέλος
761 3124 787 3179 δί
796 3125 825 3179 τό
836 3128 1019 3198 τιμωρήσασθαι
1063 3128 1128 3200 παρά
1141 3130 1193 3190 τοῖς
1209 3126 1324 3195 Ἀττικοῖς
1334 3128 1363 3181 τδ
1377 3126 1436 3189 άξιώ
1449 3125 1504 3180 άντί
1515 3120 1559 3179 τού
1569 3124 1711 3196 παρακαλῶ.
1726 3126 1757 3177 B.

242 3204 379 3258 Φίλιππον.
391 3203 467 3255 ἹὈΡ.
1099 3223 1133 3277 29
1142 3246 1151 3270 ,
1175 3212 1218 3265 τό.
1242 3205 1329 3277 Ὁρᾶτε
1344 3205 1411 3277 γάρ]
1435 3203 1597 3276 ίίροσεμόολή
1617 3208 1661 3257 τοῦ
1674 3204 1842 3273 συμφόρονπος

278 3297 327 3352 29,
343 3297 369 3334 ο.
393 3279 452 3333 Ἐάν
462 3279 510 3352 γάρ
520 3284 593 3334 τούτο
610 3279 728 3352 βεύαίως]
740 3280 774 3333 Tb
784 3280 827 3352 μὲν
836 3281 918 3355 λε’γειν
929 3283 963 3345 ὣς
976 3284 1020 3338 οθκ
1064 3285 1206 3356 κεφαλαίου.
1220 3287 1255 3339 Β.
1273 3282 1401 3338 Ἐντεῦθεν
1418 3281 1484 3354 αύτῷ
1494 3285 1609 3354 γεννᾶται
1626 3281 1655 3335 τό
1672 3281 1752 3350 τρίτον
1768 3280 1840 3350 μόρος

243 3360 337 3414 ίσωσαν
359 3358 500 3423 Ὀλυνθίους
517 3358 693 3431 ἀναίσχυντον·
712 3358 812 3413 καθεῖλε
826 3359 853 3414 δί
870 3360 929 3415 αύτδ
943 3361 1021 3433 φήσας
1064 3363 1094 3417 τθ
1106 3366 1148 3429 τῆς
1161 3361 1321 3434 ἐπιτιμήσεως
1332 3367 1381 3415 τῶν
1395 3363 1437 3413 νύν
1450 3358 1654 3430 πολιτευομένων.
1670 3358 1769 3411 BTCV.

244 3439 282 3492 δτι
300 3436 328 3491 ού
347 3438 457 3509 βεόαίως.
495 3437 572 3494 Ὥστε
586 3436 680 3508 άνάγκη
697 3439 775 3509 μίνειν
794 3438 856 3491 κατὰ
870 3442 954 3510 χώραν
976 3439 1020 3505 τήν
1101 3458 1150 3512 29,
1167 3459 1210 3510 ¹7·
1232 3439 1342 3511 Ἐνίους]
1357 3439 1413 3500 τούς
1423 3439 1550 3510 προδότας.
1564 3440 1595 3491 Β.

244 3519 356 3589 δύναμιν.
369 3518 471 3571 BTCV.
507 3516 566 3571 Δίον
579 3515 655 3571 είπεῖν
672 3516 714 3569 καί
731 3514 872 3580 Ὀλυνθίους
888 3523 973 3572 σῶσαι.
988 3520 1019 3573 C.
1100 3536 1149 3589 ορ,
1167 3522 1209 3574 18.
1224 3516 1368 3589 Ἀναγκαῖον
1381 3517 1403 3569 δ’
1415 3516 1600 3588 θπολαμόάνω]
1616 3512 1786 3579 Μιτελήλυθεν
1803 3508 1843 3564 ίν-

281 3597 327 3648 Kal
340 3596 394 3667 περὶ
406 3599 448 3648 τού
461 3596 516 3649 τίνα
528 3595 635 3667 τρόπον]
652 3595 698 3647 ίίαί
711 3593 737 3649 ίν
751 3597 880 3668 τῷτρόπιμ
891 3601 933 3664 τῆς
945 3617 1022 3669 τιμω-
1066 3599 1144 3651 ταύθα
1155 3595 1188 3659 είς
1201 3596 1261 3650 αύτθι
1274 3595 1306 3649 τά
1316 3595 1444 3667 κεφάλαια.
1482 3595 1529 3647 ίίαθ
1542 3594 1608 3647 ἔστιν
1619 3593 1698 3646 αύεῶν
1711 3590 1740 3644 τθ
1753 3589 1843 3659 συμφά-

229 3676 296 3747 ,ρίας
308 3675 490 3746 ἁμαρτάνοντας
503 3675 607 3727 δείκνυσι
620 3674 676 3735 τοίις
690 3673 805 3745 ῥήτορας·
820 3675 879 3746 φησί
889 3674 952 3747 γάρ,
966 3677 1022 3729 τότε
1067 3694 1109 3747 ρον
1125 3675 1296 3746 ἐξεταζόμενον
1305 3674 1346 3727 καί
1357 3674 1386 3728 τθ
1396 3674 1579 3746 προηγούμενον
1589 3673 1668 3743 μέρος,
1681 3670 1783 3739 πότερον
1793 3664 1844 3737 χρὴ

246 3752 336 3815 ίξίσται
347 3752 390 3806 τθν
398 3752 487 3822 τρόπον
501 3753 609 3806 σκοπεῖν.
630 3750 763 3806 Αίνίττεται
776 3751 802 3805 a!
813 3754 851 3805 ότι
863 3753 924 3806 κατὰ
937 3753 1025 3806 θάλατ-
1068 3754 1147 3825 μίνειν
1166 3752 1190 3806 ίν
1209 3752 1321 3824 Ὀλύνθῳ
1337 3750 1382 3818 τὴν
1399 3754 1512 3823 δύναμιν,
1526 3752 1542 3818 ἢ
1557 3750 1670 3821 μετάγειν
1682 3748 1714 3811 εἰς
1729 3745 1774 3814 τήν
1788 3746 1844 3800 δία·

246 3850 290 3886 ταν
305 3830 417 3887 ίπελθεῖν
430 3829 480 3901 χρὴ
493 3835 528 3901 τῷ
538 3830 673 3899 Φιλίππῳ,
688 3830 730 3883 καί
749 3829 846 3884 κλεῖσαι
858 3831 890 3885 τά
903 3830 1021 3904 ἐμπόρια,
1068 3832 1189 3885 κεδονίαν.
1202 3832 1327 3884 ARTCV.

248 3910 307 3978 θπερ
318 3907 388 3969 αύτθς
400 3907 499 3976 ύστερον
516 3906 541 3961 ἔν
555 3911 592 3978 τῷ
604 3907 712 3980 τετάρτῳ
725 3908 920 3962 συνεόούλευσιν.
940 3910 1022 3965 TCV.
1103 3925 1153 3979 ορ,
1176 3925 1221 3965 20.
1240 3908 1389 3980 Μάμνησθι]
1403 3906 1593 3979 ύιηγημιιτικόν.
1608 3905 1661 3958 Bc.
1682 3902 1809 3955 Ἐντεῦθεν
1819 3901 1844 3953 οί

283 4001 333 4055 29,
356 3985 382 4040 θ.
403 3984 463 4055 Πρὶν
477 3983 503 4037 δί
522 3982 567 4049 τήν
589 3982 690 4056 ἀρχὴν]
710 3982 853 4039 ’λκόλουθον
865 3989 896 4059 τῇ
910 3986 934 4050 ίξ
947 3986 1025 4059 ἀρχῆς
1069 3986 1171 4058 άγώνες·
1181 3984 1568 4058 τθδίκεφάλαιονδιηγηματικδν
1580 3984 1801 4054 τούσυμφίρονεος.
1812 3983 1844 4034 Β.

248 4063 362 4132 προτάσει
374 4061 403 4115 τθ
416 4062 593 4134 σνμπίρασμα·
610 4062 666 4115 τότε
679 4061 727 4133 γάρ
740 4062 796 4125 τούς
811 4061 912 4136 ῥήτορας
931 4067 1024 4136 μεμφό·
1070 4064 1157 4116 Πεῖσαι
1177 4062 1324 4133 βουλόμενος
1344 4062 1400 4124 τούς
1423 4060 1559 4129 Ἀθηναίους
1585 4058 1655 4114 ίιῖσαε
1678 4058 1758 4129 μίνειν
1783 4057 1846 4110 κατά

251 4161 336 4213 μενος,
358 4142 397 4196 ότι
408 4141 490 4212 Ιίτερει
505 4139 558 4193 ἀνθ’
580 4139 667 4211 ίτίρων
685 4141 892 4213 συμόουλεύουσι,
908 4148 950 4196 νύν
967 4163 1026 4214 φησι
1069 4143 1153 4213 χώραν
1163 4139 1207 4207 τὴν
1216 4142 1318 4212 δύναμιν
1329 4141 1538 4212 παραδειγματικῇ
1547 4140 1626 4192 πίστει
1635 4139 1760 4208 κίχρηταυ
1777 4135 1846 4189 πιθα·

251 4222 353 4291 μάταιον
368 4218 432 4275 εἶναι
441 4219 644 4292 περίτούτίλους
656 4221 766 4286 σκοπεῖν,
777 4219 856 4292 ἀρχὴν
870 4221 912 4293 μίν
922 4220 966 4288 τὴν
977 4229 1025 4277 τῶν
1070 4220 1163 4291 νωτίρα
1171 4218 1219 4290 γάρ
1231 4224 1315 4272 πασῶν
1328 4224 1377 4271 τῶν
1387 4216 1645 4283 πίστεωνὴτιοιαύτη.
1671 4215 1715 4268 ύιθ
1728 4214 1770 4266 καὶ
1786 4211 1848 4266 ’100-

250 4301 388 4372 συμμάχων
402 4300 533 4371 σωτηρίαν,
548 4298 617 4361 τίλος
627 4297 654 4352 δί
666 4297 712 4365 τὴν
722 4298 847 4354 Φιλίππου
859 4300 1026 4373 καταστροφὴν
1071 4299 1158 4369 κράτης
1168 4298 1210 4371 μίν
1221 4298 1383 4368 πιθανώτερος
1391 4296 1455 4350 εἶναι
1464 4298 1542 4361 δοκεῖ,
1555 4294 1699 4367 περιττεύων
1711 4295 1764 4356 τοῖς
1773 4312 1848 4363 παρα-

251 4376 316 4431 εἷναι
331 4378 461 4441 διδάσκων.
498 4377 533 4439 n
548 4376 574 4432 δί
588 4379 746 4450 συμπέρασμα
757 4378 882 4450 γνωμικθν
895 4380 925 4433 δν
935 4378 1027 4452 σεμνὴν
1069 4378 1201 4448 δείγμασι,
1217 4375 1371 4445 Δημοσθένης
1381 4375 1408 4429 δὲ
1422 4375 1498 4446 βίαιος
1510 4374 1665 4441 ύπείληπται,
1682 4377 1724 4425 νύν
1740 4371 1782 4442 μὲν
1793 4374 1845 4432 τοῖς

250 4455 295 4524 τήν
311 4457 380 4528 βάσιν
393 4460 436 4511 τού
447 4458 577 4529 προοιμίου
592 4457 717 4525 πεποίηκε.
755 4459 800 4510 Δεῖ
812 4457 859 4530 γάρ
878 4457 904 4513 ίν
918 4458 960 4530 μίν
974 4463 1029 4522 ταῖς
1072 4453 1232 4525 ἐνθυμήμασι,
1240 4457 1282 4506 νύν
1294 4452 1320 4506 δὲ
1331 4447 1606 4523 παραδείγμασιν,αθθις
1617 4450 1642 4504 δί
1652 4450 1758 4521 ίντίγνιρ
1769 4451 1848 4503 πίστει

252 4535 340 4608 άρχαῖς
352 4542 400 4591 τῶν
416 4537 551 4609 προοιμίων
563 4535 595 4589 τό
607 4536 722 4608 γνωμικά
735 4537 908 4608 φυλάττεσθαι·
923 4538 965 4590 καί
980 4537 1028 4610 γάρ
1047 4528 1052 4560 ¹
1071 4534 1205 4604 χρώμενοί·
1229 4531 1378 4585 AR'FCFV·
1414 4531 1494 4583 Τῠθῖθ
1513 4548 1576 4591 τῑῖῑς
1589 4529 1768 4601 ἆμαρῒύίῡντῑό
1786 4527 1845 4580 ὓπί·

252 4616 344 4686 άγονον
363 4614 405 4668 καί
418 4614 597 4687 άρχαιότροπον
611 4616 654 4670 τόν
674 4616 752 4687 λόγον
769 4616 885 4669 δεικνύει·
903 4621 937 4687 τῷ
950 4615 977 4669 δὲ
990 4614 1030 4669 ίπί
1073 4612 1163 4678 νόησαν
1179 4607 1244 4663 εἶναι
1257 4609 1380 4681 διήγησιν,
1397 4608 1560 4681 ἀγνοήσαντες
1572 4609 1605 4671 ώς
1618 4606 1644 4661 ίν
1653 4606 1850 4678 συμόουλευτεκῷ

169 4708 181 4715 ’·
252 4694 317 4748 τίλει
334 4700 452 4766 γνωμικῶ
468 4693 679 4765 ίπισφραγίζεσθαι
701 4695 756 4756 τούς
770 4692 795 4748 ίν
810 4697 876 4767 μέρει
895 4694 1030 4766 λογισμούς
1072 4690 1143 4760 λθῖφ
1155 4688 1293 4759 διίίΥῑίσθύῑ
1306 4687 1350 4740 Οὔκ
1366 4687 1450 4750 ffum-
1466 4689 1519 4740 ΑΒ·

253 4770 404 4843 τῇκαθόλου
416 4772 550 4844 προσθήκη.
566 4773 667 4827 BTCV.
1109 4782 1159 4836 αφ,
1174 4782 1218 4821 αι.
1238 4766 1325 4836 Τρίτον
1341 4766 1482 4837 ήτέταρτον
1495 4765 1564 4836 ίτος]
1584 4763 1630 4835 πρό
1648 4767 1720 4834 τριιῖιν
1735 4760 1849 4827 ἢτεσσά·

289 4863 340 4917 29,
357 4849 381 4901 ό.
402 4850 482 4920 Λόγον
497 4848 599 4904 ίνταύθα
611 4847 656 4915 τήν
673 4846 812 4918 συμόουλήν
824 4848 904 4902 καλεῖ.
917 4848 993 4902 m).
1074 4865 1123 4918 ρων
1135 4843 1206 4898 ίτῶν.
1219 4844 1247 4897 Β.

291 4923 324 4978 Ὀ
338 4927 382 4998 μὲν
400 4922 444 4979 σύν
463 4927 546 4999 παρὼν
561 4927 659 4999 καιρός]
672 4927 788 4998 Δεύτερον
806 4929 933 4999 προοίμιον
946 4925 973 4981 ίκ
987 4930 1031 4979 τού
1110 4940 1159 4993 29,
1177 4939 1221 4977 οε.
1244 4920 1348 4994 Ἡραῖον
1361 4924 1463 4995 τεῖχος]
1477 4923 1639 4995 πολισμάτιον
1653 4918 1783 4991 Θρᾳκικόν.
1792 4918 1849 4971 ‘m

256 5002 400 5075 άναγκαίον.
437 5005 591 5077 λαμόάνεται
608 5005 634 5058 δὲ
654 5004 678 5067 ἔξ
691 5003 832 5076 ύπολήψιως
847 5011 895 5058 τῶν
917 5004 1031 5076 πραγμά-
1110 5019 1160 5073 29,
1183 5003 1227 5056 οδ.
1256 5002 1469 5074 Μαιμακτηριών]
1489 5003 1548 5057 Κατ’
1569 5000 1672 5073 ίμρασιν
1689 4999 1790 5071 μείζονα
1808 5000 1851 5063 τῆς

255 5100 305 5136 των
316 5083 414 5154 φαύλων
426 5085 515 5139 όντων.
529 5085 584 5139 ΑΒ.
602 5083 773 5138 ’λκατάακευον
787 5084 816 5136 τό
830 5084 940 5155 δεύτερον
952 5084 1033 5154 προοί-
1076 5082 1181 5147 σπουδῆς
1192 5082 1271 5134 κεῖται
1280 5080 1309 5133 εδ
1320 5081 1399 5151 όνομα
1410 5084 1454 5134 τού
1464 5082 1548 5153 μηνός.
1585 5079 1657 5133 Θίλει
1667 5077 1715 5148 γάρ
1726 5075 1801 5130 εἰπεῖν
1811 5076 1851 5127 δτι

257 5179 313 5231 μιον
331 5159 409 5228 ε’ίπιν,
431 5163 474 5216 ἵνα
486 5162 520 5225 ώς
532 5161 733 5235 ὁμολογούμενον
756 5161 821 5236 λάόη
838 5163 867 5217 τδ
886 5163 924 5216 ότι
937 5163 1033 5230 πολλῆς
1076 5160 1118 5214 καί
1128 5164 1249 5231 χειμῶνος
1263 5159 1333 5221 όντος
1346 5159 1389 5222 τάς
1399 5163 1456 5222 ναῖς
1468 5160 1593 5213 καθέλκειν
1612 5156 1767 5229 ἐψηφίσασθε.
1805 5152 1852 5204 ίίαλ

256 5241 381 5310 νροντίθος
391 5242 469 5296 δεῖται
477 5240 508 5296 τά
516 5242 656 5313 πράγματα.
665 5244 696 5299 Β.
710 5240 854 5314 Ἐκθίμενος
865 5241 1033 5314 ίντῷπρώτῳ
1076 5238 1124 5311 γάρ
1140 5238 1308 5309 χειμερινδςό
1329 5239 1388 5309 μήν.
1407 5240 1436 5295 λ.
1478 5236 1588 5304 Ἀπδτής
1606 5235 1743 5307 μαιμάξεως
1757 5235 1850 5305 μαιμά·
