3967 5967
237 518 294 568 6³2
775 509 916 569 ΣΧΟΛΙΑ
940 510 1005 570 ΕΙΣ
1026 511 1302 573 ΔΗΜΟΣΘΒΝΗΝ.

236 639 303 693 άλλδ
328 660 373 695 κατ
407 640 554 712 ἐνδοιασμδν
579 637 623 707 τὴν
647 642 750 712 γνώμην
773 641 852 697 αύτῶν
879 640 1017 715 ἐκθέμενος.
1066 642 1140 698 πάλιν
1162 642 1247 705 ἐξιέναι
1258 643 1379 715 πόλεμον.
1421 642 1450 699 ‘0
1467 643 1494 699 δέ
1508 646 1632 718 θεώρησον
1652 648 1717 711 ὅπως
1734 649 1806 705 ἔλυσε
1820 656 1849 711 τὸ

239 716 338 783 Ἐπειδὴ
352 718 378 772 δὲ
393 717 420 772 ἐκ
434 724 482 771 τῶν
496 718 555 789 πρδς
571 718 657 782 αύτούς
670 719 833 792 ἐγκλημάτων
849 725 963 792 μισοῦσι,
978 722 1020 774 καὶ
1064 723 1152 775 δοκοῦν
1176 722 1289 793 ἐπαχθές.
1328 721 1371 789 Μὴ
1392 722 1441 795 γδιρ
1461 726 1607 780 κινδυνεύειν
1626 726 1688 798 ύμᾶς
1708 728 1848 804 ἐκέλευονή

237 800 310 849 τοῦτο
322 796 436 848 σύστασιν
447 794 501 865 ἔχει
513 802 562 849 τῶν
578 794 723 850 Ὀλυνθίων.
762 797 792 849 Et
804 797 852 869 γάρ
867 802 964 870 μισοῦσι
979 799 1020 852 τδν
1063 802 1193 873 πολεμεῖν,
1208 802 1274 855 άλλδι
1283 802 1387 857 πλεῦσαι
1397 804 1440 857 καί
1449 804 1602 875 παραλαόεῖν
1616 805 1660 874 τήν
1670 808 1753 878 πόλιν,
1768 816 1849 889 ὥσπερ

236 876 362 930 Φίλιππον
384 875 415 927 δι’
437 876 498 946 άπερ
522 875 605 939 αθτυῗε
629 875 748 948 ἐγκαλεῖ,
770 878 895 948 πρόδηλον
921 879 954 941 ὡς
975 877 1019 931 οὔκ
1064 881 1100 953 ἐφ’
1115 883 1213 954 ἕτοιμον
1227 882 1311 954 καιρδν
1323 884 1365 935 καί
1381 881 1509 937 ἀκίνδυνον
1523 882 1610 947 αύτούς
1627 886 1850 962 έκκαλούμινος,ό

235 955 369 1019 άδικούσιν,
381 953 448 1006 ἀλλὰ
461 956 541 1026 μάτην
553 954 719 1024 πολεμοῦνται
733 957 774 1008 καί
782 956 823 1008 διδ
833 959 905 1009 τούτο
918 956 1019 1027 βεθαίαν
1063 980 1092 1032 γε
1103 961 1207 1016 πλεῦσαι
1218 961 1299 1022 λέγων
1311 962 1352 1016 καί
1364 963 1527 1034 παραλαθεῖν.
1540 965 1616 1021 HRS.

236 1035 322 1106 έχουσι
336 1033 381 1100 τὴν
395 1033 497 1105 ἔχθραν.
517 1037 548 1087 Β.
567 1032 695 1105 Ἀναίρεσις
706 1039 749 1101 τῆς
764 1035 906 1099 ἀντιθέσεως
918 1039 961 1103 τῆς
981 1038 1020 1091 ότι
1102 1038 1301 1115 Ἀμφιπολιτῶν]
1328 1042 1417 1114 Κτῆμα
1437 1042 1485 1114 γὰρ
1502 1041 1635 1112 Ἀθηναίων
1659 1046 1676 1115 ἦ
1699 1046 1846 1123 mmm

234 1113 280 1167 ούκ
292 1113 382 1175 οἰκεῖος
396 1110 410 1164 ό
423 1111 541 1182 πόλεμος.
554 1112 596 1175 Τίς
613 1112 661 1184 γδιρ
674 1113 704 1164 ἂν
720 1112 757 1166 ἔτι
775 1114 921 1186 τολμήσειεν
940 1114 1018 1168 ἂλλό·
1063 1120 1138 1175 HRS,

233 1212 300 1266 τριον
314 1194 397 1264 λέγειν
409 1191 494 1256 αύτδν,
506 1191 558 1245 ἐπεί
575 1196 663 1245 τοῦτον
676 1192 764 1255 πάντες
776 1192 893 1258 ἐπόθουνς
907 1195 942 1254 C.
1101 1216 1148 1265 11,
1166 1216 1208 1256 τυ.
1230 1199 1391 1273 Κελεύοντες]
1404 1202 1605 1273 προτρεπόμενοι.
1618 1205 1669 1257 ΒΡ.

272 1291 314 1338 11,
328 1273 353 1327 3.
378 1270 531 1343 Ἀνείλοντο]
549 1269 661 1324 άντὶτοῦ
676 1269 806 1326 άνέλαόον.
821 1276 851 1326 Ρ.
1101 1295 1143 1343 11,
1162 1284 1203 1344 νή,
1228 1278 1311 1352 Ὗμῶν
1327 1281 1406 1334 αὖςῶν
1423 1283 1639 1353 mmmm&
1653 1284 1707 1341 εἶπε
1721 1294 1847 1361 mul„

271 1370 313 1416 τι,
330 1352 356 1406 5,
381 1348 480 1416 Ἐπειδὴ
492 1351 514 1402 δ’
531 1349 558 1403 ἐκ
571 1351 636 1422 τῶν]
652 1348 729 1421 ήγουν
745 1348 862 1405 Ἀττικόν.
879 1354 910 1407 C.
1063 1357 1210 1431 ἣπόλεμην,
1223 1358 1290 1413 ἀλλὰ
1303 1361 1450 1433 προθυμίαν,
1469 1361 1503 1422 ὡς
1514 1363 1588 1433 μέχρι
1608 1368 1652 1416 τοῦ
1665 1366 1788 1439 τολμῆσα,
1803 1375 1848 1443 μη,

272 1449 315 1497 11,
331 1451 357 1503 7·
369 1429 405 1482 Οὗ
416 1428 508 1501 δῑῗδῆ]
520 1428 695 1496 Σθστύσαςῐῆν
706 1432 865 1502 γνώμηντῶν
878 1429 1018 1485 Ὀλυνθίων
1064 1456 1105 1489 νον
1120 1438 1190 1501 ὄντος
1200 1443 1244 1493 τού
1256 1441 1420 1510 κατορθῶσαι.
1451 1440 1499 1493 Kal
1507 1441 1532 1493 τί
1544 1441 1619 1496 πλέον
1631 1444 1661 1496 άν
1671 1443 1732 1517 ήμῖν
1751 1448 1847 1521 ἐγένετο

234 1513 277 1566 καί
291 1511 401 1583 βεόαίους
420 1512 565 1582 συμμάχους
583 1510 710 1573 ἀποδείξας
729 1512 831 1582 έρμαιον
849 1513 956 1566 ποιεῖται
969 1518 1018 1565 τῶν
1063 1516 1221 1586 στρατεύσασι
1231 1540 1241 1581 ς
1255 1519 1331 1573 HRS.

236 1590 1019 1663 Ἀθηναίωντδπρᾶγμακαλκαιρούτινοςεότυχίανκαλεῖ·τδγδιρ
1101 1613 1143 1660 11,
1172 1603 1210 1653 15.
1232 1596 1357 1668 Εἴχετ’δν
1382 1597 1542 1669 Ἀμφίπολιν]
1556 1599 1750 1670 Σχετλιάζοντος
1766 1610 1847 1681 ὥπερ

233 1675 445 1743 παραπεπτωκότα
454 1672 619 1742 τῶντυχαίων
629 1671 681 1725 ἐστὶ
694 1672 736 1724 καὶ
746 1677 794 1724 τῶν
803 1671 826 1734 ἐξ
833 1671 1018 1744 ἀπροσδοκήτου
1063 1675 1104 1728 καί
1114 1675 1263 1749 ὀδυρομένου
1277 1678 1305 1731 τδ
1317 1676 1385 1749 ῥῆμα
1397 1680 1436 1732 ότι
1446 1678 1487 1731 διὰ
1497 1679 1616 1751 ῥᾳθυμίαν
1633 1684 1711 1753 μόνην
1730 1685 1774 1754 τὴν
1792 1686 1847 1762 Ὰμ.

233 1753 428 1824 συμόαινόντων.
451 1752 508 1805 *Kal
516 1752 545 1804 τδ
557 1750 655 1823 άφεῖναι
667 1753 817 1823 σημαυτυιόν
827 1751 878 1805 ἐστι
889 1760 938 1808 τῶν
950 1752 1021 1824 ἐχόν-
1062 1755 1161 1826 φίπολιν
1176 1756 1317 1813 ἀπώλεσαν.
1330 1759 1411 1812 BEV.

232 1853 282 1888 των
298 1836 340 1887 καὶ
353 1838 434 1907 ὥσπερ
448 1835 473 1889 ἐν
487 1839 523 1915 τῳ
534 1835 633 1905 κρατεῖν
645 1832 692 1900 ήδη
704 1834 791 1887 όντων,
830 1834 1020 1907 Καίπαροξύναι
1101 1854 1147 1903 τι,
1174 1843 1216 1892 16.
1234 1838 1289 1891 Τῶν
1311 1837 1373 1910 μετὰ
1397 1841 1473 1892 ταῦτα
1496 1841 1667 1913 πραγμάτων]
1690 1841 1784 1899 Οὗκούν
1801 1847 1846 1915 τήν

234 1914 384 1986 βουλόμενος
398 1913 578 1985 ἀναμιμνήσκει
591 1918 639 1966 τῶν
653 1914 776 1985 προτέρων
787 1913 812 1967 ἐν
826 1908 863 1976 οίς
879 1914 1018 1988 ἐζημιώθη·
1063 1915 1187 1971 άσθίνειαν
1200 1920 1379 1975 τοῦΦιλίππου
1390 1919 1525 1973 δείκνυσιν·
1541 1920 1603 1982 ἅπαξ
1613 1920 1661 1992 γάρ
1679 1922 1789 1992 ἡττηθείς
1802 1928 1845 1981 οὐχ

232 2015 278 2048 σαν
298 1996 322 2048 οί
341 1993 374 2067 μὴ
389 1996 542 2067 χρησάμενοι
555 1995 607 2056 τοῖς
629 1995 730 2064 καιροῖς.
752 1995 903 2051 BEHRSV.
942 1995 1018 2049 Ἴδιον
1063 2000 1093 2051 δν
1113 1999 1150 2053 ἐτι
1167 2002 1301 2072 πράγματα
1315 2002 1436 2073 παρέσχεν
1454 2000 1523 2072 ύμῖν.
1562 2002 1609 2055 Καὶ
1628 2003 1669 2056 διὰ
1683 2010 1755 2060 τοῦτο
1771 2009 1848 2076 δηλοῖ

231 2074 400 2145 Λημοσθέιῡυς
412 2073 473 2145 μετὰ
487 2070 531 2138 dn
544 2071 665 2135 ἇπθῧῑῑξῑί
677 2074 827 2143 mmm·
842 2072 873 2128 C.
1062 2082 1114 2142 τοῖς
1129 2078 1260 2148 Ἀθηναίοις
1271 2082 1310 2135 ότι
1320 2082 1362 2134 καί
1373 2084 1415 2133 νῦν
1429 2078 1566 2143 ἐξελθόντες
1577 2080 1724 2153 ἐπισχήσετε
1738 2086 1781 2140 τδν
1793 2088 1843 2140 ‹bi-

271 2172 312 2218 11,
337 2172 377 2209 τυ.
398 2153 431 2208 Et
449 2152 498 2225 γάρ
519 2148 665 2224 ὅθ’ήκομεν
680 2150 823 2225 Έύόοεύσι]
846 2153 938 2226 Σχῆμα
955 2155 1019 2208 κατά
1062 2157 1151 2212 λιππον
1164 2160 1258 2222 τούτοις
1270 2160 1356 2214 λοιπδυ
1372 2158 1514 2229 ἐπιχειρεῖν,
1530 2162 1606 2213 HRS.

232 2230 368 2305 συστροφήν
386 2233 416 2285 th
437 2232 479 2285 καί
497 2229 669 2303 ἐμπερίθολον.
706 2230 812 2284 Bienor
829 2230 874 2298 τὴν
887 2233 958 2286 λύσιν
974 2239 1018 2287 τοῦ
1097 2237 1273 2310 Πραγμάτων]
1288 2236 1383 2293 ὧνύπδ
1394 2239 1519 2293 Φιλίππου
1535 2240 1681 2297 πεπόνθατε.
1696 2244 1726 2295 Ρ.

232 2312 270 2364 ότι
282 2311 326 2367 ούκ
337 2311 425 2365 οἰκεῖοι
437 2311 461 2363 οί
475 2308 595 2376 Ἐυθοεις,
608 2312 647 2365 ότι
658 2313 699 2365 καί
713 2310 783 2366 αύτοέ
795 2308 947 2381 άπέστησαν,
982 2314 1017 2366 Τδ
1100 2337 1142 2385 11,
1161 2338 1202 2390 ¹7·
1224 2321 1271 2372 Καὶ
1281 2320 1354 2373 πάλιν
1367 2318 1439 2387 ἡνίκα
1448 2319 1540 2383 Πύδνα,
1554 2320 1730 2393 Ποτίδαια-]
1743 2322 1845 2392 Πρῶτον

231 2391 295 2444 κατὰ
306 2390 437 2445 ἀσύνδετον
449 2394 546 2461 σχῆμα.
562 2392 593 2444 C.
1062 2396 1106 2468 μέν
1118 2398 1143 2452 ἐν
1159 2400 1230 2469 τάχει
1248 2399 1290 2452 καί
1303 2399 1360 2453 ἄνευ
1375 2399 1516 2468 συνδέσμων
1533 2399 1643 2461 κατέλεξε
1659 2399 1689 2452 τδ
1702 2404 1782 2473 χωρία
1802 2405 1843 2456 δε-

268 2471 389 2524 Εύόοεῦοι
402 2471 595 2543 βεόοηθηκότες]
611 2469 717 2538 θηόαῗοι
728 2469 891 2541 πολεμοῦντες
900 2474 1018 2527 Λακεδαι·
1061 2478 1148 2540 δοικὼς
1160 2477 1194 2549 μή
1210 2480 1287 2550 μέγαν
1301 2478 1442 2550 καταστήσῃ
1456 2479 1591 2533 Φίλιππον·
1608 2478 1702 2533 εἶτατὰ
1716 2480 1790 2534 λοιπὰ
1802 2482 1844 2537 λέ-

233 2552 327 2624 μσνίοις
346 2552 369 2605 ἐν
383 2553 511 2622 Λεύκτροις
527 2554 570 2617 τῆς
590 2551 709 2614 Βοιωτίας
728 2552 842 2616 ἐνίκησαν
857 2552 942 2617 αύτούς
955 2555 1018 2609 κατὰ
1061 2576 1114 2629 γειν
1126 2557 1301 2631 παρῃτήσατο,
1316 2555 1345 2608 ού
1358 2556 1387 2609 τδ
1402 2560 1480 2627 μῆκος
1492 2561 1535 2611 τοῦ
1548 2558 1625 2629 λόγου
1639 2559 1761 2623 δεδοικὼς,
1775 2560 1843 2614 ἀλλὰ

231 2635 329 2704 κράτος·
350 2634 406 2687 όθεν
421 2632 489 2695 εδθδς
507 2632 622 2700 διέόησαν
636 2630 676 2686 ἐπὶ
692 2629 738 2698 τήν
758 2634 874 2699 Εύόοιαν,
893 2634 926 2696 ώς
943 2635 1017 2703 δῆθεν
1061 2637 1090 2691 τδ
1104 2637 1210 2708 φοόῆσαι
1223 2637 1266 2690 τδν
1281 2638 1372 2707 δῆμον.
1408 2635 1443 2688 Ού
1459 2635 1507 2707 μὴν
1523 2636 1589 2690 ἀλλὰ
1602 2640 1644 2691 καί
1655 2637 1679 2693 έν
1693 2640 1787 2703 τούτοις
1799 2641 1843 2693 αό·

233 2713 381 2784 βουλόμενοι
395 2712 486 2779 ταύτην
499 2711 751 2783 χειρώσασθαι,τδδέ
764 2713 1017 2782 άληθές,ίναταύτην
1061 2715 1095 2778 ξει
1113 2716 1142 2769 τδ
1163 2716 1267 2769 δυνατδν
1290 2721 1338 2768 τῶν
1362 2712 1504 2783 Ἀθηναίων.
1546 2714 1581 2770 Ἥ
1598 2716 1646 2788 γδρ
1666 2717 1746 2788 τύχη,
1767 2720 1841 2789 φησί,

231 2791 349 2855 λαόόντες
362 2792 404 2846 καὶ
415 2791 478 2845 κατὰ
488 2796 536 2844 τῶν
554 2788 686 2858 Ἀθηναίων
700 2794 855 2861 χωρήσωσιν.
870 2793 901 2845 Οί
914 2795 935 2845 δ’
951 2793 1018 2863 Ἀθη·
1061 2795 1159 2857 τούτους
1172 2793 1233 2865 ἡμῖν
1252 2794 1344 2855 πάντας
1360 2793 1416 2855 τούς
1429 2795 1526 2864 καιρούς
1540 2796 1731 2866 παρεσκεύασεν·
1755 2797 1843 2850 οὐκοῦν

231 2873 297 2924 ναῖοι
310 2870 412 2938 ἐξῆλθον
427 2869 545 2922 Εύόοεύσι
558 2869 775 2940 συμμαχήσοντες·
791 2871 834 2924 καί
851 2873 1018 2943 συμύαλόντες
1062 2875 1115 2943 μεθ’
1129 2872 1200 2945 ἡμῶν
1219 2871 1278 2926 εἰσιν
1293 2873 1317 2925 οί
1340 2872 1470 2943 κρείττους.
1508 2872 1556 2944 Ἆρ’
1571 2867 1625 2937 σύν,
1638 2870 1660 2927 ὦ
1675 2873 1841 2945 Δημόσθενες,

231 2950 345 3018 ἐνίκησαν
363 2950 440 3012 ούτως
452 2952 516 3003 ώστε
529 2949 570 3002 καὶ
589 2950 701 3002 σπονδῶν
718 2949 804 3012 αύτούς
824 2952 941 3019 δεηθῆναι
959 2952 1017 3024 ίιπὲρ
1061 2954 1115 3006 καθ’
1130 2954 1234 3007 ἕκαστον
1252 2953 1345 3006 τούτων
1365 2958 1413 3005 τῶν
1427 2952 1525 3022 χωρίων
1541 2952 1589 3004 ἔδει
1607 2952 1726 3023 πολεμεῖν
1744 2954 1785 3006 καὶ
1804 2955 1844 3007 ού-

231 3036 281 3084 τῶν
301 3031 477 3094 πεπτωκότων,
500 3029 544 3082 ἵνα
561 3028 679 3092 λαθόντες
697 3031 795 3093 τούτους
810 3029 1014 3103 άναχωρήσωσιν.
1061 3050 1109 3093 τως
1122 3030 1147 3085 εί
1160 3031 1340 3102 φιλοπόλεμοςς
1361 3029 1416 3082 όδὲ
1430 3031 1454 3082 τί
1470 3048 1559 3100 φησινς
1580 3028 1616 3083 ένὶ
1634 3037 1669 3102 τῷ
1686 3032 1773 3103 πρώτῳ
1788 3036 1844 3103 μιᾶς

234 3110 428 3173 Ἐπανελθόντες
442 3110 465 3163 δ’
475 3110 502 3165 ἐκ
513 3113 556 3177 τῆς
567 3111 649 3180 μάχης
659 3106 728 3181 εύρον
743 3110 768 3164 ἐν
780 3113 835 3173 ταῖς
856 3110 964 3178 Ἀθήναις
973 3114 1017 3166 δύο
1061 3109 1123 3181 ἥμῖν
1137 3111 1219 3173 ἐξόδου
1232 3112 1308 3182 μόνης
1321 3110 1384 3172 ἔδει,
1400 3109 1442 3162 καί
1454 3110 1566 3180 δεύτερον
1579 3111 1672 3180 χωρίον
1686 3110 1731 3163 ούκ
1742 3113 1772 3163 ἂν
1782 3111 1845 3178 ήνώ-

230 3192 340 3263 πρέσόεις
350 3196 398 3245 τῶν
414 3188 602 3261 Ἀμφιπολιτῶν,
622 3186 716 3260 Ἱέρακα
730 3190 772 3242 καὶ
784 3190 953 3261 Στρατοκλέα,
968 3212 1015 3246 πα·
1060 3191 1141 3261 χλησε
1159 3191 1295 3253 Φίλιππος·
1317 3189 1339 3243 εί
1358 3189 1491 3260 γάρτοῦτο
1509 3189 1613 3255 συνέόη,
1631 3189 1700 3260 ῥᾴονι
1718 3193 1761 3243 καί
1780 3192 1844 3246 πολύ

230 3271 468 3340 ρακαλούνταςώστε
480 3267 586 3331 ἐξελθεῖν
596 3266 638 3319 καί
647 3266 849 3335 καταλαόεῖντήν
861 3268 1014 3341 Ἀμφίπολιν,
1060 3272 1222 3343 ταπεινοτέρῳ
1236 3275 1278 3323 νῦν
1300 3271 1329 3321 ἂν
1344 3269 1474 3341 ἐχρώμεθα
1486 3274 1522 3339 τῷ
1537 3269 1665 3341 Φιλίππῳ.
1703 3273 1786 3342 Λέγεις
1799 3268 1843 3324 ούν

229 3348 416 3421 πολεμουμένην
429 3348 476 3402 ύπδ
487 3346 623 3401 Φιλίππου.
633 3347 749 3401 BERSP.
1059 3349 1121 3421 ἡμῖν
1137 3350 1235 3421 ίσχυρδν
1250 3349 1293 3402 τὀν
1307 3348 1432 3403 Φίλιππον
1445 3354 1552 3401 τοσαῦτα
1568 3348 1742 3420 προειληφότα.
1777 3351 1806 3403 Ὁ
1817 3354 1844 3407 δέ

264 3429 355 3482 Πολλδ
364 3429 405 3481 διὰ
416 3432 460 3482 τού
471 3427 667 3499 παραδείγματος
680 3424 762 3492 ήνυσε.
799 3427 879 3481 Τοῦτο
890 3427 938 3500 γάρ
952 3427 1015 3483 ἴδιον
1060 3430 1123 3483 κατά
1135 3431 1260 3502 σύγκρισιν
1272 3429 1300 3482 τὸ
1313 3429 1457 3482 ἀντιπῖπτον
1470 3430 1587 3499 παρέτεμε
1600 3429 1640 3481 διὰ
1652 3434 1705 3495 τοῦ,
1719 3431 1783 3483 πολὺ
1794 3432 1844 3504 γάρ

228 3510 398 3580 Δημοσθένους
416 3509 458 3563 καλ
481 3507 648 3571 Θουκυδίδου,
675 3506 704 3559 τδ
726 3507 759 3559 δι’
785 3506 878 3579 όλίγων
899 3507 1015 3580 ῥημάτων
1060 3510 1134 3564 αύτδν
1146 3511 1316 3581 ταπεινότερον
1334 3508 1452 3581 ἔσχομεν,
1465 3508 1498 3571 ώς
1511 3508 1604 3561 καὶνῦν
1618 3508 1655 3562 ἐτι
1673 3511 1742 3573 όντος
1761 3531 1844 3566 ταπει-

228 3590 312 3642 πολλδι
326 3591 438 3661 νοήματα
450 3588 575 3657 συνάγειν.
602 3586 702 3657 [Ιρῶτον
713 3585 756 3657 μὲν
769 3581 812 3639 ούν
824 3587 974 3643 οἰκειότατον
986 3592 1015 3644 τὸ
1060 3593 1103 3642 νοῦ
1118 3589 1159 3642 καὶ
1172 3590 1359 3659 καταδεεστέρου
1371 3591 1414 3654 τῆς
1424 3586 1535 3651 πόλεως,
1547 3588 1602 3641 τότε
1616 3588 1642 3640 δὲ
1653 3588 1669 3654 η
1686 3593 1728 3641 νύν
1745 3590 1843 3659 μᾶλλον

229 3669 391 3740 παράδειγμα,
429 3667 530 3737 Πρῶτον
547 3663 682 3738 γδρέλαύε
698 3666 726 3718 τδ
740 3672 789 3719 τῶν
804 3666 915 3721 Εύόοέων
933 3671 1015 3724 διαόε-
1059 3672 1089 3722 ἄν
1110 3672 1279 3740 ταπεινοτέρου
1301 3669 1474 3729 καταστάντος.
1512 3666 1732 3737 Σημαντικώτατον
1755 3669 1781 3723 δέ
1798 3674 1842 3737 τῆς

228 3748 352 3819 όλημένον
370 3748 403 3810 ὡς
425 3747 478 3817 ἔχει
496 3746 520 3800 ἐν
538 3752 574 3818 τῷ
591 3746 645 3817 περί
660 3748 779 3818 στεφάνου
801 3746 846 3819 (μ.
868 3750 934 3819 259,
953 3757 1012 3818 10)·
1059 3750 1185 3804 Φιλίππου
1200 3750 1372 3815 ταπεινότητος
1388 3747 1430 3800 καί
1442 3747 1471 3799 τδ
1484 3744 1623 3817 ἐχρώμεθα.
1662 3746 1721 3799 Καθ’
1739 3744 1774 3801 ὧν
1793 3748 1843 3820 γάρ

231 3851 242 3877 ι
259 3828 317 3880 ow
331 3824 367 3881 ὄν
388 3827 434 3881 ύπδ
448 3828 590 3899 θεμίσωνος
614 3827 656 3879 καί
679 3826 807 3898 θεοδώρου
821 3829 878 3900 περί
901 3828 1015 3901 Ὠρωπόν
1059 3828 1167 3892 ἐξουσίαν
1182 3829 1275 3900 ἔχομεν
1289 3829 1303 3880 ό
1316 3846 1339 3880 τι
1351 3826 1490 3897 βουλόμεθα
1501 3828 1624 3897 πράττειν,
1635 3826 1697 3879 κατδι
1709 3827 1801 3880 τούτων
1812 3828 1843 3882 τδ

232 3929 243 3956 ι
259 3906 375 3975 ἠδίκησθε
389 3905 569 3975 ἀνεμνήσθητε.
586 3928 596 3956 ι
620 3906 714 3960 Ούκούν
729 3905 791 3979 μηδέ
805 3906 945 3972 Ὀλυνθίοις
957 3931 1016 3982 μνη·
1059 3911 1166 3980 χρῆσθαι
1179 3908 1295 3980 λέγομεν·
1310 3906 1348 3959 διδ
1360 3906 1402 3959 καί
1415 3909 1467 3968 τοῖς
1480 3906 1559 3977 φίλοις
1571 3907 1677 3976 χρῆσθαι
1688 3905 1794 3978 λέγομεν
1804 3909 1844 3962 ότι

228 3986 375 4053 σικακήαητε
385 3989 445 4057 γοῦν
456 3984 510 4040 είτι
519 3985 574 4056 περί
584 3984 649 4057 ἡμεῖς
661 3984 803 4057 ἐξήμαρτον.
825 3987 941 4059 δεύτφον
957 3990 1014 4061 βού-
1059 3988 1090 4041 τά
1112 3990 1233 4041 δοκοῦντα
1254 3985 1315 4057 ημῖν
1337 3985 1509 4056 δπουμγούσιν,
1557 3984 1681 4037 ’Έκαστον
1704 3985 1730 4038 δὲ
1749 3988 1844 4040 τούτων

229 4066 299 4119 λεται
316 4070 398 4120 πείσαι
417 4066 474 4129 τοδς
498 4064 636 4133 Ἀθηναίους
652 4065 759 4127 ἐξελθεῖν
778 4065 811 4129 είς
828 4067 871 4120 τόν
892 4068 1012 4141 πόλεμον.
1059 4069 1178 4122 δείκνυσιν
1192 4066 1333 4136 ότισχεδδν
1346 4065 1480 4120 ἐπιτάττειν
1500 4063 1601 4136 εἴχομεν
1618 4070 1654 4136 τῷ
1671 4064 1789 4138 Φιλίππῳ
1802 4067 1845 4121 καί

231 4146 375 4219 Ἀνέμνησεν
389 4143 432 4202 ούν
449 4147 535 4209 αύτούς
547 4146 631 4209 ἐξόδου
642 4151 686 4214 τῆς
699 4146 787 4215 αύτῆς,
800 4141 854 4219 ἐνῇ
869 4151 1015 4218 στρατεύσας
1057 4150 1146 4219 φόρους
1159 4148 1215 4218 παρ’
1231 4145 1305 4199 αύτοῦ
1316 4145 1414 4199 λαθεῖν.
1453 4144 1559 4216 ίίαίγδρ
1579 4144 1645 4219 παρὰ
1662 4149 1711 4196 τῶν
1726 4147 1844 4217 πρότερον

228 4228 503 4300 όδῆμοςκατώρθωσε.
540 4227 583 4280 Διό
597 4227 639 4282 καί
653 4225 721 4281 εἶπεν
745 4226 793 4280 ιεί
806 4226 854 4299 γάρ
872 4228 910 4280 ὅθ’
921 4228 1014 4301 ἥκομεν
1059 4226 1183 4298 ἀρξάντων
1203 4225 1355 4287 Μακεδονίας
1375 4224 1525 4296 ἐπράττομεν
1543 4225 1639 4294 φόρους.
1677 4224 1707 4275 Τί
1726 4244 1785 4279 ποτε
1798 4220 1844 4278 οόν

232 4330 243 4356 ν
259 4307 377 4362 Εύόοεύσι
401 4307 579 4380 βεόοηίίηκότες
595 4330 626 4373 ι,
640 4306 726 4369 αύτούς
740 4305 863 4378 ἐμφαίνων
882 4305 946 4359 εἶναι
961 4308 1016 4370 τούς
1060 4306 1139 4360 αἴτιον
1159 4309 1203 4360 τοῦ
1218 4302 1251 4376 μή
1271 4306 1350 4358 πάντα
1363 4305 1498 4376 συμόῆναις
1514 4303 1530 4371 ίη
1546 4302 1652 4375 ῥᾳθυμία
1667 4307 1711 4370 τῆς
1730 4305 1843 4374 πόλεως,

228 4389 429 4459 στρατεύσαντας.
466 4388 557 4457 Τρίτον
572 4388 685 4455 τοιαύτης
708 4386 875 4458 ἐμνημόνευσε
890 4387 971 4458 μάχης
989 4387 1014 4441 ἐν
1059 4389 1091 4440 δι’
1105 4387 1135 4451 ἣν
1146 4386 1238 4455 ηύξήθη
1251 4385 1385 4448 Φίλιππος·
1399 4385 1441 4439 καὶ
1453 4387 1552 4437 δίδωσιν
1566 4384 1595 4437 ού
1609 4383 1654 4449 τὴν
1666 4384 1745 4454 τύχην
1763 4383 1844 4438 αἰτίαν

228 4460 431 4539 ,ήκατώρθωσαν
447 4467 565 4538 όφθέντες
592 4469 677 4538 μόνον.
724 4466 851 4528 Δείσαντες
868 4464 916 4537 γάρ
935 4465 1014 4520 αὐτῶν
1060 4463 1124 4519 εἶναι
1144 4469 1187 4531 τῆς
1199 4464 1325 4518 Φιλίππου
1339 4465 1480 4536 δυνάμεως,
1496 4463 1563 4517 ἀλλὰ
1576 4464 1633 4526 τούς
1651 4462 1802 4529 Ἀθηναίους·
1821 4463 1844 4516 εί

228 4542 273 4610 τήν
290 4544 378 4617 ἔφοδον
400 4546 507 4615 θηόιιῖοι
524 4549 567 4611 τῆς
584 4547 668 4616 χώρας
686 4543 877 4616 ἀπηλλάγησαν.
920 4545 1014 4598 Οδκούν
1059 4546 1107 4617 γάρ
1119 4545 1210 4613 ηδξήθη
1226 4544 1266 4595 διὰ
1280 4545 1395 4609 τούτους,
1410 4544 1450 4597 ἐπὶ
1464 4545 1558 4607 τούτοις
1569 4543 1621 4598 ἐστὶ
1634 4543 1676 4596 καὶ
1694 4542 1723 4596 τδ
1737 4542 1844 4596 καταλύ-

228 4627 274 4679 κάν
297 4630 340 4681 νύν
365 4626 500 4698 ἐξέλθωμεν
523 4627 609 4697 μόνον,
629 4625 679 4696 οὐχ
700 4624 862 4691 ύποστήσεται
881 4624 1013 4687 Φίλιππος.
1059 4645 1100 4679 σαι
1115 4624 1159 4691 τήν
1171 4624 1255 4696 ῥώμην
1270 4627 1313 4690 τῆς
1325 4624 1485 4685 Μακεδονίας.
1500 4625 1577 4677 HRS.

229 4706 350 4777 Τέταρτον
361 4706 420 4779 πρδς
434 4708 529 4768 τούτοις
541 4706 719 4776 συνηρίθμησεν
730 4703 802 4757 αύτδν
816 4705 869 4766 τοῖς
879 4704 935 4756 τότε
947 4723 1017 4775 στρα·
1098 4722 1140 4769 11,
1156 4721 1199 4772 ¹7·
1219 4704 1322 4771 Ιίύδνα]
1335 4703 1363 4756 τδ
1376 4706 1419 4755 νύν
1434 4703 1528 4773 Κίτρος.
1542 4704 1595 4757 ΒΡ.

227 4784 341 4850 τεύσασι,
358 4790 475 4855 τεχνικῶς
491 4785 583 4855 σφόδρα
597 4784 626 4837 τδ
642 4782 779 4845 ἀξιόπιστον
795 4782 874 4854 ἐαυτῷ
887 4786 1015 4853 προσκτώ-
1095 4784 1231 4851 Ποτίδαια]
1245 4781 1261 4848 ἡ
1277 4786 1320 4834 ν’ύν
1334 4783 1443 4853 Βέρροια.
1459 4785 1511 4836 ΒΡ.

230 4882 311 4934 μενος.
354 4861 383 4915 Ὁ
406 4862 454 4934 γάρ
478 4861 645 4934 Ἀριστοτέλης
663 4861 722 4932 φησὶ
739 4862 791 4915 δεῖν
812 4862 855 4916 τδν
877 4862 1015 4933 σύμθουλον
1098 4882 1140 4928 τε,
1159 4868 1199 4919 18.
1220 4862 1438 4933 Πολιορκούμενα]
1451 4862 1498 4916 ύπδ
1509 4861 1644 4914 Φιλίππου.
1660 4861 1690 4914 Ρ.

230 4942 296 4995 ούτω
310 4941 484 5013 συμόουλεύειν
496 4942 529 5003 ὡς
543 4941 628 4995 έαυτδν
644 4939 768 5013 μέλλοντα
780 4944 906 4995 κοινωνεῖν
924 4941 1017 5003 τούτοις
1098 4961 1140 5008 11,
1155 4961 1200 4997 κο.
1220 4941 1274 4995 Ἐνί
1286 4948 1322 5014 τῷ
1333 4943 1442 5014 πρώτῳ]
1456 4943 1538 5011 ὥσπερ
1558 4939 1703 4993 άντιπῖπτον
1717 4936 1786 5002 λύει,
1799 4937 1845 4990 ἵνα

229 5019 266 5092 ἐφ’
281 5018 318 5082 οἷς
331 5022 438 5075 ποιεῖται
456 5019 501 5087 τήν
515 5021 667 5093 σνμύουλήν.
704 5020 805 5083 Τούτοις
823 5020 871 5092 γάρ
891 5021 1016 5076 πείθονται
1061 5020 1094 5095 μή
1107 5021 1164 5094 εἴπῃ
1182 5022 1198 5074 δ
1213 5020 1349 5089 Ἀθηναῖος·
1365 5021 1468 5082 καὶπῶς
1488 5018 1615 5090 ἠδυνάμην
1630 5016 1755 5076 τοσούτοις
1767 5011 1792 5066 ἐν
1808 5020 1846 5086 τῷ

231 5100 329 5171 μᾶλλον
351 5101 391 5164 οδς
412 5102 441 5154 ἂν
464 5100 553 5173 όρώσιν
576 5100 687 5173 ἑτοίμους
706 5101 779 5163 ὄντας
798 5103 959 5173 συμμετέχειν
979 5097 1015 5155 ὧν
1060 5104 1126 5176 αὐτῷ
1146 5103 1280 5173 βοηθήσεις
1302 5099 1387 5172 ἐπάγει
1404 5101 1438 5162 ώς
1452 5101 1505 5162 ότι,
1528 5098 1550 5152 εί
1567 5099 1604 5151 ένί
1625 5099 1694 5168 μόνῳ
1706 5101 1742 5168 τῷ
1754 5096 1845 5166 πρώτῳ

229 5179 403 5251 συμόουλεύειν
417 5179 548 5251 ἐγνώκασι.
564 5183 595 5233 Β.
1060 5185 1190 5255 προθύμοις
1223 5179 1387 5249 ἐόοηθήσατε,
1414 5179 1458 5233 ούκ
1488 5181 1518 5233 ἂν
1546 5183 1590 5232 τοῦ
1616 5179 1727 5248 δευτέρου
1752 5174 1842 5245 ἥψατο.

269 5275 311 5322 11,
329 5275 371 5313 11.
387 5258 504 5330 Παρῆσαν
522 5258 717 5331 Ἀμφιπολιτῶν]
736 5256 800 5311 Ἀλλ’
815 5258 918 5329 ἐπαχθὲς
932 5253 972 5325 ἦν,
995 5255 1017 5312 ὦ
1060 5261 1184 5315 BETCV.

231 5339 396 5410 Δημόσθενες,
420 5338 526 5409 ύπόγυον
546 5339 571 5392 ἐκ
590 5340 736 5410 στρατηγίας
755 5340 858 5405 ἥκοντας
880 5339 913 5401 είς
933 5340 1016 5410 έτιρον
1102 5340 1202 5404 1·‚23.
1223 5338 1294 5391 Τδδέ
1310 5337 1451 5410 μέλλοντα]
1465 5336 1562 5407 Ὥσπερ
1575 5335 1709 5406 ύπογράφει
1723 5334 1764 5387 καί
1776 5351 1843 5406 χαρα
