3967 5967
218 447 275 501 θίίί
757 443 898 504 ΣΧΟΜΑ
924 446 988 507 ΕΙΣ
1014 449 1291 511 ΔΗΜΟΣΘΕΝΗΝ,

185 640 189 645 .
216 568 231 621 ό
244 567 325 639 ῥήτωρ
336 567 417 637 ἀλλην
432 571 551 641 πρόρααιν
564 569 670 642 είρηκεν,
684 573 722 626 ότι
736 574 791 628 τότε
804 575 848 646 μέν
864 575 895 628 ού
904 579 1002 632 συνεῖπε
1047 580 1101 641 σίας
1114 578 1189 633 αύτοῦ
1205 581 1381 651 στερούμενοςς
1394 583 1496 648 ποίησον
1512 582 1585 637 αύτδν
1600 582 1642 636 καὶ
1656 583 1718 655 μετά
1733 582 1777 651 τήν
1789 585 1835 653 δή·

216 647 256 699 διά
271 647 301 701 τό
312 650 445 704 συνειδέναι
464 652 503 703 ότι
524 650 625 714 Μειδίας
645 651 739 718 ἀδικεῖ,
751 660 793 705 νῦν
810 654 837 708 δέ
849 655 892 708 διά
902 656 932 710 τδ
946 657 1005 725 ἔκηε
1048 678 1131 727 μευσιν
1144 659 1270 724 πλούσιον,
1287 663 1390 731 μετάδος
1401 661 1468 732 αύτῷ
1484 668 1532 716 τῶν
1546 654 1683 732 χρημάτων
1705 670 1754 717 τῶν
1768 671 1831 729 σῦν,

215 729 309 798 ρεάζειν
322 727 387 800 ἐμοί.
1046 739 1089 791 ἵνα
1100 739 1141 791 καί
1154 741 1256 811 νόμιμος
1266 741 1280 793 ό
1292 740 1406 806 δικαστὴς
1414 746 1479 813 ρανῇ
1493 744 1535 796 καί
1545 744 1576 795 σίν
1587 744 1657 813 ρίλος
1666 743 1834 807 εὐνούστατος.

253 812 319 874 58ι,
333 815 359 874 ή.
374 808 419 875 Μὴ
434 809 482 881 γάρ
501 810 565 864 ἔστω
580 812 663 882 μηδείς
680 812 706 866 έν
724 813 895 885 δημοκρατία]
913 815 958 867 Ιίαλ
976 814 1002 867 έν
1084 820 1151 883 όθα,
1167 838 1210 872 αι.
1224 822 1340 891 Δόντων]
1358 820 1419 874 Ἀντί
1431 828 1474 876 τοῦ
1484 824 1606 877 δότωσαν.
1617 826 1644 878 S.

214 895 251 962 τῷ
264 891 317 944 κατ’
330 890 445 961 Αἰσχίνου
460 894 506 963 (ρ.
522 892 588 955 436,
606 895 639 959 7)
655 893 744 962 σχεδὸν
759 891 844 955 οὖτοίι
857 894 935 955 λέίεοι
948 895 1003 964 περὶ
1084 900 1151 963 582,
1172 906 1215 953 σε.
1236 901 1271 953 To
1290 902 1371 954 δοκεῖν
1386 920 1447 963 τινες
1460 901 1525 955 εἶναι
1544 904 1576 955 δι’
1587 903 1720 974 εῦπορίαν]
1737 902 1836 974 Ἀρετὴν

215 967 436 1041 Εύάούλονεῖρηκι
453 991 463 1019 ι
480 970 514 1041 μή
527 989 569 1040 μοι
583 972 697 1032 σωζέσθω
716 968 773 1042 μήδ’
789 971 940 1026 ἀπολλύσθω
952 995 1002 1044 μη·
1048 978 1090 1048 μέν
1111 980 1166 1049 παρ’
1181 980 1263 1042 αύταίς
1284 980 1337 1047 ήτι
1355 987 1402 1033 τῶν
1423 982 1505 1034 καλῶν
1526 983 1574 1053 οὺχ
1595 984 1660 1055 εῦροι
1677 1001 1713 1045 τις
1735 985 1775 1048 ἄν,
1799 990 1837 1056 τῷ

217 1071 229 1100 ι
245 1051 303 1112 δείς.
317 1072 329 1099 ν
814 1061 817 1067 ’
1046 1058 1147 1130 πλούτῳ
1161 1060 1186 1114 δέ
1198 1067 1344 1130 καρποῦνται
1360 1060 1404 1127 τήν
1415 1064 1525 1130 δόκησιν.

251 1132 316 1194 581,
333 1130 358 1184 5·
374 1129 422 1182 Τθί
437 1128 464 1181 δέ
478 1126 512 1200 μθ
526 1130 611 1181 δοῦναί
624 1130 711 1201 δίκην]
732 1129 852 1203 Μίρῑσμῷ
865 1133 1001 1202 κέχρηται,
1083 1139 1148 1203 583,
1164 1146 1190 1194 ίί.
1204 1140 1497 1211 Πραόολή][1ρόσκλησις
1510 1142 1543 1204 είς
1556 1143 1760 1214 τδδικαστήριαν.
1777 1144 1834 1197 ΒΥ.

215 1210 364 1281 βουλόμενος
374 1208 451 1271 δείξαι
464 1206 564 1280 δύναμιν
581 1210 693 1281 μεγάλην
713 1209 834 1283 Εύύούλιμ
851 1215 999 1281 προσοῦσαν.
1083 1221 1150 1282 583,
1167 1234 1193 1288 7.
1214 1216 1308 1291 ’λπεχει
1324 1224 1443 1292 ατόνησε]
1460 1221 1644 1294 ’λπεψηρίσατα
1660 1226 1690 1277 Β.

214 1289 245 1342 Es
255 1290 305 1362 Υθρ
316 1291 398 1352 ἱκανός
410 1288 461 1343 {ott
475 1290 517 1343 ῐὸί
534 1288 576 1360 μέν
590 1289 706 1361 θθρίίίῑν,
723 1290 766 1344 τθί
781 1290 808 1343 δέ
824 1294 903 1345 ποιεῖν
919 1289 952 1363 μδ
965 1293 1002 1343 ὀί·
1082 1297 1133 1351 ίΜκ
1147 1300 1176 1350 ἂν
1197 1299 1288 1369 δμοίως
1301 1240 1331 1367 ήν
1352 1301 1448 1371 δεινὸν]
1466 1299 1654 1372 ’λναμιμνήσκει
1673 1302 1777 1365 τούτων,
1791 1301 1837 1353 ίνα

214 1371 283 1424 δόναι
297 1371 377 1437 δίκην,
391 1372 465 1441 μέγας
474 1370 509 1432 τίς
522 1368 573 1423 έστι
587 1371 629 1422 καὶ
643 1369 749 1441 ἰσχυράς.
789 1370 875 1424 Καίτοι
885 1372 940 1443 περί
949 1370 1002 1432 ἕνας
1047 1376 1161 1446 μείνωσιν
1181 1377 1220 1432 έπί
1237 1381 1280 1445 τῆς
1297 1378 1370 1444 αύτής
1382 1382 1493 1450 γνώμης.
1533 1379 1634 1435 Ἄτοπον
1649 1380 1736 1452 γάρίξ
1755 1379 1835 1450 ἀρχῆς

213 1453 258 1501 τοῦ
270 1450 371 1502 Μειδίου
385 1448 510 1519 ἀμφύτερα
524 1446 626 1517 εἴρηται.
669 1447 780 1510 Ἐκεῖνοι
793 1450 841 1519 γάρ
861 1449 912 1503 ἔστι
931 1450 1001 1503 κοίό
1047 1455 1090 1523 μὲν
1105 1455 1274 1525 χαλεπαίνειν,
1290 1460 1343 1510 νυνί
1355 1459 1382 1512 εί
1394 1460 1521 1512 τοσούτων
1532 1459 1728 1531 άποοιιχίίντον
1740 1459 1835 1529 ὀλίγον.

214 1525 311 1599 ύύρίσας
323 1528 389 1581 καλό
405 1528 503 1600 μέλλων
518 1527 551 1598 μὴ
564 1530 658 1582 διδόναι
670 1530 739 1596 δίκην
758 1528 784 1582 ἐκ
798 1532 841 1594 τῆς
856 1531 1002 1601 συνηγορίας
1046 1535 1109 1604 ρεῖν.

214 1613 258 1662 τοῦ
279 1609 414 1661 Εθύούλου.
455 1608 522 1661 Ἀλλ’
538 1609 559 1661 εί
580 1608 623 1680 μὲν
639 1610 723 1671 ένικῶς
739 1605 769 1676 ήν
793 1611 955 1680 προαγαγὼν,
972 1611 1001 1663 ού
1083 1614 1148 1679 583,
1169 1632 1210 1684 17.
1227 1615 1347 1670 Βλεπαίου
1360 1620 1404 1669 τοῦ
1419 1617 1581 1690 τραπεζίτου]
1597 1616 1628 1671 Ἱί
1640 1618 1688 1691 γάρ
1701 1619 1775 1688 τέχνη
1787 1615 1834 1683 τήν

215 1690 312 1761 μεγάλα
326 1692 354 1743 άυ
369 1689 456 1752 έδειξεν
472 1688 588 1760 ἰσχύοντα
605 1690 648 1743 τδν
662 1687 796 1743 Βύύαυλον·
816 1690 840 1742 τί
858 1690 906 1760 γὰρ
922 1692 999 1761 παρά·
1044 1695 1160 1749 ῦπόνοιαν
1173 1695 1284 1750 ἐνεποίει,

213 1769 284 1830 δοξον
299 1769 343 1821 ίνα
354 1774 403 1822 τῶν
417 1769 523 1823 πολιτιῦν
536 1768 644 1833 ίξελείν;
660 1772 701 1821 νῦν
716 1767 742 1821 δέ
755 1769 917 1840 καταμερίσας
930 1769 959 1821 τδ
972 1770 999 1821 έν
1084 1776 1150 1837 583,
1170 1780 1212 1830 ιε,
1229 1773 1271 1837 Ὧς
1283 1776 1348 1829 τοῦτ’
1363 1773 1462 1843 ἐκεῖνο]
1482 1775 1514 1828 Ὅ
1528 1776 1603 1830 πάλιν
1618 1774 1753 1846 ἠλπίζομεν
1765 1774 1836 1843 2:024

213 1848 247 1912 είς
260 1848 362 1902 πλείονα
374 1846 419 1913 τὴν
431 1848 533 1919 δύναμιν
547 1844 635 1914 ηύξησε
647 1853 691 1901 τοῦ
702 1846 839 1900 Εύῦαύλου.
1045 1872 1095 1907 σειν
1111 1854 1224 1906 Μειδίαν,

250 1931 315 1992 581,
332 1933 357 1980 6.
377 1926 440 1980 Ἀλλ’
453 1927 474 1981 εί
488 1933 566 1989 κακῶς
578 1926 620 1997 ἐμὲ
639 1927 722 1996 βούλει
732 1928 831 1995 mnam]
849 1926 957 1990 Ἔδειξεν
972 1928 999 1982 έκ
1081 1934 1147 1996 583,
1164 1951 1206 1987 κο.
1222 1933 1373 2003 θοιμάτιον]
1387 1934 1535 1996 λιτωνίσκος
1547 1933 1591 2005 μὲν
1603 1935 1632 1988 τδ
1645 1934 1772 1998 κολόύιον,
1784 1935 1835 1986 θοι·

212 2007 306 2060 τούτων
321 2008 359 2059 ότι
370 2006 411 2059 καί
423 2004 439 2072 ἡ
453 2006 570 2076 πρόφασις
581 2007 623 2072 τῆς
639 2004 728 2076 ἔχθρας
746 2006 802 2076 παρ’
819 2005 944 2059 Ιίύόαύλου
957 2009 1000 2079 γέ·
1046 2012 1132 2082 μάτιον
1144 2010 1170 2064 δέ
1180 2012 1209 2064 τὸ
1221 2012 1358 2081 τριῦώνιαν,

213 2102 299 2157 γονεν·
312 2086 334 2139 εί
347 2087 395 2158 γάρ
414 2087 549 2158 προῄρηται
570 2092 650 2147 κακῶς
672 2087 761 2150 ποιεῖν,
779 2085 850 2147 αθτός
862 2084 913 2138 ίστι
927 2088 969 2139 καλ
985 2088 1000 2140 ό
1081 2092 1145 2155 583,
1159 2096 1204 2146 σίν.
1223 2089 1266 2143 ’liv
1281 2090 1338 2163 ἰερῷ
1349 2090 1391 2162 δέ]
1405 2089 1482 2144 Ὥστε
1494 2090 1535 2144 τὀυ
1550 2093 1624 2145 τόπον
1639 2090 1733 2152 διδάξαι
1749 2090 1778 2143 τδ
1792 2091 1833 2142 δί·

213 2168 339 2238 κατάρξας.
1044 2188 1124 2223 καιαν.

250 2250 313 2315 58ι,
330 2264 355 2315 7.
376 2244 419 2307 Ὦς
432 2245 514 2315 έγωγε
526 2242 561 2315 μά
574 2244 628 2305 τούς
640 2244 727 2316 θεοίνς]
744 2243 794 2310 Τήν
806 2242 908 2317 ύπνήνίαν
920 2244 1001 2316 ἀρνεί·
1081 2252 1148 2312 584,
1170 2255 1195 2301 ιὶ.
1214 2249 1260 2301 ίίαί
1272 2248 1329 2311 τούς
1350 2246 1565 2320 ἐπιδημήσαντας]
1586 2246 1627 2310 Ὦς
1639 2247 1664 2301 έν
1684 2255 1760 2320 καινῷ
1775 2251 1833 2302 θεάν

213 2346 266 2381 ται·
283 2326 328 2393 τήν
342 2326 390 2398 γάρ
399 2326 530 2378 κακόνοιαν
543 2322 649 2384 άπέδειξε
664 2325 767 2394 ματαίαν
780 2325 834 2377 κατ’
845 2323 920 2377 αὑτοῦ
930 2343 1001 2395 γεγε·
1044 2348 1093 2400 τρνμ
1108 2332 1151 2395 τῆς
1166 2326 1286 2390 Ἑλλάδος
1298 2329 1383 2398 ράσκει
1394 2329 1542 2397 γεγενῆσθαι
1560 2327 1603 2393 τήν
1619 2328 1697 2398 ῦόριν.

213 2409 301 2474 νῆσθαι
315 2405 361 2472 τὴν
378 2407 472 2476 ρήμην,
511 2404 620 2465 Εἰκότως
640 2404 720 2458 τοίνυν
736 2403 835 2475 ἀγνοεῖν
855 2403 913 2475 ύπὲρ
930 2404 1000 2466 ποίας
1083 2413 1151 2472 ⁵84,
1179 2413 1219 2471 νή,
1245 2408 1303 2460 035‘
1317 2410 1398 2477 ὥσπερ
1417 2406 1579 2477 Ἄριστορῶν]
1601 2403 1678 2470 θύτας
1696 2406 1834 2477 ραρολόγος

212 2488 353 2558 προφάσεως
366 2486 432 2556 αὐτῷ
442 2484 561 2555 παλεμείν
577 2483 684 2555 ἔγνωκεν
699 2482 830 2546 Ιίύύουλος.
1043 2491 1078 2540 ὢν
1094 2488 1197 2558 κατέσχε
1212 2486 1268 2557 παρ’
1282 2488 1348 2557 αὐτῷ
1358 2486 1400 2548 τὰς
1418 2487 1519 2547 δεκάτας
1531 2490 1574 2551 τῆς
1588 2487 1657 2551 θεοῦ,
1673 2484 1713 2557 dp·
1731 2483 1766 2538 ὧν
1779 2486 1832 2539 ἔδει

250 2570 316 2631 581,
332 2570 358 2621 8.
369 2565 476 2617 Δύνασαι
490 2565 533 2636 μέν
547 2565 588 2617 καὶ
600 2564 716 2636 πολιτεύῃ
726 2567 735 2630 ]
747 2564 781 2617 Tb
792 2563 834 2634 μέν
849 2564 950 2616 δύνασαι
959 2583 999 2616 τυ·
1044 2570 1174 2636 στεράνους
1185 2572 1284 2634 ποιῆσαι
1296 2568 1337 2619 καὶ
1353 2565 1478 2618 ἀναθεῖναι
1490 2568 1521 2635 τῇ
1541 2567 1585 2635 θεᾷ
1602 2564 1743 2632 Ἀθηναίων.
1782 2566 1831 2617 ίία·

213 2647 342 2718 ραννικόν·
357 2645 442 2706 δεδιὼς
455 2644 483 2697 τδ
498 2642 627 2714 ἐγκαλέσαι
640 2644 770 2713 τυραννίδα
782 2644 916 2714 προσέθηκε
934 2644 999 2695 ικαὶ
1044 2648 1188 2717 τηγορηθελς
1202 2647 1227 2700 δὲ
1245 2647 1292 2701 ύπδ
1306 2646 1432 2699 Ιίύόούλου
1449 2647 1541 2715 φθάσας
1553 2643 1598 2710 τήν
1619 2644 1714 2698 εἴσοδον
1729 2645 1830 2699 ἀνέθετο

212 2725 343 2798 πολιτεύῃ,
361 2747 373 2774 ν
387 2726 450 2777 ίόστε
462 2724 604 2776 δυναστείαν
618 2720 684 2776 εἷναι
698 2720 742 2788 τὴν
754 2720 799 2788 σήν
812 2722 947 2777 πολιτείαν.
1045 2728 1100 2789 τοῦς
1116 2729 1246 2798 στεμάνονς
1256 2727 1298 2779 καί
1311 2728 1428 2780 πέπανται
1442 2725 1457 2791 ἡ
1469 2725 1591 2796 προόολή.

251 2805 317 2859 ίίατά
332 2806 387 2868 τούς
396 2805 485 2874 νόμους
495 2804 517 2856 δ’
531 2803 618 2869 ἥντινα
633 2802 733 2872 βούλει]
747 2802 930 2874 Παραγραρικῷ
948 2801 998 2856 ίπι-
1080 2810 1146 2871 584,
1174 2814 1215 2860 16.
1237 2807 1283 2860 Ἐκ
1303 2811 1347 2859 τοῦ
1367 2805 1441 2876 μηδὲν
1462 2802 1498 2858 ὧν
1520 2805 1671 2876 πεποίηκεν]
1695 2803 1730 2858 (Μ
1747 2803 1795 2874 μὴν
1816 2803 1832 2857 ὁ

212 2885 344 2955 χειρήματι
357 2885 483 2954 κέχρηται.
513 2881 547 2935 (Μ
564 2882 604 2934 δεῖ
617 2883 643 2936 δέ
658 2883 788 2951 θαυμάζειν
804 2879 825 2934 εί
836 2880 862 2934 ίν
876 2880 998 2952 ἐπιλόγοις
1044 2886 1143 2948 Μειδίας
1155 2888 1185 2954 ἣν
1198 2885 1334 2947 ίπεδείίατο
1344 2886 1411 2956 θύριν
1425 2886 1478 2939 κατ’
1490 2884 1551 2956 ίμοῦ
1560 2886 1602 2937 καί
1613 2884 1655 2948 τάς
1665 2885 1762 2957 πληγάς
1773 2884 1833 2938 ἀνα·

212 2970 398 3036 παραγραρινιῖις
410 2966 543 3019 πέπτωκεν.
581 2962 616 3015 Ού
631 2962 678 3033 γάρ
696 2962 770 3016 αὺτοῦ
791 2966 834 3016 τοῦ
848 2964 998 3033 ζητουμένου
1045 2965 1193 3017 καλέσασθαι
1203 2965 1312 3019 δύναται.

212 3045 356 3115 πράγματός
374 3043 426 3097 ἐστι
440 3044 469 3097 τίν
488 3044 682 3113 παραγραρυίον,
700 3037 754 3095 οἷον
775 3044 817 3108 τῆς
830 3040 934 3112 θύρεως,
949 3046 997 3093 τῶν
1080 3046 1146 3111 584,
1168 3061 1213 3099 21.
1228 3043 1377 3113 θύδύῦριζε
1398 3048 1430 3115 τῇ
1446 3044 1559 3116 διανοίᾳ]
1578 3046 1620 3115 Τῇ
1636 3041 1679 3114 μέν
1696 3041 1744 3112 γάρ
1763 3042 1832 3112 χειρί

211 3123 326 3194 πληγῶν,
339 3127 382 3177 τοῦ
396 3123 516 3193 δημοσίου
530 3121 695 3192 ἀδικήματος,
710 3120 776 3173 ἀλλά
789 3126 836 3174 τῶν
856 3119 944 3182 ἔξωθεν
955 3140 999 3174 πα·
1043 3124 1085 3178 τόν
1099 3126 1266 3194 Δημοσθένην,
1279 3127 1311 3196 τῇ
1329 3126 1356 3178 δέ
1369 3126 1465 3194 διανοίᾳ
1476 3123 1532 3186 τούς
1549 3125 1649 3185 πάντας.
1685 3121 1766 3175 Ὅπου
1781 3122 1833 3194 γάρ

212 3204 384 3275 ραλυπαόντων
396 3203 441 3269 τὴν
452 3203 576 3257 ύπόθεσιν.
618 3200 716 3268 Ἐπειδὴ
729 3201 777 3273 γὰρ
791 3201 864 3272 βαρύς
875 3200 999 3262 Εύῦουλος
1042 3204 1121 3275 ῥήτωρ
1134 3208 1169 3257 ὢν
1182 3204 1233 3276 έγὼ
1243 3205 1364 3276 ἐπλήγην,
1376 3206 1401 3259 τί
1412 3205 1525 3271 ποιήσετε
1538 3205 1608 3276 ῦμείς
1621 3204 1645 3257 οἱ
1659 3197 1732 3269 ήττον
1751 3202 1832 3275 ἣίγὼ

212 3290 354 3354 συνηγορῶν
367 3291 404 3355 τῷ
416 3285 520 3354 Μειδίᾳ,
537 3287 629 3354 χρῆται
642 3289 817 3355 παραγραρικιῖν
838 3283 896 3354 πρδς
910 3281 995 3347 αθτδν,
1043 3284 1112 3349 δίκην
1126 3284 1261 3354 λαμόάνειν
1278 3284 1425 3353 δυνάμενοις
1620 3322 1625 3331 ,

212 3364 251 3416 δτι
266 3363 426 3435 ιείνομίζεις
439 3363 575 3417 άδικείσθαί
588 3383 612 3416 τι
623 3364 680 3433 παρ’
694 3364 770 3434 ἐμοῦ,
786 3363 881 3433 γρέρου
898 3361 940 3414 καὶ
953 3382 997 3415 κα·
1076 3364 1125 3417 Τον
1139 3370 1234 3434 πρῶτον
1251 3362 1313 3435 μετά
1325 3362 1420 3433 ταῦτα]
1433 3361 1534 3432 Πρῶτον
1546 3368 1594 3415 τῶν
1609 3362 1694 3415 άλλων
1710 3362 1763 3433 μετ’
1774 3361 1830 3432 έμέ.

212 3447 328 3515 τηγόρει,
345 3443 379 3515 μή
394 3446 477 3516 μέντοι
487 3445 544 3506 τοίας
555 3442 603 3512 ἤδη
619 3445 830 3515 κατηγορηθέντας
842 3442 944 3513 ἐξαιροῦ.
964 3466 975 3491 ν
1081 3440 1147 3496 Ἀλλ’
1165 3444 1199 3506 ὡς
1215 3443 1241 3497 έκ
1263 3443 1398 3511 πλείστου]
1417 3442 1483 3504 Ἕως
1502 3442 1555 3495 ἐστὶ
1573 3445 1655 3513 πόρρω
1674 3447 1723 3495 τίῦν
1742 3442 1831 3495 δεινῶν

248 3526 315 3587 όθα,
332 3541 358 3577 κ.
374 3523 441 3577 ίίατά
454 3525 483 3576 τδ
497 3522 745 3594 έτερασχημάτισταν.
761 3524 790 3575 S.
1042 3520 1143 3583 ἕκαστος
1153 3521 1319 3591 φυλαττέσθω.

249 3606 314 3667 58α,
328 3622 355 3672 9.
367 3602 416 3656 Ὧν
430 3604 452 3654 δ’
467 3602 518 3674 ίγὼ
529 3602 594 3673 παρά
607 3602 663 3663 τοίας
676 3602 764 3671 νόμους
776 3600 912 3671 θύρίσθην]
928 3601 997 3654 ψθό-
1081 3600 1194 3655 Ἐπειδὰν
1209 3599 1303 3671 ἀναστῇ
1316 3599 1345 3652 τδ
1358 3597 1532 3669 δικαστήριον]
1552 3598 1601 3652 Τον
1620 3599 1694 3652 τόπον
1710 3596 1765 3650 ἀντὶ
1779 3603 1831 3652 τῶν

212 3703 254 3736 νον
266 3681 332 3753 αύτῷ
343 3683 478 3749 κεκίνηκεν,
497 3679 564 3752 εἴπερ
584 3680 648 3733 ἔστιν
662 3678 698 3733 ἐπ’
713 3679 798 3749 ἐκείνῳ
818 3680 860 3732 καί
875 3681 931 3741 εαδς
949 3678 996 3747 ήδη
1042 3683 1067 3739 ἐν
1079 3690 1114 3755 τῷ
1124 3685 1206 3755 τόπῳ,
1221 3680 1275 3744 ἔθος
1290 3680 1407 3751 ἀρχαῖον.

133 3770 135 3773 ’
211 3763 366 3833 κρινομένους
377 3760 507 3823 ίκσιίυζειν·
526 3761 589 3830 ὁμοῦ
603 3760 629 3812 δέ
640 3761 681 3813 καί
694 3760 750 3822 τούς
764 3759 878 3822 δικαστάς
892 3760 996 3830 ριλονεί-
1076 3760 1137 3815 Οθδέ
1148 3759 1386 3831 μεταστρεφόμενος]
1398 3756 1511 3809 Τοιαῦται
1523 3755 1571 3827 γάρ
1581 3755 1604 3808 οί
1616 3755 1773 3827 ροόούμιναι.

211 3861 267 3902 κους
280 3840 396 3907 πεποίηκε
407 3840 465 3911 πρδς
476 3840 519 3893 τδν
532 3836 667 3893 Εύύουλαν.
705 3839 735 3891 El
745 3839 793 3911 γάρ
805 3838 896 3901 ίκεῖνος
907 3841 997 3906 ταύτην
1076 3840 1250 3910 Συντεύξεται]
1267 3838 1329 3892 Ἀντί
1339 3841 1383 3890 τοῦ
1394 3835 1601 3903 συνακολουθήσει
1613 3836 1629 3902 ί]
1643 3836 1740 3907 μᾶλλον
1750 3836 1829 3890 όταν·

212 3921 269 3992 εἶχε
282 3919 327 3986 τήν
336 3921 452 3974 ύπόνοιαν
466 3922 531 3973 ὥστε
542 3921 657 3974 δύνασθαι
671 3924 714 3987 τῆς
727 3921 843 3992 τιμωρίας
852 3919 997 3992 ἐξαιρεῖσθαι
1041 3921 1118 3988 τήσει.
1131 3921 1188 3973 ΒΥ.

212 4003 268 4064 τυδς
281 4002 450 4072 κρινομένους,
466 3999 590 4069 πρόδηλον
605 4001 643 4052 ότι
657 3999 855 4070 ριλονεικήσαασι
869 4000 910 4052 καλ
924 4020 998 4055 κατα·
1080 4000 1139 4053 Ἐάν
1152 4019 1178 4053 τε
1190 3997 1325 4058 διακοσίους
1335 3995 1377 4050 έάν
1388 4013 1414 4049 τε
1429 3995 1543 4066 χιλίους]
1557 3994 1596 4048 Ού
1610 3994 1658 4066 γάρ
1673 3993 1713 4046 διά
1725 3994 1753 4047 εδ
1763 3994 1829 4061 πλῆ·

212 4083 351 4152 γνώσονται
363 4083 407 4133 ταῦ
415 4076 517 4132 Μειδίαν
523 4115 534 4148 ,
544 4080 607 4131 ὥστε
621 4079 699 4140 δείξαι
707 4081 763 4149 παρ’
773 4079 856 4142 αύτοίς
867 4074 943 4132 οὖσαν
952 4080 997 4146 τήν
1042 4082 1098 4145 θος,
1114 4078 1180 4131 ἀλλὰ
1191 4077 1232 4130 διά
1242 4078 1298 4138 τούς
1308 4078 1398 4146 νόμους
1410 4074 1545 4144 ίσχύουσιν.

212 4161 314 4232 δύναμιν
327 4163 371 4215 τοῦ
384 4158 425 4212 καί
434 4157 528 4229 ἀφιέναι
542 4157 584 4210 καί
595 4157 718 4223 κολάζειν,
731 4157 789 4229 ὠχλ
800 4157 856 4229 παρ’
868 4157 995 4229 Εύύούλιμ.
1077 4159 1127 4230 Ἆρ’
1135 4159 1177 4212 έάν
1187 4178 1222 4220 τις
1231 4158 1300 4227 ὐμῶν
1310 4155 1484 4225 ἀδικούμενος]
1494 4155 1552 4225 Περὶ
1559 4157 1641 4224 κριτοῦ
1651 4155 1692 4206 καί
1701 4154 1826 4225 νόμωνίλ.

171 4246 187 4259 ”
250 4243 315 4306 582,
335 4245 376 4303 ιή.
390 4239 524 4310 Μέπεισμαι
536 4238 618 4290 τοίνυν
631 4238 674 4290 καί
685 4237 849 4307 Φιλιππίδου]
863 4238 998 4307 Πληρώσας
1080 4237 1233 4310 Ἆνακράγη]
1247 4237 1342 4305 Λέγων,
1353 4231 1375 4287 ὦ
1385 4236 1468 4303 νόμοι.

212 4322 242 4375 τδ
254 4323 325 4394 μέρος
338 4321 366 4373 τδ
384 4319 447 4372 κατὰ
464 4318 506 4372 τδν
526 4315 661 4383 Είίύουλον,
675 4320 734 4390 άπερ
748 4313 779 4385 ἦν
792 4319 825 4380 ὡς
843 4319 896 4371 καθ’
909 4318 997 4388 ύπερο-
1080 4318 1127 4371 Καὶ
1141 4317 1203 4388 μήτε
1217 4314 1391 4384 λειτουργίας]
1407 4312 1451 4364 Δια
1465 4310 1510 4377 τὴν
1522 4312 1681 4382 τριηραρχίαν
1699 4331 1709 4358 α
1723 4310 1784 4381 μήτε
1802 4309 1829 4363 δέ

202 4400 273 4471 γὴν,
289 4399 328 4455 έπλ
344 4399 399 4461 τοίνς
413 4398 504 4460 ἀλλους
519 4399 666 4469 συνηγόρους
686 4400 836 4470 κεχώρηκεν,
854 4398 942 4460 αίτινες
956 4399 999 4450 καί
1041 4399 1117 4468 ἀνδρα
1132 4419 1142 4447 ν
1156 4395 1196 4448 διά
1208 4395 1255 4449 τδν
1265 4391 1390 4446 Εύύουλον
1400 4392 1477 4462 λέγει,
1489 4392 1518 4444 τό
1528 4392 1553 4445 δέ
1567 4413 1577 4440 ι
1591 4391 1652 4462 μήτε
1661 4392 1751 4471 τέχνην
1765 4412 1776 4439 ν
1788 4389 1829 4441 διδ

186 4496 191 4503 ·
213 4481 315 4546 ήττανας
324 4479 459 4549 ἀξιώματος
473 4480 602 4548 μετέχουσι
616 4477 656 4530 καί
667 4477 716 4548 ούχ
728 4477 818 4548 ὁμοίως
831 4477 915 4543 ἠθικδν
928 4476 998 4530 άται·
1042 4480 1097 4539 ταδς
1108 4476 1255 4546 συνηγόρους
1266 4473 1308 4526 καί
1317 4470 1361 4538 τὴν
1372 4471 1477 4538 ἀπάτην.

213 4566 282 4613 τοῦσι
293 4560 336 4614 τδν
354 4559 443 4629 λόγον.
461 4558 605 4613 BsYch.
645 4556 714 4610 Μετά
732 4557 788 4620 τοδς
801 4558 885 4619 ίππέας
899 4553 998 4623 ἐξήτασε
1078 4556 1125 4608 ίίαλ
1133 4555 1240 4627 μάλιστα
1249 4558 1293 4607 τοῦ
1305 4555 1361 4607 θεοῦ
1374 4555 1446 4623 χάριν
1460 4553 1466 4622 ]
1484 4549 1631 4619 ’νίναγναίως
1642 4547 1700 4619 πρὸς
1711 4553 1747 4619 τῷ
1759 4548 1826 4601 τέλει

212 4641 269 4703 τούς
279 4641 334 4712 περὶ
343 4639 508 4709 Τιμοκράτην,
522 4641 553 4710 τῇ
563 4637 669 4710 διαύολῇ
677 4640 720 4705 τῆς
731 4638 859 4705 ποιότητας
868 4634 942 4701 αύτὴν
953 4635 998 4702 τὴν
1042 4641 1085 4689 τοῦ
1099 4634 1178 4706 λόγου
1189 4638 1233 4687 τοῦ
1246 4635 1301 4685 θεοῦ
1317 4634 1454 4703 μέμνηται,
1471 4627 1598 4698 ἐπειδήπερ
1608 4634 1656 4681 τῶν
1668 4626 1826 4697 ἀνθρωπίνων

214 4720 352 4792 μέλλουσαν
367 4719 422 4789 παρ’
437 4717 515 4771 αύτῶν
527 4718 655 4789 γίγνεσθαι
670 4717 801 4789 μαρτυρίαν
813 4716 904 4787 σαθρὰν
925 4715 997 4787 άπερ·
1042 4716 1071 4769 τά
1084 4720 1132 4769 τῶν
1144 4713 1288 4785 κρειττόνων
1301 4712 1352 4767 έστί
1363 4712 1534 4781 προτιμότερα.

213 4804 360 4872 γαζόμενας.
372 4799 446 4853 BSY.

251 4882 319 4945 5⁸2,
337 4895 378 4947 ¹7·
393 4877 525 4940 Ἀξιοῦντας
535 4878 637 4942 δοθῆναι
646 4872 690 4941 τὴν
702 4876 796 4946 χάριν]
809 4876 914 4947 Δριμίως
924 4876 996 4939 πάνυ,

212 4955 277 5022 οίαν,
295 4957 328 5030 μή
341 4958 389 5030 γάρ
400 4956 444 5011 οῦκ
455 4955 519 5019 ἀξίας
530 4958 635 5011 θανάτου
645 4955 754 5019 Μειδίας,
766 4953 799 5027 μή
809 4955 857 5026 γάρ
871 4955 914 5008 αύκ
927 4953 997 5026 ἴσμεν
1219 4976 1292 5031 m·
1313 4974 1391 5027 χχρχ
1412 4969 1647 5026 mmmm·

212 5041 247 5102 όνς
266 5039 365 5100 είκότως
386 5037 543 5109 ἀναρπάζοιτ*
562 5039 602 5100 άν,
625 5034 682 5087 ἀλλ’
697 5032 759 5106 ήμίν
778 5036 835 5088 δότε
853 5033 897 5101 τὴν
913 5036 997 5105 χάριν,

212 5119 274 5189 ήμίν
289 5119 362 5172 αὐτοῦ
375 5117 419 5185 τὴν
434 5116 556 5188 σωτηρίαν
570 5114 722 5188 δωρήσασθε.
1082 5109 1116 5164 ‘H
1130 5109 1213 5170 στάσις
1223 5111 1267 5161 τοῦ
1281 5107 1359 5177 λόγου
1371 5104 1539 5175 πραγματική,
1578 5102 1650 5155 Πᾶσα
1662 5100 1710 5172 γάρ
1723 5116 1830 5169 κατηγο·

250 5204 315 5265 582,
333 5217 376 5254 σο.
392 5198 510 5271 Χρήματα
523 5200 545 5251 δ’
557 5198 643 5269 αύτῷ]
659 5197 689 5249 Τί
702 5196 871 5267 δυσχεραίνετε
883 5194 941 5265 πρδς
952 5192 997 5259 τήν
1043 5191 1082 5260 ρέα
1096 5191 1173 5261 νόμου
1185 5187 1362 5258 ήψηρίσματος
1373 5182 1389 5250 ή
1401 5203 1466 5246 τινος
1476 5182 1613 5255 ίγγράρου,
1626 5180 1681 5251 περὶ
1694 5178 1830 5250 μέλλοντες

212 5279 305 5351 ψήψον,
318 5279 348 5347 ἣν
365 5277 390 5331 οί
404 5280 476 5348 νόμοι
493 5278 621 5349 κομίζουσι
650 5275 728 5328 λυπεῖ
744 5293 771 5328 σε
784 5272 888 5335 Μειδίας
900 5276 943 5340 τῆς
956 5271 998 5324 ού·
1043 5271 1136 5343 ἔχουσα
1158 5266 1202 5333 τὴν
1226 5268 1323 5337 σκέψιν,
1344 5262 1515 5335 πραγματικὴν
1537 5264 1643 5317 ποιεῖται
1667 5258 1712 5327 τήν
1732 5259 1830 5313 στάσιν·
