3967 5967
657 458 765 520 ιιιιιν.
787 458 889 519 νυνι
912 457 1199 519 τιιιοιιιιιιονε.
1498 443 1502 449 ’
1670 465 1722 517 ιιι

125 586 158 662 μή
172 589 277 661 καθαράς
300 588 410 661 ἐχόντων
423 588 467 651 τίις
482 589 583 661 χεῖρας,
604 588 680 657 δῆλός
693 584 744 643 ἐστι
755 606 903 659 παρεσκευα·
949 587 1029 643 ἐστιν·
1049 587 1072 642 εί
1087 588 1129 641 δἰδ
1150 588 1248 660 κέρδος,
1267 587 1357 659 φησίν,
1379 585 1507 659 ήρετίσατο
1529 584 1626 640 ἐναντία
1651 584 1730 661 ἐαυτῷ

124 671 210 742 σμένος
222 668 328 741 καθαράς
339 668 408 741 ἐχειν
421 667 465 732 τίς
476 670 562 740 χεῖρας
574 665 613 721 άεί
628 668 692 720 ὥστε
710 664 744 738 μή
760 664 826 721 είναι
839 665 904 729 είκδς
948 669 1047 735 θεῖναι,
1063 673 1113 724 τῶν
1127 670 1211 741 νόμων
1232 669 1381 722 κελευόντων
1407 667 1440 739 μή
1458 668 1510 722 δεῖν
1524 667 1610 730 ἄλλοις
1632 665 1730 721 ἐναντία

123 748 165 802 τόν
185 746 262 811 οθτως
283 748 375 821 έχοντα
395 749 497 820 γνώμην
510 747 552 801 τὀν
574 747 666 817 πατέρα
688 747 792 799 κτεῖναι.
840 746 905 817 Πρδς
946 748 1064 819 γράφειν,
1082 747 1107 801 τί
1122 749 1152 801 ἐν
1172 748 1335 818 προσεδοκᾶτε
1349 745 1422 800 αύτδν
1442 748 1537 811 ποιεῖν,
1551 743 1573 799 εί
1593 744 1654 817 μηδέ
1668 744 1729 799 ἐκω·

126 820 284 899 Ἀνδροτίωνα
296 828 323 882 δέ
336 829 375 881 δτι
385 827 428 881 τδν
441 827 531 898 πατέρα
544 825 652 880 ἐκάκωσε
665 826 783 898 περιιδὼν
793 824 866 879 αύτδν
877 824 904 881 ἐν
945 826 1019 881 λύετο
1031 826 1078 882 ύπδ
1089 832 1138 882 τῶν
1160 828 1243 897 νόμων
1258 826 1287 880 τό
1300 825 1398 879 ἐναντία
1411 828 1528 897 γράφειν;
1548 826 1727 882 ACDGRTV.

123 912 157 980 τῷ
168 907 329 979 δεσμωτηρίῳ
341 905 436 968 πολλάς
451 905 645 976 πενταετηρίδας.
659 907 717 959 RY.
981 924 1044 976 721,
1061 906 1102 962 νύ.
1119 907 1179 968 Τοῖς
1188 905 1292 975 ἄλλοις]
1309 905 1373 959 Ἀντί
1383 910 1427 960 τοῦ
1439 908 1491 968 τοῖς
1500 902 1547 972 ήδη
1561 905 1728 977 νομοθετήσα·

157 1010 220 1064 719,
235 996 281 1057 αή.
291 987 335 1055 Οίς
348 992 436 1047 ἅπασιν
448 990 472 1043 οί
482 990 525 1063 μίν
537 989 687 1062 ὑπάρχοντες
698 992 788 1064 νόμοι]
802 990 903 1062 Συφίζε·
945 1003 994 1037 σιν.
1007 985 1186 1039 ACDGRTV.

122 1089 161 1124 ται
172 1069 304 1124 κάνταῦθα.
320 1068 355 1123 Ού
370 1068 418 1142 γδρ
430 1069 485 1133 τοίις
495 1070 653 1141 προδιδόντας
664 1069 758 1123 κελεύει
771 1065 874 1123 λύεσθαι
888 1068 903 1123 ό
981 1079 1044 1131 7²1·
1059 1068 1101 1118 ιθ.
1116 1062 1212 1134 Ὥσπερ
1223 1064 1319 1129 τοίνυν,
1330 1059 1352 1118 ὦ
1363 1063 1447 1134 ἄνδρες
1463 1060 1601 1131 Ἀθηναῖοι]
1616 1060 1672 1117 'Aah
1684 1065 1729 1116 τοῦ

121 1149 284 1222 Τιμοκράτους
291 1150 379 1222 νόμος,
393 1148 511 1212 ούδέτοδς
521 1148 682 1221 ἀνδροφόνους
693 1146 748 1203 ούδέ
759 1153 815 1212 τοδς
824 1149 905 1202 κακώ-
944 1141 1045 1214 όμοίου·
1059 1143 1147 1214 ύμοιον
1156 1143 1204 1214 γάρ
1213 1140 1265 1196 ἐστι
1278 1142 1334 1204 τούς
1345 1145 1539 1213 κακουργοῦντας
1549 1141 1585 1196 ἐπ’
1595 1141 1729 1214 αύτοφώρῳ

122 1246 210 1291 σαντας
225 1228 281 1292 τούς
292 1229 393 1301 γονέας,
408 1227 475 1281 άλλέι
491 1229 548 1290 τούς
562 1228 599 1283 ἐπ’
615 1226 742 1299 όφλήμασι
752 1229 901 1299 δεδιμίνους.
943 1221 1045 1287 λαθεῖν,
1062 1221 1104 1274 καί
1127 1221 1282 1292 Τιμοκράτην
1304 1219 1342 1275 ἐπ’
1363 1219 1496 1293 αύτοφώρῳ
1516 1222 1641 1293 γράφοντα
1661 1221 1731 1293 αύτῆύΙ

122 1305 156 1360 Τδ
168 1306 195 1360 δέ
207 1307 314 1380 σόφισμα
326 1306 367 1360 διὰ
382 1310 426 1374 τῆς
436 1306 585 1378 όμωνυμίαςε
625 1302 656 1359 Ὅ
676 1304 724 1377 γάρ
737 1304 826 1377 δεσμός
841 1304 904 1360 κατίι
944 1301 1074 1356 τάναντία·
1091 1302 1276 1372 προοιμιάζεται
1289 1300 1316 1355 δέ
1333 1300 1421 1355 λοιπόν
1436 1300 1492 1371 περί
1509 1305 1553 1355 τοῦ
1565 1303 1729 1372 συμφέροντος

122 1387 219 1440 πάντων
238 1388 313 1443 ἐστίν·
333 1385 361 1439 ού
376 1385 423 1459 μήν
438 1386 566 1457 ἐπειδήπερ
586 1384 639 1439 λύει
660 1384 719 1457 πρδς
740 1387 831 1456 χρόνον
852 1387 904 1448 τοῖς
945 1379 1060 1435 ἐνταῦθα.
1073 1382 1155 1435 ch.
1729 1451 1732 1456 Ι

118 1464 245 1535 ὀφείλουσι
261 1467 317 1530 τούς
327 1465 452 1538 δεσμούς,
473 1464 521 1534 ήδη
533 1464 575 1518 καί
587 1465 667 1519 πάντα
688 1465 817 1536 δεσμώτην
838 1462 900 1517 λύει·
980 1476 1043 1528 721,
1058 1462 1098 1515 ιθ.
1109 1459 1172 1521 Τούς
1184 1458 1385 1531 όμολογοῦντας]
1405 1458 1440 1512 Ού
1450 1458 1490 1512 διά
1502 1463 1545 1526 τῆς
1557 1463 1656 1530 φωνῆς,
1670 1458 1733 1531 ἀλλ’9

120 1544 246 1600 RYTCV.
945 1537 969 1601 ἐξ
980 1538 1060 1592 αύτῶν
1076 1543 1126 1592 τῶν
1143 1540 1304 1611 πραγμάτων.
1317 1541 1496 1593 ACDGRTV.

155 1640 216 1693 720,
230 1629 257 1689 ή.
278 1622 483 1695 Ἐξωσθήσομαι]
505 1621 569 1676 Ἀντί
583 1627 627 1676 τοῦ
646 1621 692 1684 ἐξω
705 1626 750 1675 τοῦ
763 1624 847 1692 καιροῦ
860 1640 902 1692 γε.
981 1636 1043 1688 721,
1054 1635 1099 1672 αα.
1112 1617 1238 1691 θάτερον]
1254 1618 1356 1690 Ἕτερον
1369 1619 1442 1682 τιθείς
1455 1617 1566 1674 ἐναντίον
1577 1622 1729 1693 τῷπροτίριρ

120 1703 226 1775 νήσομαι
237 1706 281 1757 τοῦ
296 1702 383 1765 ύδατος
396 1701 619 1765 καταναλωθέντος.
636 1703 670 1758 Υ.
945 1698 1016 1769 νόμην
1029 1702 1064 1770 τῷ
1076 1696 1160 1750 αύτοῦ.
1173 1700 1230 1752 Aa.

156 1799 218 1851 720,
236 1788 278 1837 16.
295 1781 473 1854 Σιωπήσομαι]
491 1780 560 1834 Ἀντί
573 1786 617 1835 τοῦ
632 1779 711 1834 ούκίτι
726 1799 773 1851 μου
784 1777 810 1832 έν
823 1778 902 1850 τούτῳ
981 1792 1043 1850 γει,
1060 1777 1105 1831 23.
1119 1775 1177 1830 Ὅτι
1193 1776 1236 1848 μίν
1249 1776 1348 1847 τοίνυν]
1363 1774 1409 1828 Καί
1426 1774 1491 1846 παρὰ
1503 1774 1602 1837 τούτους
1612 1775 1628 1842 ῆ
1640 1774 1728 1829 άνακε·

120 1860 193 1931 χρεία
203 1861 256 1915 ἐστί
266 1863 310 1914 τοῦ
322 1860 471 1932 κατηγόρου.
523 1859 602 1912 Ἔνθα
615 1859 663 1931 γάρ
674 1858 746 1922 αύτδς
760 1857 845 1911 ίαυτοῦ
858 1857 900 1909 Τι-
943 1853 1078 1923 φαλαίωσις
1092 1852 1117 1907 ἐν
1131 1856 1198 1927 μέσῳ
1210 1854 1373 1927 λαμύάνεται.
1381 1856 1558 1924 ACDGRTV.
1571 1855 1730 1927 Προοιμιάζε·

121 1940 246 2011 μοκράιης
270 1942 419 2012 κατηγορεῖ,
444 1939 488 1992 καί
511 1935 638 2010 τήνίέμήν
663 1934 728 1999 τάξιν
752 1934 901 2009 ἀναπληροῖ.
947 1952 988 1986 ται
1008 1932 1096 1989 λοιπόν
1119 1936 1175 2005 περί
1196 1939 1240 1989 τοῦ
1258 1936 1369 2006 δευτίρου
1387 1934 1536 2005 κεφαλαίου,
1561 1938 1670 1990 τουτέστι
1685 1939 1729 1988 τοῦ

119 2019 225 2073 mcv,
945 2014 1118 2085 συμφέροντος.
1159 2012 1292 2068 Ἐντεῦθεν
1307 2012 1373 2086 παρά
1386 2017 1442 2076 τούς
1461 2015 1647 2084 προειρημένους
1661 2012 1730 2080 λέγει

156 2113 217 2164 7²0,
242 2114 284 2168 19.
310 2096 497 2170 ίύίααγγελίαν]
524 2095 705 2169 Ἐμφανισμδν,
729 2095 841 2165 μήνυσιν,
867 2099 902 2151 Α.
945 2092 1002 2155 τούς
1018 2093 1130 2164 περὶτοῦ
1150 2096 1299 2166 προσώπου,
1315 2091 1380 2165 παρὰ
1397 2094 1496 2156 τούτους
1514 2093 1607 2155 δέτσὶις
1622 2095 1728 2166 νόμους,

120 2173 272 2247 Είσαγγελία
285 2175 384 2231 δίέστιν
403 2176 484 2247 ὄνομα
498 2176 566 2243 δίκης
583 2175 646 2231 κατὰ
661 2181 710 2229 τῶν
730 2175 903 2230 καταλυόντων
945 2172 1002 2234 τούς
1015 2172 1069 2245 περί
1082 2173 1235 2245 πράγματος.
1272 2170 1351 2243 Ὅπερ
1365 2172 1392 2227 δέ
1402 2172 1509 2244 λέγομεν
1528 2172 1661 2236 πολλάκις,
1674 2172 1728 2226 δεῖν

120 2250 165 2319 τήν
178 2254 343 2326 δημοκρατίαν
357 2254 412 2307 καθ’
423 2249 477 2308 οίον
491 2254 582 2321 δήποτε
596 2255 696 2325 τρόπον.
711 2253 813 2309 ATCV.
945 2248 988 2314 τάς
1007 2249 1032 2307 ίν
1047 2252 1129 2324 μέσοις
1142 2254 1195 2315 τοῖς
1211 2250 1297 2323 λόγοις
1319 2250 1445 2322 είρημίνας
1465 2251 1625 2323 προοιμιακίις
1637 2249 1744 2312 ἐννοίας’

155 2347 218 2401 7ου,
233 2332 258 2387 3.
272 2333 333 2403 Λέγε
345 2330 427 2394 αύτοῖς
444 2332 503 2386 αύτδ
517 2336 590 2386 τοῦτο
606 2332 698 2404 πάλιν]
717 2329 821 2398 Ἐπειδή
844 2331 904 2388 αύτό
945 2333 1026 2386 ποιεῖν
1040 2332 1232 2404 σνμπεράσματα
1251 2331 1294 2384 καί
1306 2330 1515 2402 προκαταρκτυιίις
1533 2329 1643 2396 ἐννοίας,
1656 2335 1730 2384 τοῦτο

118 2409 170 2465 ἐστι
181 2410 209 2464 τδ
225 2410 325 2482 ἰσχυρόν
335 2450 343 2476 ,
355 2411 475 2474 πολλάκις
488 2410 547 2464 αύτό
560 2411 642 2483 λέγει,
655 2410 684 2465 τδ
696 2400 801 2465 δεδίσθω
814 2411 861 2474 ίως
873 2413 903 2464 ἐν
944 2412 1101 2484 φυλάσσουσα
1114 2412 1156 2465 καί
1169 2410 1184 2478 ή
1197 2414 1308 2481 παροῦσα
1323 2411 1433 2480 φαίνεται
1453 2411 1529 2472 τάξις.
1566 2408 1631 2464 Εἶτα
1644 2408 1731 2482 ἐξαιρί-

118 2490 211 2565 ἐκτίσῃ.
223 2490 303 2546 TCV.
321 2492 439 2545 ύοκοῦσιν
458 2490 564 2545 ἐναντίοι
578 2511 630 2554 ποις
648 2489 768 2557 ἀλλήλοις
781 2489 806 2543 οί
819 2492 901 2563 νόμοι.
946 2510 1012 2545 σεσιν
1036 2489 1120 2544 αίτιῶν
1143 2491 1280 2562 κέχρηται,
1299 2489 1380 2561 λέγων
1400 2491 1438 2543 δτι
1456 2490 1486 2543 ού
1509 2489 1629 2562 τολμήσει
1647 2490 1729 2560 λίγειν

118 2570 190 2640 Τάχα
202 2569 230 2624 δέ
251 2569 295 2623 ούκ
314 2569 374 2623 εἰσίν
394 2569 510 2625 ἐναντίοι·
525 2569 618 2624 κελεύει
632 2570 676 2645 μίν
692 2568 768 2641 γδρό
789 2572 904 2642 πρότερος
946 2571 980 2633 ὡς
992 2568 1037 2623 ούκ
1051 2568 1173 2635 ἐναντίος,
1184 2567 1240 2621 ούδέ
1253 2568 1348 2639 ἄπειρος
1365 2567 1405 2621 καί
1420 2567 1533 2636 ἰδιώτης,
1548 2569 1603 2625 ούδὲ
1617 2571 1730 2641 συγγνώ-

118 2648 245 2714 δεδέσθαι,
261 2648 307 2711 έως
322 2649 352 2701 δν
367 2647 494 2713 ἐκτίσωσι,
510 2648 576 2703 καίό
590 2649 698 2719 δεύτερος
710 2648 803 2702 κελεύει
811 2649 904 2721 ὁμοίως
949 2666 995 2718 μης
1006 2648 1080 2710 άξιος.
1120 2646 1234 2719 ’ίρχεται
1246 2644 1273 2699 δέ
1286 2648 1328 2712 τῆς
1343 2642 1479 2716 ἐξαιρέσεως
1492 2669 1503 2696 ε
1519 2649 1635 2718 θαυμάζω
1648 2646 1675 2701 δέ
1686 2647 1729 2701 αύ·

119 2721 244 2790 δεδέσθαι,
257 2724 315 2777 ἄλλ’
330 2725 344 2777 ό
365 2724 408 2797 μέν
421 2725 538 2793 διηνεκῶς
549 2725 659 2779 δεδέσθαι
672 2723 781 2791 κελεύει,
796 2724 810 2777 ό
824 2725 903 2793 δέδε·
947 2731 999 2781 τοῦ.
1018 2750 1030 2779 ν
1047 2725 1094 2782 ‘Aa
1107 2727 1133 2782 δέ
1144 2727 1170 2780 αί
1181 2726 1304 2798 ἐξαιρέσεις
1318 2729 1361 2779 τοῦ
1375 2726 1481 2798 νομίμου
1493 2727 1625 2798 κεφαλαίου
1636 2730 1731 2800 τυγχά-

119 2802 200 2855 δέσθαι
211 2802 255 2875 μίν
266 2803 309 2856 καί
321 2802 392 2866 αύτδς
402 2802 470 2857 ούδέν
484 2796 559 2869 ήττον
570 2804 728 2873 προστάττει,
745 2805 816 2875 μέχρι
827 2804 854 2858 δέ
866 2824 903 2858 τι·
947 2825 1040 2863 νουσιν.
1052 2808 1111 2861 RY.

120 2899 160 2943 νος
170 2882 330 2936 διαπιστεύειν
342 2882 430 2946 αύτούς
441 2882 529 2936 άνεσιν
542 2882 673 2953 βούλεται,
692 2883 735 2936 καί
755 2886 843 2937 τοῦτον
862 2884 902 2937 ύπ’
982 2884 1040 2941 Ὅτι
1053 2886 1097 2958 μίν
1112 2886 1193 2940 τοίνυν
1207 2885 1250 2939 καί
1262 2883 1326 2956 παρά
1338 2884 1454 2956 τούτους]
1470 2884 1532 2947 Τούς
1544 2885 1599 2958 περί
1610 2889 1654 2939 τοῦ
1668 2888 1729 2958 πρά·

120 2959 251 3030 ἐγγυηταῖς
263 2962 347 3025 αύτοῖς
361 2961 426 3016 εἶναι
446 2961 490 3016 τόν
508 2962 609 3034 χρόνον.
665 2956 743 3016 Ὥστε
762 2960 806 3015 ούκ
820 2963 849 3016 ἐν
865 2961 903 3032 είη
946 2984 1041 3036 γματος
1061 2965 1188 3033 δηλονότι.
1227 2963 1292 3017 Είτα
1317 2963 1460 3034 ἐξαιρέσεσιν
1484 2963 1568 3018 αίτιῶν
1596 2966 1729 3036 κέχρηται,

118 3037 234 3101 ἐναντίος·
251 3039 362 3094 ἐναντίον
376 3040 425 3113 γάρ
437 3040 466 3094 τδ
480 3038 631 3112 άναιριτικδν
648 3043 692 3093 τοῦ
707 3036 798 3112 έτίρου.
835 3040 866 3094 Εί
878 3041 905 3096 δέ
946 3043 1028 3116 λέγων
1042 3044 1081 3098 δτι
1094 3042 1122 3097 ού
1136 3042 1256 3115 τολμήσει
1266 3042 1348 3114 λέγειν
1361 3043 1395 3105 ὡς
1408 3042 1453 3097 οθκ
1463 3042 1587 3109 ἐναντίος,
1600 3042 1655 3097 ούδέ
1664 3044 1731 3097 άπει-
1819 3056 1824 3068 “

118 3117 162 3171 αλκ
175 3116 273 3190 ἐναιρεῖ
284 3119 326 3173 τδν
344 3121 399 3191 περί
416 3126 465 3174 τῶν
480 3123 577 3193 δεσμῶν
589 3120 667 3175 πάλαι
678 3120 790 3193 κείμενον
809 3123 901 3193 νόμον,
947 3143 987 3194 ρος
999 3123 1040 3176 καί
1051 3121 1148 3191 ίδιώτης
1155 3162 1163 3188 ,
1176 3121 1231 3176 ούδέ
1244 3141 1268 3175 τι
1282 3124 1432 3195 συγγνώμης
1444 3121 1517 3185 άξιος.
1555 3123 1647 3194 Πρέποι
1661 3124 1684 3175 δ’
1697 3126 1726 3176 ἂν

119 3201 155 3269 τῷ
166 3196 209 3249 καί
233 3197 307 3262 αύτδς
323 3200 481 3270 προστάττειν
503 3199 594 3272 δεσμόν
612 3199 656 3254 ούκ
677 3200 707 3253 δν
729 3197 768 3269 είη
786 3199 902 3263 ἐναντίος.
946 3200 962 3269 ή
976 3199 1090 3273 ἐξαίρεσις
1102 3206 1138 3273 τῷ
1150 3205 1305 3272 καταφορικῷ
1316 3200 1387 3272 λόγῳ
1398 3200 1439 3254 καί
1450 3206 1486 3273 τῷ
1497 3202 1566 3273 τόπῳ
1576 3205 1620 3268 τῆς
1629 3203 1731 3273 γνώμης

118 3276 245 3331 AYTCV.
949 3282 1046 3348 καὶτῆς
1061 3279 1211 3352 βουλήσεως.
1250 3279 1363 3351 Ἀρχεται
1376 3279 1403 3333 δέ
1416 3282 1460 3346 τῆς
1469 3279 1605 3351 ἐξαιρέσεως
1619 3279 1667 3335 άπδ
1687 3285 1731 3335 τοῦ

155 3371 217 3423 γει,
230 3373 272 3411 ιο.
289 3356 430 3430 ίίατηγαρεῖ
438 3356 592 3431 Τιμοκράτης
609 3358 789 3431 Τιμοκράτους]
803 3358 905 3414 Ὧσανεί
950 3382 963 3409 ε
982 3361 1100 3432 θαυμάζω
1111 3358 1137 3413 δέ
1157 3358 1244 3415 αύτοῦ.
1261 3381 1272 3409 ι
1291 3358 1338 3413 ’λεί
1355 3358 1381 3413 δέ
1395 3359 1420 3412 αί
1434 3358 1558 3430 ἐξαιρέσεις
1570 3364 1612 3412 τοῦ
1625 3360 1731 3431 νομίμου

118 3431 200 3505 έλεγε·
223 3434 377 3507 Τιμοκράτης
397 3432 564 3510 Τιμοκράτους
580 3438 731 3508 κατηγορεῖ,
753 3434 857 3500 άντιθείς
869 3442 905 3508 τῷ
948 3441 1025 3510 μόνου
1041 3439 1172 3511 κεφαλαίου
1184 3439 1344 3510 τυγχάνουσι.
1382 3437 1506 3510 Κέχρηται
1520 3439 1546 3492 δέ
1556 3439 1670 3503 ταύταις,
1686 3439 1729 3491 ίνα

118 3515 189 3587 νόμῳ
201 3516 244 3569 τδν
258 3518 349 3588 νόμον·
364 3518 406 3571 καί
418 3517 528 3588 περιττός
539 3517 553 3570 ό
566 3516 711 3588 κατήγορος.
725 3519 760 3573 Α.
948 3518 1066 3592 άπαγάγη
1079 3518 1166 3581 αύτούς
1179 3521 1222 3585 τῆς
1239 3518 1294 3589 περί
1312 3518 1341 3571 τό
1363 3519 1483 3589 συμφέρον
1502 3516 1605 3581 ἐννοίας.
1642 3520 1731 3590 Διόπερ

154 3611 217 3665 φοι,
233 3612 274 3649 ιι.
289 3595 375 3649 Καίτοι
385 3598 451 3659 τίνος
470 3598 500 3650 ἂν
519 3595 578 3668 ύμῖν
598 3594 763 3667 ἀποσχέσθαι]
777 3594 904 3651 Ἐντεῦθεν
947 3596 1026 3662 αύξων
1045 3596 1093 3652 άπδ
1116 3602 1160 3666 τῆς
1177 3597 1342 3666 πηλικότητος
1355 3597 1384 3651 τδ
1401 3595 1526 3669 ἀδίκημα,
1540 3598 1631 3669 φησίν,
1644 3598 1689 3653 ούκ
1699 3594 1731 3666 ήν

120 3673 221 3744 άρχεται
244 3680 292 3728 τών
307 3674 455 3747 ίπιλογικῶν
474 3678 518 3729 τοῦ
540 3676 626 3747 νόμου·
647 3673 787 3746 ἐλήφθησαν
808 3674 835 3729 δέ
856 3674 904 3731 άπδ
947 3679 1044 3748 άπειρος
1055 3677 1156 3748 νόμων,
1171 3675 1216 3729 ούκ
1226 3670 1256 3743 ήν
1267 3674 1365 3743 ίδιώτης
1379 3674 1573 3750 όΤιμοκράτης’
1587 3675 1635 3748 ούχ
1646 3677 1732 3733 ἱκανοῦ

119 3754 231 3825 γνώμης.
271 3751 372 3820 Ἐπειδὴ
385 3753 433 3827 γίιρ
445 3754 507 3828 μετίι
519 3754 563 3809 τδν
574 3754 681 3826 ἔλεγχον
696 3751 777 3820 ἐζήτει
789 3754 903 3825 μαθεῖνό
947 3757 1018 3819 ὄντος
1035 3756 1102 3828 αύτῷ
1117 3755 1337 3827 τοῦσυμφέροντος
1350 3754 1410 3826 πρδς
1430 3753 1567 3827 ἀπολογίαν
1581 3762 1617 3829 τῷ
1636 3757 1731 3830 τολμή-

119 3831 242 3903 άκροατῆς
254 3830 299 3899 τήν
311 3833 390 3889 αἰτίαν
408 3834 440 3887 δι’
454 3836 485 3904 ῆν
499 3832 613 3907 προήχθη
627 3835 739 3887 τοιοῦτον
757 3833 846 3905 γράψαι
866 3836 906 3889 νό·
948 3854 1019 3890 σαντι
1029 3834 1174 3891 ύπεναντίον
1186 3835 1276 3907 γράψαι
1288 3837 1341 3898 τοῖς
1354 3837 1453 3907 νόμοις,
1467 3834 1518 3888 ούδ*
1531 3835 1553 3890 εί
1568 3837 1640 3908 μυρία
1651 3841 1731 3892 κατεί-

119 3930 178 3982 μον,
190 3912 304 3984 φοῦηθείς
324 3911 359 3986 μή
373 3913 413 3969 ἐπί
432 3915 461 3969 τδ
484 3917 603 3987 συμφίρον
628 3913 752 3985 τρέψεται,
768 3912 857 3984 συνῆψε
875 3912 905 3966 τδ
948 3935 990 3968 ποι
1004 3916 1166 3988 συμφέροντα.
1206 3912 1250 3967 Ἐν
1263 3912 1291 3968 δὲ
1303 3920 1340 3987 τῷ
1351 3913 1402 3968 ow
1417 3914 1475 3986 ύπέρ
1487 3922 1613 3987 συγγενῶν
1632 3922 1742 3988 χαριεν-’

118 3988 222 4061 αίσχφδν
236 3990 325 4046 τδάπδ
339 3997 382 4060 τῆς
400 3995 553 4066 μισθαρνίας,
572 3994 617 4046 ’ίνα
638 3994 681 4046 τδν
696 3989 819 4063 ἀκροατήν
838 3991 905 4065 αύτῷ
948 3995 1034 4066 τισμδς
1052 3995 1126 4050 πάλιν
1143 3994 1218 4050 ἐστίν.
1259 3992 1414 4061 Ἐπιτήδειον
1429 3995 1456 4049 δὲ
1474 3996 1515 4049 καί
1535 3997 1686 4067 συμφέροντα
1705 3997 1733 4052 ἐκ

118 4068 221 4122 δύσνουν
240 4074 420 4137 κατασκευάσας
439 4074 610 4146 παρασκευάσῃ
625 4073 687 4144 μηδί
708 4072 765 4137 τούς
778 4071 836 4145 ύπέρ
860 4076 905 4127 τοῦ
948 4074 1110 4146 παραλλήλου
1121 4074 1189 4146 λέγει
1198 4073 1226 4126 τδ
1236 4071 1306 4128 αύτό.
1317 4076 1423 4128 mcv,

118 4150 281 4221 ωμφίροντος
294 4148 409 4214 εύνοίκῶς
422 4153 533 4216 δέξασθαι
551 4153 649 4225 λόγους.
662 4153 743 4209 TCV.
985 4170 1048 4224 722,
1070 4172 1112 4208 ια.
1138 4152 1218 4226 Οἶμαι
1232 4152 1261 4220 δὴ
1288 4154 1380 4215 πάντας
1397 4153 1475 4225 ύμεῖς]
1498 4153 1609 4224 Ἀρχεται
1628 4153 1671 4225 μέν
1688 4158 1732 4206 τοῦ

155 4226 240 4281 ίίαίτοι
251 4230 371 4302 τίνοςόν]
382 4230 510 4286 Ἐντεῦθεν
522 4233 625 4304 ἄρχεται
636 4238 685 4287 τῶν
700 4230 848 4303 ίπιλογικιῦν
857 4236 901 4287 τοῦ
948 4235 1111 4305 συμφέροντος
1129 4231 1254 4296 ἐντεῦθεν,
1267 4232 1348 4300 τίθησι
1371 4231 1398 4285 δέ
1411 4231 1442 4285 τί
1461 4232 1641 4304 ἐπιχειρήματα
1654 4232 1678 4295 ἐξ
1695 4230 1731 4287 ὧν

118 4306 211 4376 νόμου·
229 4304 455 4381 άγωνιστικώτερον
476 4311 503 4366 δέ
526 4313 687 4384 προήχθησαν
704 4311 747 4375 καί
764 4311 904 4384 ἐλήφθησαν
949 4314 1005 4375 τούς
1019 4314 1106 4376 τόπους
1118 4317 1162 4367 τοῦ
1177 4313 1339 4383 συμφέροντος
1351 4310 1464 4382 λήψεται.
1503 4310 1733 4366 Ἐοτιδέτίάνω-

120 4382 169 4438 inb
178 4386 294 4457 γνώμης·
311 4387 397 4459 έχουσι
408 4390 435 4444 δί
447 4389 570 4463 ἀναφοράν
588 4390 685 4463 πρδςτδ
698 4391 838 4465 προοίμιον.
858 4391 906 4444 Καὶ
949 4393 1015 4445 τάτω
1031 4392 1102 4463 τρία·
1118 4392 1145 4445 ἐν
1161 4391 1221 4462 μίν,
1238 4392 1277 4445 ότι
1289 4391 1331 4443 δεῖ
1341 4390 1384 4444 τδν
1400 4391 1478 4459 νόμον
1494 4386 1560 4442 εἶναι
1582 4389 1677 4443 άπλοῦν
1691 4391 1734 4444 καί

119 4463 169 4535 γὰρ
191 4461 216 4517 ἐν
241 4470 277 4538 τῷ
297 4469 387 4540 πρώτῳ
409 4470 531 4542 προοιμίῳ
545 4470 620 4541 φησίν
642 4469 716 4524 αύτδν
736 4470 768 4523 δι’
790 4468 905 4543 άργύριον
952 4471 1010 4543 μίαν
1030 4469 1097 4543 ἐχειν
1118 4472 1244 4524 διάνοιαν·
1260 4472 1333 4523 τοῦτο
1354 4470 1381 4524 δί
1401 4466 1466 4522 ἐστιν
1485 4467 1534 4523 άπδ
1547 4472 1592 4523 τοῦ
1615 4469 1730 4541 άσαφοῦς.

119 4542 276 4613 προαχθῆναι
291 4547 471 4617 νομοθετῆσαι,
497 4547 538 4600 καί
555 4546 581 4601 ίν
604 4550 657 4611 τοῖς
675 4547 799 4621 ἐπιλόγοις
812 4549 906 4613 τούτοις
949 4552 1065 4624 Δεύτερον
1077 4551 1120 4617 δέ,
1132 4552 1171 4606 δτι
1184 4552 1223 4604 δεῖ
1235 4549 1278 4605 τόν
1287 4552 1364 4621 νόμον
1379 4547 1482 4612 δυνατός
1493 4547 1562 4620 ἐχειν
1575 4548 1618 4611 τίες
1628 4549 1731 4620 πράξεις·

120 4617 304 4687 Μάλλιον
313 4625 416 4695 γνώμην
431 4623 626 4696 δεούσαιν
639 4625 746 4699 αρνυρο
756 4629 906 4699 γεγραφότα
949 4634 1022 4686 ποτε
1039 4629 1106 4684 εειι
1122 4627 1414 4701 εινπινπιιιςμει
1429 4628 1481 4701 εμπ
1494 4626 1555 4684 εστι.
1593 4630 1680 4700 τριτον
1695 4631 1731 4694 ει,

120 4696 164 4751 τὀν
179 4699 265 4771 νόμον.
303 4702 400 4757 Τῶνδί
413 4705 555 4758 τόπωντών
573 4703 598 4759 ἐν
615 4707 667 4768 τοῖς
681 4705 837 4778 ἐπιλόγοιςύ
861 4706 904 4779 μέν
950 4712 988 4766 δτι
1004 4711 1046 4764 δεῖ
1056 4709 1100 4763 τὀν
1123 4711 1200 4780 νόμον
1215 4709 1304 4780 μηδενί
1324 4713 1373 4763 τῶν
1395 4707 1545 4762 ἀδικούντων
1559 4709 1655 4764 διδόναι
1674 4729 1734 4780 συγ·

121 4773 172 4830 ἐπί)
186 4781 230 4830 τοῦ
249 4777 386 4835 άκολούθου
408 4785 629 4850 κατασκευάζεται,
647 4786 686 4838 δτι
701 4784 836 4841 άκόλουθόν
855 4787 906 4842 ἐστι
949 4791 1062 4863 γνώμην.
1103 4787 1172 4855 Ἤδη
1192 4789 1220 4842 δέ
1242 4788 1294 4843 ἐστι
1317 4792 1390 4843 τοῦτο
1410 4787 1439 4841 τύ
1466 4787 1576 4855 δίκαιον,
1599 4789 1658 4859 ὅπερ
1685 4788 1736 4860 ίδία

120 4853 166 4909 τὸν
181 4855 212 4909 τά
225 4863 327 4913 τοιαῦτα
338 4863 551 4933 νενομοθετηκότα
562 4863 604 4918 καί
617 4863 706 4937 πολλῷ
720 4862 846 4936 τολμῆσαι
858 4866 906 4918 δει-
950 4868 1037 4933 εἰσάξει
1060 4867 1123 4942 μετθι
1137 4869 1166 4922 τό
1185 4870 1321 4945 συμφίρον,
1341 4868 1474 4922 σνντελοῦν
1484 4866 1511 4922 δέ
1524 4866 1569 4934 τήν
1582 4868 1735 4937 κατασκευήν

118 4936 232 5005 κότερον.
274 4936 305 4991 Ὅ
315 4939 342 4995 δέ
353 4927 486 5014 δεύτεροξε
502 4944 583 5014 ὥσπερ
596 4943 693 5010 τοίνυν,
706 4938 823 5014 ώάνδρες
837 4942 906 5012 Ἀθη·
949 4953 994 5003 τοῦ
1005 4950 1177 5021 συμφέροντος.
1215 4947 1260 5001 Διὰ
1274 4948 1298 5003 τί
1311 4943 1355 5002 οδν
1371 4948 1400 5002 τδ
1413 4947 1598 5019 προηγούμενον
1609 4948 1734 5020 Τιμοκρά.

125 5034 137 5061 ι
159 5015 242 5078 ναῖοι,
268 5038 280 5067 ν
303 5016 351 5074 άπδ
374 5023 418 5074 τοῦ
436 5020 533 5093 όμοίου.
570 5020 677 5094 Ὅμοιον
702 5022 751 5095 γάρ
776 5020 827 5076 ἐστι
851 5022 907 5087 τούς
950 5046 1021 5091 τους,
1035 5025 1208 5081 τοῦτ’έστιτδ
1222 5028 1331 5094 δίκαιον,
1345 5027 1409 5081 οθτω
1428 5024 1573 5091 συνίπλεξι,
1589 5024 1687 5099 μᾶλλον
1708 5027 1735 5083 δέ

122 5099 319 5165 κακουργοῦντας
333 5099 371 5155 ἐπ’
386 5099 526 5175 αύτοφώρῳ.
536 5101 624 5156 λαθεῖν
635 5102 678 5156 καί
695 5102 850 5175 Τιμοκράτην
869 5102 906 5159 ἐπ’
950 5106 1091 5179 προσέρριίφε
1099 5112 1135 5179 τῷ
1149 5109 1309 5179 συμφέρουςι;
1325 5106 1432 5179 μάλιστα
1442 5104 1486 5178 μέν
1494 5105 1538 5159 ἵνα
1550 5125 1736 5163 mmm·

122 5168 250 5247 νέτοφύριμ
263 5179 389 5249 γράφοντα
403 5179 469 5253 αύτῷ
479 5180 609 5236 τάναντία.
625 5182 683 5236 RY.
951 5187 994 5241 κδν
1011 5187 1039 5241 τὸ
1053 5187 1138 5239 άδικσν
1152 5192 1195 5239 τοῦ
1208 5185 1347 5258 άσυμφόρου
1360 5187 1474 5257 γένηται,
1488 5184 1522 5247 ὣς
1531 5182 1647 5256 βούλεται
1659 5186 1674 5241 ό
1687 5186 1735 5255 θη·

160 5268 222 5321 721,
242 5257 283 5313 ιθ.
303 5256 388 5321 Ὅστις
403 5259 519 5333 ἐναντία]
545 5259 578 5313 Ὅ
601 5260 665 5315 θέλει
679 5259 771 5327 εἰπεῖν,
795 5264 906 5317 τοιοῦτόν
952 5266 1084 5336 μοσθένης·
1101 5262 1176 5318 ἔπειθ’
1187 5264 1230 5316 ίνα
1244 5265 1366 5336 προειπὼν
1380 5263 1456 5337 κλίήγς
1474 5266 1517 5316 τοῦ
1530 5262 1625 5317 δικαίου
1638 5261 1683 5330 τήν
1699 5263 1735 5320 τί·

221 5362 348 5401 omum.
358 5365 383 5401 u.
1593 5360 1622 5407 νο
1688 5391 1693 5397 ·
