3967 5967
244 427 301 478 5²8
776 419 916 480 ΣΧΟΛῘΛ
939 421 1003 480 ΕΙΣ
1023 421 1296 482 ΔΗΜΟΣΘΕΝΗΝ.

242 551 291 599 τῶν
305 548 348 599 δύο
361 548 453 600 τούτων
466 547 577 612 όῦολιῗιν,
593 550 651 609 τέως
667 548 709 619 μέν
724 547 748 601 ἰν
767 553 798 620 τῆ
810 549 876 622 ἀρχῇ
889 553 962 604 τοῦτο
974 551 1014 605 λέ·
1059 550 1131 617 σκευὴ
1146 556 1189 605 τοῦ
1204 554 1334 623 προοιμίου
1346 551 1408 604 κατά
1423 551 1602 620 ἀποσιώπησιν·
1626 554 1655 607 ού
1669 554 1716 628 γάρ
1731 555 1832 627 ἐρρήθη.

242 644 295 696 γειν
309 633 415 697 φανερῶς
428 627 606 692 ἀναόάλλεται,
619 632 691 680 τοῦτο
703 628 729 679 δέ
741 628 823 690 αἰετοῖς
841 629 954 683 ύπονοεῖν
967 649 1015 683 πα·
1058 630 1139 685 ch,
1548 646 1552 661 ·

243 707 309 774 ρέχει
322 706 362 758 διά
382 711 425 759 τσῦ
438 706 513 761 εἰπεῖν
527 708 565 759 ότι
579 709 718 777 προκριτέον
731 707 782 760 ἐστὶ
795 707 823 760 τδ
837 710 955 778 συμφέρον
967 714 1015 761 τῶν
1094 708 1221 773 Μετῆλθεν
1234 706 1268 777 ἐφ’
1282 707 1362 777 ἑτέραν
1377 707 1488 772 έννοιαν,
1499 706 1543 773 τὴν
1556 711 1655 779 πρώτην
1665 710 1731 780 ἀφείς
1743 711 1834 765 άιιατά·

243 787 387 855 χρημάτων.
426 786 471 837 Καί
490 787 534 839 οἰκ
555 785 623 840 εἶπεν
642 786 723 847 ἁπλῶς
736 788 881 857 χρημάτων,
895 786 964 839 ἀλλά
974 787 1016 840 καί
1058 804 1153 839 σκευον.
1191 783 1405 838 Λίτιονδέτούτου
1416 788 1444 839 τό
1459 791 1503 852 τῆς
1514 788 1651 857 προτάσεως
1662 789 1767 850 ἔνδοξονι
1781 782 1862 863 ἔχειι

241 863 355 927 πολλῶν,
368 863 450 931 δηλῶν
467 866 505 916 ότι
518 864 540 916 εἰ
549 864 648 917 πολλῶν
662 866 796 934 χρημάτων
812 864 927 935 μέλλουσι
940 854 1015 917 κατα·
1058 863 1106 933 γάρ
1118 862 1147 928 δὴ
1162 863 1226 932 παρά
1239 867 1282 929 τῆς
1294 868 1376 929 κοινῆς
1395 864 1488 926 έννοέας
1507 866 1710 937 όμολσγούμενον
1723 870 1760 922 ότι
1778 892 1836 942 τερο-
1872 922 1876 929 Δ

241 943 338 1009 φρονεῖν
353 941 394 993 διά
407 942 435 995 τδ
447 945 582 1013 συμφέρον,
597 946 666 1014 πόσῳ
678 962 707 1013 γε
728 942 824 1012 μᾶλλον
843 943 887 995 ούκ
899 944 928 995 ἀν
940 943 1014 1009 όκνιί-
1057 950 1159 1014 τιμῶσιν
1177 944 1298 1012 ἀνθρωποι
1316 944 1345 996 τδ
1357 945 1476 1014 συμφέρον
1492 946 1637 1014 χρημάτων.
1686 946 1797 1010 Ἔνδοξοι
1808 952 1836 1004 δέ

241 1036 307 1071 σειαν
328 1019 448 1090 ύπεριδεῖν
471 1022 515 1074 δύο
535 1022 631 1075 όόολῶν
657 1022 738 1074 ἕνεκεν
760 1026 803 1074 τοῦ
821 1021 1013 1084 λυσιτελοῦντος.
1058 1019 1103 1073 εἰσι
1111 1023 1253 1091 προτάσεις,
1264 1018 1299 1073 ὧν
1310 1021 1337 1074 ού
1350 1024 1472 1093 περιμένει
1483 1022 1528 1087 τὴν
1541 1021 1660 1085 ἀπόδειξιν
1674 1024 1689 1077 ό
1703 1025 1831 1097 ἀκροατής·

244 1095 333 1153 ’ἰστέον
354 1101 381 1153 δέ
403 1103 441 1153 ότι
463 1100 493 1154 τά
513 1101 628 1172 χρήματα
647 1104 722 1153 ταῦτα
742 1100 773 1152 τά
785 1103 891 1171 δημόσια
911 1101 1015 1172 θεωρικὰ
1057 1101 1098 1153 καί
1113 1101 1234 1171 λαμόάνει
1247 1100 1336 1167 ταύτην
1354 1100 1485 1171 όρητωρῆ
1498 1101 1546 1156 ἀπδ
1560 1106 1603 1168 τῆς
1619 1103 1689 1169 δόξης
1702 1111 1751 1157 τῶν
1770 1105 1831 1157 Ἔλ-

241 1175 353 1244 έποίηοεν
367 1179 390 1241 ἐξ
406 1179 642 1251 ἀρχῆςόίΙερικλῆς
652 1180 682 1231 δι’
699 1180 778 1233 αἰτίαν
792 1180 915 1247 τοιαύτην·
932 1179 1013 1247 ἐπειδὴ
1057 1179 1185 1245 λῆνωυ,ῆ
1205 1179 1251 1232 άπδ
1265 1183 1307 1246 τῆς
1321 1182 1404 1245 κοινῆς
1418 1178 1519 1242 ἐννοίας·
1545 1179 1597 1233 ἐστι
1618 1181 1645 1235 δί
1666 1185 1706 1235 όσε
1727 1184 1768 1236 καί
1784 1184 1834 1239 ἀπὸ

240 1256 341 1310 πολλῶν
363 1260 490 1329 θεωμένων
509 1260 550 1313 καί
563 1261 743 1321 στασιαζόντων
759 1258 799 1311 διά
815 1259 857 1312 τόν
871 1260 956 1323 τόπον,
973 1261 1014 1313 καί
1057 1262 1104 1308 τῶν
1120 1258 1212 1327 νόμων.
1227 1258 1353 1313 RYTCV,
1369 1257 1456 1309 Δαόὼν
1471 1253 1515 1310 σύν
1527 1258 1569 1310 καί
1588 1264 1630 1312 νῦν
1642 1260 1674 1322 έις
1692 1261 1833 1333 ὁμολογού-

239 1334 313 1397 ξένων
333 1339 374 1390 καί
385 1340 508 1403 πολιτῶν,
523 1339 565 1391 καί
577 1339 664 1392 λοιπόν
680 1345 729 1391 τῶν
740 1339 863 1392 πλουσίων
877 1338 1013 1410 ἀγοραζόν·
1058 1353 1130 1403 μενον
1145 1334 1174 1386 τό
1188 1341 1236 1387 τῶν
1251 1336 1387 1405 χρημάτων
1400 1336 1482 1405 ἕτερον
1503 1334 1588 1406 ἐπάγει
1606 1340 1704 1408 νόημα,
1717 1342 1834 1409 προσήκει

240 1434 289 1467 των
307 1417 362 1478 tob<
376 1420 476 1484 τόπους,
499 1419 647 1488 βουλόμενος
667 1415 749 1488 ἀρέσαι
761 1424 797 1489 τῷ
813 1416 885 1489 δῆμιρ
902 1419 943 1471 καί
962 1421 1014 1481 τοῖς
1056 1414 1185 1483 προθύμως
1205 1413 1295 1467 ίθέλειν
1321 1413 1426 1467 ἀκούειν.
1471 1413 1623 1485 θαρροῦντος
1647 1416 1673 1469 δέ
1692 1417 1770 1488 ἐαυτῷ
1791 1420 1833 1471 καί

239 1493 355 1559 πένησιν,
377 1495 418 1547 ίνα
440 1497 517 1565 ἔχωσι
535 1497 577 1549 καί
588 1495 658 1549 αύτοί
677 1496 751 1549 πόθεν
771 1496 887 1550 ὠνεῖσθαι
908 1498 1011 1561 τόπους,
1055 1494 1239 1554 πεπιστευκότος
1256 1490 1427 1563 ῆπρύκλησῑς.
1467 1492 1512 1546 Ἐν
1526 1490 1548 1564 ᾧ
1561 1493 1610 1564 γάρ
1627 1496 1723 1556 πάντως
1737 1495 1832 1549 ἀκούειν

239 1570 328 1642 ἔγραψε
341 1573 371 1626 τά
385 1575 741 1648 προσοδευόρεναχρήματατῆ
752 1576 822 1629 πόλει
833 1577 944 1648 γενέσθαι
954 1579 1013 1630 πᾶσι
1056 1569 1140 1631 αύτούς
1156 1572 1231 1625 πείθει
1249 1577 1298 1623 τῶν
1320 1573 1551 1643 συμόουλευόντων,
1568 1573 1594 1627 ἐν
1616 1574 1695 1645 τούτῳ
1713 1575 1832 1627 δείκνυσιν

238 1650 342 1720 θεωρικὰ
358 1656 410 1714 τοῖς
428 1655 547 1715 πολίταις.
574 1652 638 1705 Εἰτα
652 1654 849 1724 ἐπιχειρήσαντος
864 1652 1014 1707 Ἆπολλοδιύ-
1055 1648 1093 1701 ὅτι
1107 1651 1181 1721 μόνος
1190 1652 1262 1713 αἰιτδς
1271 1651 1355 1721 εύρηκε
1367 1651 1395 1703 τδ
1407 1653 1534 1722 συμφέρον.
1573 1649 1637 1704 Εἶτα
1645 1653 1686 1705 καί
1699 1652 1742 1718 τὴν
1752 1651 1832 1706 αἰτίαν

237 1742 281 1794 ρον
299 1729 363 1791 τινδς
381 1731 454 1783 πάλιν
475 1731 536 1785 αύτά
559 1735 658 1798 ποιῆσαι
679 1731 853 1801 στρατιωτικὰ,
865 1731 1013 1801 βουλόμενος
1054 1729 1209 1795 προσέθηκεν·
1222 1726 1471 1800 οἰιγάραίιτάρκηςῆν
1482 1731 1829 1801 Δημοσθένηςσυμόουλεύων·

237 1805 386 1871 Εύόουλοςό
403 1811 606 1881 πολιτευόμενος,
627 1800 777 1881 δημαγωγός
789 1814 840 1873 ὢν,
856 1811 958 1864 πλείονα
973 1810 1012 1864 εύ·
1058 1824 1068 1852 ·
1082 1804 1109 1855 ὓῧ
1119 1804 1167 1875 γὰρ
1184 1807 1400 1877 μὸίθί-ίίίῑῑῑέ
1416 1807 1559 1879 ’ἔσκεμμαι
1572 1809 1615 1879 μέν
1628 1811 1657 1863 τὸ
1667 1812 1795 1882 συμφέρον
1809 1813 1833 1866 εί

237 1902 305 1938 νοιαν
317 1886 491 1941 ἐπισπάσασθαι
501 1894 544 1942 τοῦ
555 1889 634 1960 δήμου
646 1888 705 1957 πρός
718 1887 819 1951 έσιιτδν,
834 1888 922 1959 ἔγραφε
935 1890 1012 1960 νόμον
1054 1882 1080 1937 δέ
1093 1886 1134 1937 καί
1143 1886 1198 1948 τούς
1206 1886 1238 1957 μὴ
1247 1886 1409 1957 σκεψομένους
1419 1886 1494 1942 εἰπεῖν
1503 1906 1526 1941 τι
1532 1890 1591 1952 δέσι,
1601 1887 1629 1940 οἰ
1639 1889 1828 1960 παραιτήσομαι.

236 1962 279 2016 τδν
300 1965 430 2019 κελεύοντα
446 1968 543 2039 θανάτῳ
563 1967 709 2037 ζημιοῦσθαι
729 1964 753 2018 εί
771 1985 806 2028 τις
820 1966 952 2037 ἐπιχειροίη
968 1987 1011 2038 με·
1055 1962 1101 2016 Καὶ
1109 1965 1140 2017 δι’
1149 1962 1185 2018 ὧν
1195 1965 1368 2035 προκαλεῖσθαι
1382 1968 1466 2035 δοκεῖ,
1480 1966 1520 2018 διά
1531 1968 1622 2019 τούτων
1636 1968 1762 2039 ἀποτρέπει
1776 1972 1831 2033 τούς

235 2046 346 2095 ταποιεῖν
369 2043 399 2096 τά
413 2044 517 2116 θεωρικὰ
534 2045 704 2114 στρατιωτικά.
750 2044 793 2097 Διό
809 2044 892 2107 όσάκις
914 2044 939 2097 ἐν
960 2048 1013 2108 τοῖς
1054 2042 1832 2122 ἀλλους.Δῆλονγίιρότιπαραχωρῆσουσινοίμῆσκεφάμενοιιῷ

235 2122 395 2185 Φιλιππικοῖς
412 2126 532 2195 μέμνηται
545 2124 623 2177 αὐτῶν
637 2124 651 2175 ό
666 2124 837 2193 Δημοσθένης,
852 2124 1012 2194 συμῦουλεύει
1053 2124 1230 2192 πεφροντικότι.
1246 2122 1292 2174 Ιίαί
1306 2123 1356 2193 ἀμα
1367 2122 1398 2176 τά
1413 2124 1467 2194 περί
1479 2123 1523 2190 τίην
1536 2125 1607 2179 πόλιν
1619 2128 1738 2180 δείκνυσιν
1752 2131 1789 2182 ότι
1803 2130 1831 2183 ez

236 2202 312 2271 μόνον
325 2205 389 2256 ὥστε
403 2203 475 2258 αύτδν
485 2204 601 2271 λυθῆναι,
614 2203 642 2256 ού
654 2206 736 2274 μέντοι
745 2204 787 2256 καί
795 2203 921 2275 ἐγγράφως
933 2205 1010 2276 λέγει,
1052 2203 1148 2256 πολλοῦ
1155 2205 1183 2258 τδ
1194 2204 1276 2257 κοινδν
1285 2205 1301 2271 ἢ
1309 2205 1337 2257 τό
1345 2206 1465 2276 συμφέρον
1477 2207 1588 2275 ἐζήτησε.
1601 2209 1648 2261 Καί
1658 2209 1698 2262 διὰ
1710 2213 1831 2265 τοῦτοκαὶ

235 2281 294 2350 ὅπερ
308 2277 338 2347 ῆν
359 2281 517 2337 ἐπικίνδυνον.
555 2282 639 2352 Ὅμως
652 2281 696 2334 οἰιιι
710 2281 806 2336 ἰπεισεν
822 2282 906 2344 αύτούς
925 2282 1009 2348 λῦσαι,
1053 2281 1175 2353 χρήσιμον
1184 2281 1257 2336 αύτδν
1268 2282 1344 2337 εἰπεῖν
1356 2284 1398 2335 καί
1407 2282 1552 2346 ἀκούσαντες
1560 2284 1669 2341 λάῦοιτε.
1686 2287 1831 2359 Μονονουχί

236 2355 258 2408 εί
280 2356 313 2427 μὴ
335 2359 435 2427 ὕστερον
457 2360 526 2413 αύτοί
542 2359 736 2432 ἀναγκαζόμενοι
762 2367 797 2433 τῷ
818 2362 919 2432 πολέμῳ
938 2365 1011 2414 τοῦτο
1056 2359 1173 2432 ἅρπαγμα
1189 2361 1232 2413 καί
1251 2362 1334 2431 κέρδος
1353 2360 1382 2414 τδ
1398 2364 1441 2427 τῆς
1453 2360 1539 2415 ἐαυτοῦ
1557 2366 1658 2434 γνώμης
1671 2368 1775 2418 ποιεῖται
1791 2373 1830 2438 τῷ

233 2436 402 2501 πεποιήκασιν.
419 2440 480 2493 ΥἿ.
1053 2438 1134 2512 δήμῳ.
1171 2440 1217 2493 Καὶ
1229 2439 1277 2511 γάρ
1290 2440 1319 2493 τό
1334 2440 1420 2493 λαθεῖν
1442 2442 1512 2511 κέρδη
1529 2441 1571 2493 καί
1581 2440 1697 2511 ιίνφελείσς
1711 2442 1775 2496 ἐστίν
1794 2444 1829 2496 οί-

270 2533 297 2584 9,
311 2533 338 2570 ο.
357 2514 435 2587 Ὗμᾶς
446 2516 541 2571 ἐλέσθαι
556 2517 664 2589 νομίζω]
681 2517 803 2589 Ἐμφασιν
819 2516 872 2587 ἔχει
885 2512 1009 2583 πολλίγνῆ
1053 2519 1189 2572 κειότατσν.
1203 2517 1254 2583 Τὴν
1267 2518 1309 2588 μέν
1321 2514 1364 2571 ούν
1376 2518 1462 2572 ἑαυτοῦ
1474 2518 1614 2589 συμόουλίγν
1629 2521 1726 2590 ἕτοιμον
1737 2520 1827 2591 λῆμμά

234 2592 296 2655 λέξις
308 2594 337 2647 τό
350 2594 425 2666 ύμᾶς,
439 2595 530 2649 ὡσανεί
541 2595 640 2667 ἔλεγεν,
656 2595 717 2666 ύμῖις
727 2597 768 2657 οθς
778 2596 827 2666 οἰχ
840 2594 892 2649 εἷλε
905 2596 1011 2659 πλοῦτος
1052 2615 1123 2667 φησι,
1144 2598 1198 2667 περί
1214 2597 1241 2649 δέ
1260 2602 1308 2649 τῶν
1328 2599 1508 2666 σχεδιαζόντων
1532 2598 1726 2669 ιθπολαμόάνω
1744 2598 1828 2652 πολλὰ

233 2673 247 2723 ό
262 2672 392 2743 Περσικδς,
408 2674 436 2726 ού
449 2675 636 2744 Λακεδαιμόνιοι
651 2674 749 2745 μεγάλα
762 2673 960 2745 ύπισχνσύμινοι.
974 2675 1010 2728 Τό
1056 2696 1067 2724 ι
1083 2680 1132 2727 τῶν
1146 2676 1261 2729 δεόντων.
1277 2696 1288 2725 ι
1305 2675 1404 2745 Πρῶτον
1419 2676 1462 2746 μέν
1476 2675 1517 2728 διά
1532 2680 1575 2742 τῆς
1589 2676 1729 2747 ύπολῆψεως
1742 2676 1827 2731 ἀνεῖλε

232 2750 260 2805 δί
273 2752 382 2821 νομίζω,
402 2752 435 2815 ὡς
446 2751 493 2818 ἤδη
508 2751 533 2805 ἰν
550 2754 601 2813 τοῖς
620 2750 793 2822 Ἰσοκρατικοῖς
808 2753 915 2825 εἴρηται,
927 2756 969 2809 καί
980 2757 1009 2809 τδ
1053 2753 1082 2807 τδ
1097 2754 1203 2823 βέῦαιον·
1221 2754 1314 2825 νομίζω
1337 2754 1394 2825 γάρ,
1417 2756 1490 2825 φησί,
1514 2754 1568 2809 εἶτα
1590 2756 1631 2808 καί
1648 2756 1688 2808 διὰ
1705 2761 1753 2809 τῶν
1776 2756 1829 2824 ἑξῆς

232 2829 314 2881 δοκεῖν
331 2829 372 2881 καί
385 2829 416 2882 τά
436 2837 536 2884 τοιαῦτα
549 2829 577 2882 ού
590 2831 686 2892 πάντως
700 2829 739 2884 ἐπί
753 2830 890 2901 ἀμφιῦόλου
908 2834 1009 2887 τάττου-
1053 2829 1183 2902 ἠμαύρωσε
1203 2832 1232 2885 τδ
1254 2832 1319 2903 παρά
1338 2839 1385 2907 τῶν
1400 2835 1580 2903 σχεδιαζόντων
1594 2834 1690 2904 ὄφελος.
1726 2834 1827 2905 Πρῶτον

232 2926 270 2958 σιν
290 2907 315 2959 οί
331 2907 445 2972 παλαιοί,
464 2907 530 2960 ἀλλά
550 2907 669 2971 πολλάκις
688 2910 729 2962 ιιαί
751 2908 790 2963 ἐπὶ
812 2914 855 2962 τοῦ
869 2908 1006 2977 ἀληθεύειν.
1052 2911 1095 2982 μέν
1118 2911 1165 2983 γάρ
1188 2910 1259 2972 ἐνίοις
1279 2913 1308 2963 ἀν
1324 2912 1435 2965 ἐπελθεῖν
1454 2911 1578 2982 ἡγοῦμαι,
1600 2911 1676 2981 τύχης
1696 2912 1792 2982 μᾶλλον
1810 2914 1826 2979 ἢ

231 2985 314 3049 Ούτως
325 2982 368 3038 σύν
383 2989 424 3040 καί
437 2988 540 3042 ἐνταῦθα
557 2987 587 3042 τδ
598 2988 693 3058 νομίζω
704 2986 759 3040 ἀντί
770 2990 814 3040 τοῦ
825 2988 901 3058 κρίνω
913 2988 955 3041 καί
968 2994 1023 3044 πι-’
1051 2992 1151 3061 γνώμης
1166 2996 1241 3043 ποιῶν
1257 2986 1302 3055 τὴν
1319 2989 1419 3061 εύρεσιν.
1458 2987 1521 3042 Είτα
1540 2991 1585 3043 κέν
1600 2989 1688 3062 ἐπέλθῃ
1707 2991 1779 3054 τισίν,
1794 2991 1823 3044 ού

231 3064 318 3118 στεύω.
332 3066 437 3120 YTCV.
1051 3070 1160 3133 πάντως,
1175 3068 1241 3120 ἀλλά
1256 3067 1355 3132 πολλὰ,
1372 3068 1413 3119 καί
1425 3072 1500 3120 ταῦτα
1514 3066 1542 3118 οἰν
1555 3068 1683 3135 προδήλως
1699 3067 1753 3121 εἰπε
1765 3088 1826 3139 συμ-

266 3166 295 3215 9,
309 3162 335 3200 ο.
351 3145 381 3198 Εἰ
394 3146 496 3218 φανερδν
506 3148 602 3218 γένοιτο
611 3146 640 3199 τό
655 3145 747 3217 μέλλον
760 3145 894 3215 συνοίσειν]
907 3144 1008 3201 Ἔπιισε
1051 3149 1167 3219 φέροντα,
1183 3145 1249 3198 ἀλλά
1262 3152 1310 3199 τῶν
1323 3147 1438 3199 δεόντων.
1476 3146 1510 3198 Τό
1524 3147 1550 3199 δὲ
1567 3146 1646 3216 ὄνομα
1659 3152 1707 3199 τῶν
1719 3148 1826 3200 δεόντων

230 3224 271 3276 διίι
285 3230 329 3277 τοῦ
342 3226 482 3296 μέλλοντος·
497 3223 525 3277 ού
540 3225 587 3297 γάρ
602 3223 670 3278 εἶπεν
683 3225 722 3277 ότι
736 3223 839 3294 φανερόν
853 3221 946 3289 αύτοῖς,
957 3227 1007 3278 θύσ-
1050 3225 1097 3294 οἰιχ
1112 3225 1137 3276 έν
1152 3242 1175 3277 τι
1196 3222 1318 3293 σημαίνει·
1338 3224 1424 3276 δέοντα
1439 3222 1487 3293 γάρ
1506 3223 1629 3294 καλοῦμεν
1647 3223 1675 3274 ού
1693 3223 1723 3276 τά
1738 3228 1827 3294 συμφέ·

229 3303 299 3372 περό
314 3301 454 3374 Ἰσοκράτης
469 3324 480 3352 ι
497 3302 550 3368 ῆιιω
570 3301 758 3372 συμόουλεύσων
772 3300 826 3370 περί
843 3319 869 3353 τε
881 3305 925 3354 τοῦ
936 3302 1009 3356 πολέ·
1050 3324 1123 3375 ρσντα
1137 3305 1229 3375 μόνον,
1244 3302 1310 3354 ἀλλά
1326 3302 1368 3355 καί
1385 3302 1416 3356 τά
1432 3304 1568 3374 πρέποντα,
1583 3302 1637 3372 περὶ
1651 3299 1686 3354 ὧν
1699 3301 1743 3355 σύκ
1760 3303 1826 3356 ἐστιν

231 3405 244 3427 «
262 3401 308 3452 μου
330 3387 375 3436 τοῦ
387 3382 445 3454 πρός
464 3382 520 3444 τοίις
537 3382 677 3452 βαφόάρους.
697 3403 708 3430 ν
728 3379 758 3433 τδ
772 3378 815 3449 μέν
834 3377 882 3449 γάρ
904 3386 1007 3453 σοφιστῇ
1050 3383 1122 3456 ἐντῷ
1137 3384 1238 3453 παρόντι
1260 3382 1367 3448 ζήτησις.
1406 3382 1453 3434 Ιίαί
1470 3380 1523 3433 οἰνδέ
1536 3386 1584 3433 τῶν
1604 3381 1745 3450 εὑρεθέντων
1759 3379 1826 3434 ἐπαι·

228 3462 330 3531 πρέπον,
343 3461 409 3516 τδδέ
422 3462 547 3516 πολιτικοῦ
562 3461 659 3532 μᾶλλον
673 3460 783 3530 ρῆτορος.
823 3459 894 3521 Ἴσως
907 3459 949 3530 μέν
962 3455 1006 3513 σύν
1049 3468 1090 3517 νεῖ
1099 3465 1153 3526 τούς
1165 3465 1350 3534 σχεδιάζοντας,
1366 3460 1430 3513 ἀλλὰ
1444 3465 1475 3534 τῆ
1486 3462 1549 3533 τύχῃ
1562 3464 1604 3527 τῆς
1622 3459 1715 3520 πόλεως
1727 3459 1826 3531 λογίζε-

228 3540 339 3602 κέκεῖνθς
350 3540 393 3594 Οὖκ
408 3541 512 3612 ἀλόγων
528 3538 609 3605 ἐπειδὴ
619 3540 666 3611 γὰρ
677 3538 742 3610 ἐώρα
752 3538 807 3599 τοίς
823 3536 949 3605 Ἕλληνας
960 3537 1005 3605 ἦσ·
1049 3564 1089 3596 ται
1102 3542 1146 3608 τῆν
1160 3545 1288 3614 πρόφασιν.
1326 3541 1461 3611 [ἰληρόισας
1474 3541 1499 3593 δέ
1512 3539 1557 3605 τὴν
1569 3538 1721 3611 παρεκόσλὴν
1735 3540 1825 3606 ταύτην

228 3621 381 3690 χολημένσνς
394 3621 449 3690 περί
463 3619 507 3686 τῆν
521 3621 656 3689 πανήγυριν
670 3619 711 3671 καί
730 3622 773 3683 τῆς
789 3617 892 3679 ἀνέσεως
907 3617 1004 3687 μᾶλλον
1049 3622 1090 3673 καί
1103 3620 1147 3686 τὴν
1163 3620 1242 3674 αἰτίαν
1255 3618 1359 3680 ἀποδούς
1372 3619 1403 3669 δι’
1423 3619 1453 3683 ἢν
1467 3616 1590 3687 ὀφείλουσι
1607 3616 1648 3667 καί
1661 3620 1709 3668 τῶν
1721 3615 1752 3665 δι’
1765 3614 1824 3667 ὓπο-

227 3699 403 3769 Υῑτίῡμέίῡμςν
418 3698 459 3750 δῑὰ
471 3702 544 3750 ἲῦῦΐῡ
556 3697 695 3767 έπίῦῒμῑέῑθ
710 3695 796 3757 μῦῐῡίίί
812 3694 845 3756 ῑίς
856 3692 900 3760 τὴν
915 3694 1004 3767 ἂκρόα-
1048 3701 1108 3771 γόου
1119 3699 1244 3771 λεγόντων
1256 3697 1367 3761 ἀκούειν,
1386 3694 1470 3768 ἐπάγει
1488 3695 1516 3748 τό
1528 3696 1686 3765 συμπέρασμα
1695 3698 1731 3763 τῷ
1740 3711 1824 3762 προοι-

226 3798 266 3830 σιν
280 3784 315 3849 τῷ
337 3778 432 3848 μεγέθει
452 3780 495 3842 τῆς
511 3776 673 3845 ύιτοσχέοειιιε·
694 3775 751 3828 ύῧέ
774 3775 929 3844 Δημοσθένης
949 3777 1003 3830 καθ’
1048 3781 1110 3853 μίῳ,
1127 3778 1328 3851 συμπληρωτικὸν
1340 3776 1383 3846 μέν
1396 3776 1424 3827 δν
1436 3778 1479 3840 τῆς
1488 3776 1596 3843 δευτέρας
1606 3770 1826 3835 έννοίας,ἀκολού·

226 3856 373 3926 ύποτίμησιν
395 3855 454 3909 αύτδ
472 3855 619 3924 εἰσήγαγεν,
644 3852 665 3906 εί
684 3853 786 3924 φανερόν
810 3854 915 3922 γένοιτο.
953 3855 1003 3907 Οἰικ
1048 3860 1094 3920 θως
1107 3858 1128 3908 δ’
1142 3857 1201 3928 ἐχον
1216 3860 1247 3926 τῇ
1263 3855 1286 3916 ἐξ
1298 3854 1376 3924 ἀρχῆς
1386 3855 1509 3922 προτάσει.
1550 3851 1585 3903 'st
1598 3851 1646 3921 γὰρ
1657 3849 1776 3919 συμφέρον
1789 3849 1823 3909 ὡς

227 3934 283 3989 εἰπε
294 3934 320 3989 δέ
331 3935 359 3989 τδ
373 3936 491 4006 συμφέρον
508 3932 656 3995 Ὀλυνθίοις,
672 3928 738 3984 ἀλλά
751 3935 782 4004 τῇ
795 3932 876 3986 πόλει.
898 3932 1003 3986 Μιῆλου
1046 3934 1195 4005 ζητούμενον
1212 3932 1350 4004 εἰσαγαγὼν
1361 3931 1385 3984 έν
1399 3929 1506 4001 τῆάρχῆ
1520 3933 1563 3982 τοῦ
1577 3929 1720 3999 προοιμίου,
1737 3930 1779 3977 νῦν
1791 3925 1825 3986 ὡς

225 4015 274 4086 γάρ
285 4015 349 4068 ούτω
360 4014 568 4085 καταφρονήσουσι
578 4018 626 4065 τῶν
637 4014 771 4083 χρημάτων
783 4010 840 4081 ἰνπέρ
853 4015 896 4064 τοῦ
908 4012 1003 4066 λυσιτε-
1047 4013 1176 4084 εύρημένον
1187 4011 1317 4081 λαμόάνει.
1328 4009 1373 4060 Ιίαί
1381 4010 1453 4079 φησίν
1462 4010 1499 4061 ότι
1506 4009 1592 4069 πάντες
1604 4006 1748 4064 ἀκούσαντες
1758 4005 1824 4055 δοκι-

226 4095 325 4157 λοῦντος
337 4098 380 4161 τῆς
393 4094 496 4156 πόλεως.
534 4092 682 4154 Καίἀλλως.
719 4092 836 4144 Βοόλεται
850 4092 931 4144 δοκεῖν
945 4092 1003 4164 ύπίρ
1047 4076 1139 4162 μάσατε
1155 4092 1267 4162 γενέσθαι
1287 4092 1330 4141 τοῦ
1346 4089 1475 4148 δοκοῦντος
1492 4086 1592 4156 μᾶλλον
1613 4085 1748 4154 συμφέρειν·
1772 4081 1824 4133 έστι

224 4178 269 4242 τῆς
283 4175 377 4237 πόλεως
392 4173 512 4245 μῦιλονῆ
522 4179 570 4226 τῶν
587 4171 721 4225 Ὀλυνθίων
728 4173 847 4225 ποιεῖσθαι
857 4171 899 4224 τόν
913 4171 1001 4241 λόγον,
1046 4170 1093 4242 γάρ
1106 4173 1221 4240 θεώρημα
1235 4168 1382 4232 καθολικίιν,
1402 4167 1465 4219 ὥστε
1483 4163 1530 4218 ἀπό
1542 4170 1590 4216 τῶν
1605 4162 1710 4233 ἰσχυρῶν
1721 4159 1763 4212 καί
1778 4156 1823 4224 τὴν

229 4252 261 4306 Ἦ
289 4254 336 4325 γάρ
357 4258 402 4320 τῆς
424 4253 517 4315 εύνσίας
536 4251 630 4314 ίνδειξις
656 4251 818 4321 εἰικολώτερον
848 4252 924 4304 πείθει
949 4252 1004 4313 τσίις
1046 4247 1126 4321 ἀρχὴν
1141 4244 1415 4315 ποιεῖσθαιτῶνλόγων
1427 4244 1467 4296 καί
1479 4243 1511 4305 εἰς
1522 4241 1582 4295 αύτίι
1596 4241 1751 4295 καταπαύειν.
1770 4243 1802 4295 R.

225 4334 353 4406 ἀκροατάς.
373 4333 408 4385 Ού
421 4331 469 4404 μὴν
481 4331 536 4385 ούδέ
546 4331 574 4383 τδ
587 4337 635 4384 τῶν
654 4328 788 4383 Ὀλυνθίων
804 4330 933 4395 συνέστησε
947 4331 1004 4400 πρό-
1081 4348 1107 4397 9,
1119 4331 1144 4390 ές.
1155 4327 1209 4378 Τῶν
1222 4323 1378 4394 βουλομένων
1388 4319 1575 4391 αιμόουλεόειν]
1587 4318 1683 4379 Πάντας
1696 4317 1823 4385 προτρέπει

223 4432 308 4468 σωπον
331 4413 365 4475 όις
383 4411 583 4482 διαῦεῦλημένον·
608 4410 649 4463 καί
672 4408 720 4480 γάρ
737 4409 822 4478 φθάνει
839 4407 921 4478 φιλίαν
936 4407 1002 4478 ἔχων
1045 4404 1143 4476 λέγειν,
1154 4404 1197 4455 ἵνα
1214 4400 1255 4453 διίι
1264 4400 1350 4453 τούτου
1364 4398 1406 4450 καί
1418 4397 1461 4450 τδν
1475 4395 1565 4466 φθόνον
1581 4395 1660 4466 φύγη,
1677 4393 1710 4453 ὡς
1722 4389 1755 4462 μὴ
1769 4390 1824 4483 βου-

223 4491 377 4562 πρδςαίιτοίις
387 4489 659 4561 καίείρήνηνόδῆμος,
698 4488 743 4540 Kal
754 4487 845 4549 άλλως.
862 4487 909 4538 Καί
921 4486 1002 4549 αὐτοῖς
1045 4484 1149 4555 λόμενος
1166 4482 1246 4551 λέγειν
1260 4476 1402 4550 μύνῡενῑαί
1415 4476 1474 4539 ἵνα,
1488 4472 1510 4526 εἰ
1527 4471 1571 4538 ί’ίίί
1589 4472 1662 4525 αὖῖθῦ
1681 4468 1822 4540 ωέὸουλίίί

228 4572 361 4640 Ἀθηναίοις
375 4571 402 4624 έκ
415 4572 510 4626 πολλοῦ
521 4570 716 4639 σπουδαζόμενον
731 4562 762 4634 ῆν
776 4565 809 4627 εἰς
823 4565 913 4636 ἔχθραν
927 4584 1001 4618 κατα·
1045 4565 1202 4635 προέλοιντο,
1219 4561 1333 4630 κρείττων
1359 4557 1472 4610 ἀπάντων
1495 4558 1543 4606 τῶν
1561 4551 1706 4623 συμόούλων
1724 4547 1821 4601 ἀποδει-

224 4652 483 4719 στῆσαιτῶΦιλίππω
494 4650 549 4711 τούς
566 4646 715 4708 Ὀλυνθίους·
729 4648 793 4698 ίύστε
806 4650 855 4706 πῶς
868 4644 911 4698 οῦκ
931 4642 1001 4714 έχαι-
1045 4643 1105 4714 χθῆ.
1122 4642 1196 4693 BSV·
1291 4676 1296 4696 ι

222 4751 267 4803 ρον
279 4731 335 4802 ύπέρ
344 4706 440 4784 Ιτούτων
454 4704 655 4799 ἀπολογήσασθαι
664 4726 707 4779 τόν
719 4726 876 4795 Δημοσθένην
890 4722 948 4794 πρός
959 4724 1001 4785 οθς
1079 4740 1112 4788 9,
1128 4720 1153 4772 5.
1173 4715 1209 4770 Οἰι
1226 4714 1274 4786 γίιρ
1294 4715 1386 4803 μόνον]
1405 4713 1439 4765 Τό
1453 4717 1539 4784 σχῆμα
1553 4708 1576 4771 ἐξ
1598 4708 1739 4778 ἀναιρέσεως
1757 4726 1819 4777 συμ-

224 4811 337 4872 εύνοίκῶς
349 4811 375 4864 ἐκ
384 4809 479 4864 πολλοῦ
490 4809 653 4878 τυγχάνουσιν
667 4804 780 4875 έχοντεςς
795 4806 826 4855 R.
1045 4797 1183 4851 πλεκτικόν.
1201 4797 1230 4848 P.

259 4909 293 4959 9,
309 4892 335 4944 3.
355 4885 474 4960 Περίιένν]
490 4885 567 4958 ἤγουν
581 4891 629 4939 τῶν
650 4883 784 4955 χρημάτων
797 4881 838 4933 καί
852 4885 895 4933 τοῦ
911 4883 999 4951 συμφέ·
1080 4896 1107 4945 9,
1119 4893 1145 4945 7.
1162 4874 1280 4940 Λάόοιτε]
1298 4869 1438 4940 Ὀριστικῶς
1446 4869 1488 4920 δεῖ
1496 4866 1608 4921 ἐκλαῦέῖν
1620 4864 1649 4917 εδ
1661 4862 1769 4926 λάόοιτε,
1785 4863 1820 4914 ἵν’

223 4989 316 5041 ροντος·
330 4970 346 5020 ἀ
359 4967 407 5039 γάρ
423 4968 539 5038 παρέθετο
553 4970 596 5020 τοῦ
608 4964 768 5034 συμφέροντος
779 4958 812 5021 εἰς
824 4962 1000 5030 καταφρόνησιν
1044 4953 1068 5028 ᾗ·
1084 4957 1123 5007 ότι
1142 4954 1186 5006 οὒκ
1200 4952 1307 5022 όφείλετε
1328 4948 1463 5018 λαμῦάνειν
1480 4947 1544 5017 μόνα
1551 4941 1657 5041 ὀτίιὶἀπδ
1673 4942 1820 5011 ἐσκεμμένον

223 5050 278 5120 ἀγει
288 5049 330 5101 τὸν
341 5046 462 5118 ἀκροατὴν
472 5051 516 5100 τοῦ
526 5048 656 5105 δοκοῦντος
667 5042 805 5101 ἐλάττονος.
823 5041 848 5092 S.
1045 5032 1264 5104 συμῦουλεύοντος,
1280 5027 1346 5080 ἀλλά
1359 5026 1400 5079 καί
1411 5026 1447 5097 ,τά
1462 5023 1509 5078 ἀπδ
1522 5043 1565 5077 του
1580 5021 1818 5091 αυτοσχεδιάζοντος.

258 5127 318 5180 Ὀτε
329 5128 425 5198 τοίνυν]
440 5127 474 5179 To
482 5126 640 5195 συμπέρασμα
652 5120 719 5174 εἶπεν
730 5118 796 5189 ἀφείς
808 5116 852 5183 τὴν
863 5121 906 5170 τοῦ
915 5136 999 5186 προοι-
1046 5110 1244 5182 Ἐπὲρχεταιγόιρ
1256 5108 1387 5177 καλπούτῳ
1398 5104 1481 5159 πολλὰ
1491 5109 1539 5158 τῶν
1553 5104 1657 5155 δεόντων
1668 5098 1743 5153 εἰπεῖν
1755 5098 1819 5169 παρά

224 5207 281 5280 μίου
305 5203 454 5269 κατασκευὴν
472 5203 509 5274 ὡς’
523 5200 729 5272 ὡμολογημένην.
753 5196 849 5250 BEHS.
874 5192 903 5247 ἹΙ
924 5214 998 5247 κατα·
1043 5192 1073 5247 τά
1092 5196 1134 5257 τῆς
1145 5190 1258 5262 ύμετέρας
1268 5187 1386 5257 εύιυχίας.
1402 5186 1495 5238 ΒΕ5Ρ.
