3967 5967
739 439 822 499 xxl.
846 438 948 500 ΚΑΤΑ
971 440 1142 503 Mamor.
1683 464 1741 517 685

131 565 308 641 δέκατάλογον
326 572 375 620 τῶν
394 565 552 639 ἀδικημάτων
566 566 640 621 αύτού
661 567 734 623 είπὼν
745 569 815 632 τέλος
827 570 914 640 τύραν-
959 573 1136 645 διηγούμενος;
1159 574 1210 628 ίστε
1229 576 1300 629 πόσοι
1322 575 1409 630 τούτου
1426 581 1469 631 τοῦ
1487 579 1584 649 γένους,
1601 582 1689 652 ταύτης
1702 588 1744 652 τῆς

133 665 174 699 νον
188 646 317 717 ἀπέφηνεν.
338 703 343 715 ,
958 650 1025 721 ῥίζης
1040 652 1224 722 ἀνεόλάστησαν
1241 656 1352 726 όρπηκες.

167 728 228 790 561,
247 744 272 782 1.
291 725 437 796 Ἐπειδῆπερ
451 722 581 796 είληπται]
602 724 702 793 Ἐπειδὴ
722 725 769 780 ίιπδ
784 729 858 798 χεῖρα
872 728 913 797 γέ·
997 733 1062 803 561,
1076 735 1120 786 23.
1134 734 1240 805 Θέμενος
1249 736 1280 789 τά
1294 735 1379 806 δπλα]
1399 734 1473 807 Ὑπὲρ
1486 742 1530 804 τῆς
1540 739 1635 802 πόλεως
1649 740 1744 795 ἀντιτα·

131 824 189 877 γονε
203 806 245 860 καί
259 804 378 860 είσωτῶν
392 804 494 859 δικτύων
509 805 649 875 γεγέννηται.
959 806 1076 878 ξάμενος,
1092 810 1256 866 είσόαλόντων
1279 813 1496 881 Πελοποννησίων.
1535 817 1602 870 Πατά
1629 819 1742 873 Σικελίαν

168 887 229 949 561,
244 887 270 940 3.
287 889 387 959 Λέγεται
399 887 480 940 τοίνυν
494 883 553 938 ποτέ
567 883 592 938 έν
608 889 640 957 τῆ
658 885 742 956 πόλει]
762 884 818 956 Ἐφ’
832 886 914 956 έτερον
958 887 1007 958 γάρ
1019 890 1097 942 όντων
1108 896 1157 943 τῶν
1169 889 1311 959 Ἀθηναίων,
1321 893 1376 963 περί
1387 893 1470 964 Σάμον
1482 897 1587 950 καθόδου
1599 900 1681 969 τυχὼν
1692 898 1746 954 ίκεῖ

132 963 198 1028 εἶδος
208 967 357 1036 μεταόέόηκε
366 973 415 1022 τῶν
426 965 566 1037 ίπιλόγων,
582 966 614 1018 δι’
627 963 656 1018 ού
669 968 781 1037 πειρᾶται
794 966 915 1019 δεικνύναι
960 965 1021 1038 μετά
1035 974 1084 1021 τῶν
1096 976 1249 1041 στρατιωτῶν
1263 970 1423 1041 ἐπολέμησεν.

133 1045 167 1117 μῆ
188 1046 250 1099 όντα
264 1046 346 1109 αίδούς
363 1047 428 1109 ἀξιον
443 1046 486 1100 τόν
507 1045 619 1099 Μειδίαν·
636 1044 717 1107 αίδοΰς
730 1043 778 1117 γάρ
798 1046 916 1115 τυγχάνει
996 1046 1043 1099 561
1055 1088 1063 1115 ,
1076 1053 1119 1112 24.
1133 1050 1224 1119 Τρίτον
1236 1050 1258 1102 δ’
1273 1048 1297 1102 έν
1315 1049 1375 1121 αύτῆ
1388 1055 1419 1122 τῆ
1433 1050 1523 1124 πόλει]
1538 1052 1599 1106 Ὅτε
1616 1054 1659 1116 τὰς
1669 1076 1743 1127 προσ·

133 1143 169 1187 τις
179 1126 195 1192 ἢ
205 1125 247 1178 διά
261 1125 423 1197 λαμπρότητα
442 1126 525 1196 γένους
537 1125 553 1191 ἀ]
565 1124 606 1177 διά
620 1125 744 1196 στρατείας
764 1124 807 1178 καί
820 1124 915 1196 πράξεις
959 1124 1035 1188 όολάς
1046 1125 1173 1181 έποιούντο
1188 1130 1247 1199 πρδς
1267 1129 1296 1182 τδ
1308 1131 1391 1200 τεῖχος
1410 1128 1437 1183 έκ
1448 1130 1574 1194 Δεκελείας
1586 1132 1610 1184 οί
1627 1135 1743 1188 Λακεδαι·

132 1201 253 1268 οίκείαςῆ
271 1202 312 1254 διά
334 1202 475 1273 φιλοτιμίαν
489 1207 538 1255 τῶν
559 1201 615 1272 περὶ
629 1200 674 1268 τῆν
691 1201 772 1255 πόλιν·
789 1203 819 1266 ἀ,
834 1202 873 1255 δτι
886 1200 915 1254 ού
960 1204 1051 1275 μόνιοι.

133 1285 226 1350 προσῆν
249 1282 354 1353 Μειδίᾳ,
377 1280 421 1334 ιδν
451 1277 604 1346 Ἀλκιόιάδην
634 1278 784 1351 είσῆγαγεν,
809 1279 857 1350 ούχ
870 1281 915 1333 ἵνα
996 1284 1061 1349 561,
1077 1289 1120 1339 26.
1137 1284 1193 1337 Ἐτι
1207 1286 1229 1346 δ’
1242 1285 1333 1339 ίππέων
1350 1284 1531 1359 Ὀλυμπίασιν]
1544 1291 1742 1361 λαμπρύναύτδν

132 1360 265 1433 ουγκρίνη,
280 1359 338 1413 ἀλλ’
352 1360 394 1413 ἵνα
406 1358 550 1434 ἀντεξετάζη
564 1360 606 1413 καί
618 1361 661 1414 ίνα
674 1360 739 1433 δείξῃ
750 1361 809 1431 πρδς
821 1361 916 1423 τούτοις
958 1361 1000 1415 καλ
1012 1362 1037 1416 έν
1050 1363 1166 1435 πολέμοις
1183 1364 1224 1417 καλ
1235 1363 1260 1418 έν
1279 1367 1331 1427 τοῖς
1344 1364 1407 1419 κατά
1421 1364 1466 1432 τὴν
1489 1366 1586 1438 είρῆνην
1602 1368 1739 1439 ἀποφαίνει·

133 1439 188 1503 ότι,
202 1438 223 1492 εί
236 1439 378 1507 τηλικοῦτος
394 1442 428 1493 ὢν
443 1437 594 1508 ’λλκιόιάδης
604 1439 649 1493 ούκ
659 1439 745 1511 ἔτυχεν
760 1438 851 1505 αίδοθς,
865 1445 915 1504 πῶς
959 1440 1049 1510 σεμνδν
1063 1442 1110 1513 γάρ
1121 1438 1152 1509 ῆν
1165 1443 1207 1496 καί
1218 1443 1246 1497 τδ
1260 1447 1328 1497 νικᾶν
1344 1442 1517 1516 Ὀλυμπίασιν.
1555 1447 1640 1501 'ane
1654 1448 1679 1501 δέ
1693 1450 1741 1502 δει-

136 1519 197 1587 ίάν]
211 1520 282 1589 οίχνῑ
293 1520 408 1584 Μῑνῧίοςς
420 1520 494 1573 BSY·
958 1521 1043 1573 κνύναι
1053 1523 1091 1575 δτι
1100 1522 1180 1583 καλῶς
1189 1517 1261 1585 ούτος
1269 1528 1306 1594 τῷ
1318 1523 1418 1595 πλούτῳ
1427 1524 1529 1595 ἐχρῆτο.

169 1601 270 1671 Λέγεται
281 1600 362 1652 τοίνυν
371 1598 430 1653 ποτέ
441 1598 466 1653 ίν
478 1601 510 1671 τῆ
519 1599 607 1671 πόλει]
626 1584 798 1666 Μεταόέόηκεν
808 1598 844 1670 ἐφ’
862 1600 915 1652 έτε-
996 1600 1060 1664 561,
1076 1617 1120 1669 27,
1134 1602 1181 1653 ίίαί
1198 1603 1334 1673 στρατηγός
1351 1604 1464 1676 ἀριστος]
1480 1604 1618 1675 Εἰρῆκαμεν
1639 1607 1677 1659 δτι
1688 1607 1742 1660 κατ’

134 1696 177 1747 ρον
190 1679 260 1748 μέρος
282 1676 405 1749 έπιλόγων
415 1678 474 1741 ,δι’
489 1673 518 1730 ού
531 1680 642 1749 πειρᾶται
664 1678 785 1731 δεικνύναι
805 1675 839 1749 μὴ
855 1679 915 1731 όντα
961 1678 1110 1751 ἀμφοτέρους
1122 1681 1178 1742 τούς
1189 1683 1285 1753 καιρούς
1298 1685 1399 1755 παρέχει
1411 1684 1478 1757 αύτῷ
1493 1684 1523 1739 κά
1534 1688 1652 1754 πρωτεῖα.

134 1754 215 1817 αἰδοῦς
225 1754 292 1817 ἀξιον
303 1756 345 1810 τὀν
356 1756 470 1809 Μειδίαν.
511 1754 632 1827 Ἐλέγετο
644 1755 729 1829 γάρέν
741 1758 866 1810 καὶτοῦτο
879 1753 915 1809 εί·
996 1760 1063 1829 562,
1078 1777 1106 1814 2.
1121 1760 1226 1830 Φυγάδα
1237 1761 1367 1829 έξέόαλον]
1381 1763 1465 1816 ίίαίτοι
1478 1762 1522 1815 ούκ
1540 1761 1656 1830 έποίησαν
1669 1761 1742 1816 αύτδν

135 1853 174 1887 ναι
184 1842 232 1888 τῶν
252 1836 393 1907 δυναμένων
413 1834 451 1888 ἀεί
463 1836 550 1897 σιόζειν
566 1837 622 1898 τοίις
640 1834 791 1898 ἀδικοῦντας.
828 1837 877 1903 Τῆς
889 1836 915 1891 δέ
959 1838 983 1893 οί
996 1837 1119 1906 Ἀθηναῖοι
1131 1841 1245 1911 φυγάδα,
1259 1839 1316 1892 ἀλλ’
1331 1839 1412 1906 ἐπειδὴ
1427 1840 1525 1909 κληθείς
1539 1840 1587 1911 σύγ
1604 1840 1740 1908 ύπιίκουσι,

135 1914 216 1978 αίδούς
229 1916 277 1987 ούχ
297 1917 324 1971 έν
344 1914 426 1980 εἶδος,
447 1914 513 1966 ἀλλὰ
533 1915 604 1967 τόποι
618 1913 724 1977 πλείους.
761 1913 847 1975 Αίδοδς
867 1914 915 1985 γὰρ
958 1919 1151 1989 κατεψηφίσαντο
1164 1919 1247 1989 μηκέτ’
1261 1916 1334 1971 εἶναι,

135 1998 252 2066 ἲνγὶίάνῑῑ
261 2016 296 2058 τῑς
308 1997 324 2062 ἢ
338 1995 379 2048 ῧνά
392 1994 553 2065 λαμπρότητα
568 1994 666 2064 γάνονς.
687 1992 703 2060 ἢ
718 1991 758 2045 διὰ
769 1994 916 2063 προτηγίος
995 2000 1062 2061 562,
1079 2014 1120 2052 12.
1135 1995 1219 2069 Είρξεν
1235 1996 1403 2069 Ἀγάθαρχον]
1419 1998 1549 2069 Ζωγράρος
1559 1994 1629 2060 οὗτος
1639 2000 1673 2050 ὢν
1684 1998 1743 2069 ίρω-

135 2074 177 2127 καί
186 2074 279 2145 πράξεις
294 2074 429 2140 οίκείας,ἢ
446 2071 486 2127 διὰ
499 2071 638 2142 φιλοτιμίας
648 2070 759 2140 τῶνπερλ
775 2068 819 2136 τῆν
831 2069 913 2125 πόλιν.
960 2074 1021 2144 ράθη
1038 2076 1117 2129 συνὼν
1130 2079 1161 2147 τῆ
1172 2076 1305 2130 παλλακίδι
1317 2081 1361 2130 τοῦ
1381 2075 1544 2141 Ἆλκιόιάδου,
1557 2078 1586 2130 δν
1602 2076 1686 2131 λαθὼν
1701 2097 1743 2131 κα-

135 2154 289 2226 Βουλόμενος
301 2149 344 2209 οδν
359 2153 499 2224 εύαφόρμως
512 2151 620 2214 ἐξετάσαι
639 2150 673 2222 μῆ
693 2152 817 2221 προσόντα
840 2154 916 2203 ταῦτα
960 2151 1054 2221 θεῖ’ρξε,
1070 2153 1185 2206 καὶκατὰ
1199 2154 1374 2225 τούτοῆμαρτε
1392 2152 1425 2226 μὴ
1441 2155 1562 2226 παραδούς
1576 2157 1628 2216 τοῖς
1641 2154 1740 2225 νόμοις,

135 2233 322 2304 τῷΜειδίᾳτδν
339 2230 489 2297 Ἀλκιόιάδην
503 2230 690 2300 συνεισῆγαγεν,
703 2228 805 2300 ούχίνα
817 2229 915 2300 συγκρί·
959 2229 1115 2300 ἀπεσιώπησε
1136 2232 1163 2286 δέ
1181 2233 1210 2287 τό
1229 2233 1363 2305 ἁμάρτημα
1383 2234 1417 2295 ῶς
1438 2235 1534 2305 μικρδν,
1553 2234 1596 2286 ἵνα
1614 2236 1701 2305 μεῖζόν
1719 2254 1742 2287 τι

136 2332 166 2384 νη
179 2312 238 2383 πρδς
249 2312 322 2366 αύτδν
340 2311 382 2365 τδν
395 2311 514 2374 Μειδίαν,
527 2309 585 2362 ἀλλ’
598 2310 641 2362 ’ίνα
651 2308 749 2381 ίξετάση
768 2307 800 2362 τά
814 2309 915 2361 Μειδίου
959 2308 1140 2365 ύποπτεόαωσιν
1150 2311 1174 2365 οί
1184 2313 1332 2375 δικάζοντες,
1369 2312 1404 2364 Tb
1415 2310 1642 2383 ἀμριοόητούμινον
1654 2305 1697 2364 οδν
1709 2312 1742 2373 ῶς

135 2390 292 2463 ἀδικήματα,
310 2390 370 2463 πρδς
383 2390 410 2445 δέ
430 2391 525 2451 τούτοις
538 2389 582 2441 ’ίνα
596 2388 661 2461 δείξῃ
682 2386 798 2453 κάκεῖνο,
819 2388 858 2441 ότι
875 2407 917 2455 τη-
959 2388 1162 2462 όμολογούμινον
1181 2390 1279 2459 έθηκεν.
1317 2390 1449 2462 Ἔχειγάρ
1469 2391 1535 2463 αύτῷ
1551 2391 1744 2462 συναγωνιζομέ-

135 2470 247 2534 λιιιοθτος
265 2475 300 2525 ὢν
315 2468 519 2537 Ἀλκιθιάδηςσύκ
532 2467 618 2539 ίτυχεν
631 2466 916 2534 αίδούςάδικήσας,πῶς
960 2488 1005 2537 νην
1016 2468 1061 2535 τὴν
1077 2471 1230 2542 κατάγνωσιν
1248 2473 1292 2523 τοῦ
1312 2470 1403 2541 δῆμον.
1439 2469 1506 2531 Τινές
1521 2469 1548 2522 δέ
1562 2469 1591 2522 εδ
1610 2491 1621 2518 ε
1640 2464 1739 2540 είρξενι

135 2545 179 2604 οὖν
199 2550 370 2617 αίδεσθῆσεσθε
386 2549 504 2612 Μειδίαν,
525 2544 547 2619 ᾧ
570 2546 644 2617 μηδέν
662 2547 755 2600 τούτων
774 2547 914 2616 πρόσεστινς
960 2542 1014 2601 οίον
1029 2545 1435 2619 ίξέωσετοΰθεάτρουῶςάσελγῆ.
1473 2544 1742 2618 Διδκαίείπενιδπερ

171 2629 232 2695 561,
248 2633 274 2684 8.
287 2628 335 2681 ίίαλ
352 2628 397 2680 ούκ
416 2625 543 2680 ἀπεικάσαι
561 2625 639 2692 δῆπου
657 2625 776 2695 Μειδίαν]
797 2624 916 2695 θεραπεία
960 2625 1016 2679 ούδέ
1028 2625 1154 2689 όνειδίζειν
1165 2626 1266 2688 ἀξιον.»

136 2707 177 2761 διδ
190 2708 219 2760 τδ
234 2713 283 2762 τῶν
297 2707 432 2777 προσώπων
443 2704 567 2773 διάφορον.
605 2701 916 2774 Παλαιάνδέεύδαιμονίαν
997 2706 1066 2770 562,
1084 2709 1126 2767 εἰς.
1146 2704 1207 2767 Τοίις
1221 2703 1312 2776 Ἑρμᾶς
1323 2705 1495 2776 περιέκοπτεν]
1511 2701 1604 2775 Ἐρμῆς
1619 2704 1744 2774 πέμματός

137 2786 222 2853 εἶπεν,
236 2790 278 2841 ότε
292 2785 363 2857 εἶχον
376 2788 419 2851 τῆς
433 2781 554 2843 Ἑλλάδος
564 2780 608 2847 τῆν
617 2780 762 2852 ἠγεμονίαν.
960 2782 1029 2856 είδρς
1039 2783 1081 2835 καλ
1092 2782 1143 2836 ίδέα
1153 2786 1246 2845 πόσεως
1254 2783 1314 2839 έστι.
1336 2783 1382 2836 Kal
1395 2780 1487 2854 Ἐρμῆς
1495 2782 1593 2853 πρδςτῆ
1603 2781 1695 2836 πυλίδι.
1705 2784 1740 2837 Υ.

173 2866 290 2937 561,15.
310 2866 374 2937 Πρδς
394 2861 484 2934 πατρός
504 2861 548 2933 μίν
565 2859 778 2931 Ἀλκμεωνιδῶν]
793 2858 916 2931 Πρόφασιν
966 2863 1008 2917 Ἐν
1024 2865 1069 2934 μιᾷ
1081 2862 1129 2934 γάρ
1143 2863 1212 2915 νυκτί
1223 2862 1352 2932 εύρίθησαν
1367 2863 1392 2916 οί
1408 2861 1503 2933 Ἑρμαῖ
1512 2862 1687 2932 περικοπέντες,
1701 2862 1743 2915 καί

138 2946 216 3018 ίσντῷ
228 2947 313 2999 δίδωσι
329 2945 371 2999 καί
381 2945 411 2998 τί)
421 2942 576 3006 ἀντεξετάσαι
587 2939 616 2993 τύ
628 2940 730 2993 Μειδίου
738 2940 817 3010 γένος.
960 2943 1105 3010 ὑπωπτεύθη
1119 2941 1134 2995 ό
1148 2939 1307 3008 Ἆλκιόιάδης.

174 3028 235 3092 561,
251 3032 293 3081 16.
308 3026 413 3088 Τούτους
422 3026 448 3079 δέ
461 3041 532 3095 φασιν
546 3020 594 3074 ἀπο
601 3025 650 3073 τῶν
661 3020 800 3090 τυράννων]
821 3013 918 3088 Ἐτέρας
998 3022 1066 3087 562,
1084 3026 1125 3074 16.
1136 3020 1171 3073 Τδ
1180 3021 1202 3072 δ’
1214 3020 1279 3082 όλως
1290 3020 1412 3092 ἀφανίζειν
1424 3019 1491 3091 ίεράν
1502 3019 1610 3090 ἐσθῆτα]
1626 3041 1638 3069 ι
1653 3017 1739 3091 ‘lupen

137 3109 277 3179 οροράοοονς
287 3105 368 3173 οάοης,
376 3105 407 3157 ον’
420 3105 451 3171 ἣν
459 3101 613 3164 ίοῖάνίαοάνι
629 3097 710 3167 mm
723 3096 791 3151 οἶνον
804 3095 915 3167 ὅρνίῐονρ·
962 3102 1038 3172 μόνον
1051 3100 1067 3168 ἡ
1080 3100 1171 3171 ἀρχαία
1189 3099 1243 3171 ἔχει
1257 3097 1390 3171 έμραντικι]
1405 3094 1466 3152 ούσα
1479 3099 1591 3164 πολλῶν,
1604 3094 1669 3164 οἷον,
1686 3118 1741 3153 στε-

141 3184 171 3239 Ὁ
184 3187 210 3239 δέ
219 3185 352 3256 Μεγακλῆς
365 3188 409 3251 τῆς
423 3184 478 3254 μιᾶς
491 3180 613 3243 στάσεως,
626 3177 641 3229 ο
656 3177 683 3231 δὲ
698 3175 857 3247 Ἱπποκράτης
874 3179 918 3230 τοῦ
961 3179 1054 3248 φόνων,
1068 3176 1182 3245 ίσθῆτος,
1198 3176 1271 3245 αύτῆς
1284 3181 1327 3243 τῆς
1338 3177 1363 3230 έν
1372 3177 1430 3250 ίεριῆν
1439 3176 1611 3246 πανηγύρεως,
1623 3176 1665 3229 καλ
1677 3176 1741 3248 [γάρ

137 3262 541 3338 Πεισιστράτουπατὴρτῆςέτέρας.
553 3257 662 3330 Ἐπῆριιν
670 3258 696 3310 δέ
704 3257 728 3311 οί
738 3258 916 3321 στασιάζοντες,
961 3257 1021 3325 καί]
1038 3256 1128 3323 ταύτην
1140 3257 1235 3328 ύύρισι·
1259 3255 1312 3309 έπελ
1329 3258 1358 3310 τό
1378 3274 1408 3326 γε
1427 3253 1473 3320 τὴν
1492 3254 1582 3320 ίσθῆτα
1601 3256 1743 3326 προσθεῖναι

137 3346 163 3398 οί
179 3364 207 3401 τε
222 3345 343 3416 Παράλιοι
353 3344 395 3397 καί
408 3342 433 3396 οί
449 3339 614 3413 ’ίπεράκριοι.
652 3337 812 3403 Νικῆσαντων
832 3335 859 3389 δέ
869 3341 917 3389 τῶν
961 3336 1058 3403 πολλὴν
1073 3337 1126 3407 έχει
1136 3336 1180 3403 τῆν
1192 3336 1336 3391 ἐλάττωσιν.

141 3421 313 3495 Ἱπποκράτους
326 3422 368 3476 καί
382 3421 557 3491 Πεισιστράτου
573 3420 616 3472 καί
626 3418 743 3489 τυράννου
756 3416 919 3475 καταστάντος
998 3419 1065 3483 562,
1087 3435 1130 3487 ¹9·
1146 3418 1187 3479 Τίς
1208 3417 1263 3488 ῶν]
1280 3414 1469 3486 Ἀλκμαιωνίδης
1485 3416 1520 3467 ῶν
1542 3413 1591 3467 ἀπδ
1606 3412 1743 3468 Ἱππονίκου

136 3505 182 3555 τού
196 3501 368 3573 Πεισιστράτου
381 3499 520 3572 φοόηθελςό
534 3498 667 3569 Μεγακλῆς
680 3494 770 3566 συνῆψε
787 3490 833 3565 τῆν
845 3494 919 3562 θυγα-
962 3496 1150 3567 γνωριζόμενος.

138 3582 194 3651 τέρα
210 3586 246 3652 τῷ
263 3580 439 3651 Πεισιστράτῳ.
493 3575 663 3649 Χρωμένουδέ
680 3574 741 3645 αύτῆ
763 3571 828 3644 παρά
848 3572 918 3643 φύσιν
998 3573 1045 3626 ίίαλ
1058 3574 1106 3627 τίσι
1115 3573 1182 3626 ταῦτ’
1195 3572 1411 3642 ένδεικνύμενοςς]
1430 3568 1493 3624 ’Υπδ
1504 3572 1568 3632 τίνος
1580 3569 1739 3639 ῆδικημίνοςς

137 3660 230 3714 έκείνου
241 3662 371 3731 προέμενος
380 3658 395 3712 ό
405 3658 539 3729 Μεγακλῆς
549 3656 593 3724 τὴν
605 3655 725 3726 θυγατέρα
737 3652 865 3723 ἀφείλκυσε
876 3650 919 3703 καί
962 3645 1033 3698 ποίου
1043 3647 1154 3714 χορηγοῦ
1163 3642 1352 3713 ποροξννοντοςς
1365 3646 1435 3696 ποῖον
1450 3641 1579 3713 ζωγράφον
1589 3641 1743 3707 nmmum

137 3741 220 3811 ᾤχετο
239 3738 312 3800 αδτδς
335 3736 367 3799 είς
387 3736 504 3807 Δελφούς.
540 3737 605 3789 Τότε
627 3734 653 3788 δέ
674 3733 851 3805 έμπρησθέντος
874 3735 918 3785 τοῦ
962 3722 1187 3795 είςάγονάνονοῑνς
1572 3770 1574 3773 ,

138 3819 186 3871 νεὼ
195 3822 239 3872 τού
258 3816 411 3879 Ἀπόλλωνος
429 3813 546 3886 ίκηρυξαν
560 3814 584 3867 οί
602 3812 692 3884 Δελφοί
707 3812 750 3865 τδν
767 3810 917 3882 βουλόμενον
999 3804 1065 3868 562,
1081 3821 1124 3859 κο.
1138 3803 1201 3875 Πρδς
1214 3801 1243 3856 τδ
1257 3800 1290 3874 μὴ
1307 3800 1384 3854 καλόν
1398 3799 1458 3871 μηδὲ
1475 3800 1591 3872 θεμιτδν]
1606 3797 1688 3851 ίίαλδν
1699 3800 1742 3869 μὲν

138 3898 305 3968 μισθώσασθαι
323 3895 381 3967 πρδς
400 3893 549 3961 κατασκευὴν
571 3898 615 3948 τού
635 3894 692 3948 νειύ.
736 3889 766 3944 Ὃ
786 3889 919 3961 Μεγακλῆς
963 3883 1089 3956 ίοωςπρδς
1104 3885 1159 3945 τούς
1173 3886 1281 3946 ζῶντας,
1294 3881 1391 3952 θεμιτόν
1409 3879 1507 3951 δέπρδς
1524 3880 1580 3942 τούς
1595 3879 1742 3949 κατοιχομέ·

137 3974 181 4032 οδν
193 3977 304 4043 ίδέξατο,
323 3978 365 4031 καί
377 3977 462 4030 λαόδεν
476 3977 535 4030 δέκα
547 3974 656 4029 τάλαντα
669 3973 724 4044 τρία
737 3969 782 4043 μέν
792 3969 918 4023 ἀνάλωσεν
963 3983 1027 4026 νους.
1847 4014 1851 4019 ,

137 4059 171 4122 είς
186 4057 231 4125 τὴν
245 4055 410 4125 κατασκευὴν,
428 4056 456 4110 έκ
473 4056 500 4110 δέ
519 4061 569 4110 τῶν
581 4054 642 4109 ίπτύ
655 4051 758 4122 δύναμίν
772 4068 828 4103 τινα
847 4048 919 4115 συνῆ·
998 4042 1065 4109 562,
1080 4060 1125 4098 21.
1137 4042 1259 4095 Τοιούτων
1274 4040 1367 4111 ἀνδρῶν
1383 4034 1452 4093 ούσιν
1470 4037 1617 4108 ἀπογόνοις]
1631 4036 1685 4088 Τῶν
1704 4055 1742 4089 κε·

138 4141 233 4210 θροισε,
246 4139 287 4192 καί
298 4139 381 4200 πείσας
391 4136 594 4206 Λακεδαιμονίους
605 4134 705 4205 βοηθεῖν
719 4131 759 4185 έπί
767 4129 809 4191 τάς
821 4127 918 4194 Ἀθήνας
962 4124 1105 4178 κολακότων
1117 4123 1159 4176 τδν
1170 4120 1332 4187 Ἆλκιθιάδην,

138 4218 310 4288 Πεισίστρατον
320 4216 364 4289 μέν
376 4216 456 4270 σύκέτι
466 4218 548 4278 ζῶντα
561 4213 709 4275 κατέλαόεν,
729 4207 823 4264 Ἱππίαν
838 4207 865 4261 δέ
874 4208 917 4261 τόν
999 4203 1065 4268 562,
1080 4204 1125 4257 23.
1139 4202 1186 4255 Παλ
1197 4202 1289 4272 μηδένα
1299 4200 1441 4271 μηδαμόθεν
1452 4201 1461 4266 ]
1471 4196 1513 4262 Μὴ
1530 4195 1577 4249 ἀπδ
1592 4195 1677 4265 γένους
1685 4231 1693 4257 ,
1707 4190 1741 4264 μὴ

138 4296 230 4350 έκείνου
245 4297 323 4349 παίδει
336 4297 501 4366 τυραννοῦντα
512 4293 633 4356 έξέόαλεν.
962 4282 1010 4336 ἀπὸ
1021 4282 1184 4353 στρατηγίας,
1196 4279 1229 4352 μῆ
1244 4279 1292 4333 ἀπὸ
1303 4278 1398 4349 λόγων,
1411 4276 1444 4348 με]
1457 4275 1505 4329 άπδ
1517 4272 1651 4333 έπιεικείας.

174 4376 239 4437 561,
259 4390 300 4442 17.
319 4371 446 4427 Ἐκπεοεῗν
459 4371 650 4440 στασιάσαντας]
666 4368 801 4429 Φιλούντες
812 4365 861 4437 γάρ
872 4364 916 4431 τὴν
999 4362 1065 4425 562,
1087 4365 1131 4424 24.
1154 4359 1188 4411 Ἢ
1207 4359 1306 4429 χάριτός
1324 4357 1404 4427 τινος]
1428 4354 1551 4409 Ἐνταῦθα
1566 4352 1685 4405 δείκνυσιν
1704 4350 1742 4416 ότι

138 4452 303 4524 δημοκρατίαν
320 4453 371 4512 τοῖς
384 4450 590 4521 Πεισιστρατίδαις
606 4448 766 4515 ἀντέστησαν,
781 4445 823 4499 καί
843 4445 919 4507 ούτως
961 4438 1005 4491 ούκ
1020 4438 1085 4492 ίστιν
1100 4435 1265 4499 ἅξῑοενίῧονς·
1301 4433 1395 4505 Τογάρ
1408 4456 1418 4483 ¹
1431 4434 1530 4503 χάριτος
1549 4433 1647 4484 ’τοῦτο
1658 4428 1743 4498 βούλε·

138 4531 343 4604 έρυγαδεύθησαν,
363 4526 418 4582 είτα
428 4530 598 4599 δανεισάμενοι
614 4525 732 4597 χρήματα
744 4524 813 4578 αύτοί
825 4523 849 4576 οί
863 4522 917 4576 ’λλ-
962 4537 1001 4571 ται
1013 4518 1149 4587 σημαίνειν.

137 4611 283 4685 κμαιωνίδαι
295 4609 435 4679 συνήγαγον
446 4606 559 4678 δύναμιν,
574 4604 616 4657 καί
626 4604 762 4675 έπιθόμινοι
774 4605 824 4665 τοῖς
835 4604 919 4674 τυράν-
998 4595 1065 4657 562,
1084 4594 1128 4647 25.
1149 4595 1208 4646 Τῶν
1228 4589 1398 4661 στρατηγιῶν]
1417 4584 1534 4657 Ἀρορμῆν
1549 4583 1633 4637 λαθὼν
1652 4582 1678 4636 ίκ
1694 4587 1742 4673 τῶν

138 4712 188 4753 νοις
197 4690 314 4744 καθεῖλον
328 4687 371 4742 καί
379 4686 548 4759 ἠλευθέρωσαν
560 4683 604 4750 τὴν
618 4683 700 4736 πόλιν.
961 4673 1024 4726 κατά
1039 4672 1202 4739 Ἀλκιόιάδην,
1216 4673 1254 4724 ότι
1263 4670 1399 4741 στρατηγός
1410 4667 1520 4737 ἀριστος,
1539 4662 1687 4725 ἀντεξετάζει
1697 4676 1742 4726 την

177 4771 243 4835 561,
261 4786 304 4841 19.
316 4766 381 4839 Πρδς
392 4766 419 4820 δέ
435 4766 525 4839 μητρδς
540 4762 693 4829 Ἱππονίκου]
705 4760 751 4812 ίίαί
764 4741 917 4812 τούτοέυδο·
962 4752 1109 4823 στρατηγίαν
1123 4755 1167 4804 τοῦ
1186 4749 1302 4811 Μειδίου,
1321 4746 1350 4800 ού
1367 4745 1429 4800 κατά
1446 4746 1581 4815 σύγκρισιν,
1599 4738 1664 4835 ἀλλά
1680 4738 1742 4792 κατά

138 4849 178 4912 ξον
191 4850 300 4919 τὸγένος
313 4846 377 4919 παρά
390 4849 443 4908 τοῖς
458 4845 597 4913 Ἀθηναίοις.
633 4842 683 4895 Ἦν
697 4838 917 4911 γάρίίαλλίαςμέν
961 4831 1103 4901 παράθεσιν.
1140 4827 1182 4881 mh
1202 4828 1243 4881 καί
1258 4825 1363 4890 εἷπεν,ι
1384 4823 1439 4875 ἀλλ’
1450 4823 1505 4876 ούδέ
1520 4819 1574 4874 καθ’
1585 4818 1657 4871 αύτον
1673 4836 1743 4887 στρα-

25 4949 31 4960 ·
139 4924 623 5000 όπροπάτωρ,όδρδουχῆσαςΣαλαμῖνι
634 4920 674 4989 (έν
686 4919 856 4987 Ἐλευσῖνί),
871 4917 918 4971 Ἱπ-
962 4911 1153 4976 τιιύτης,νπιῗες
1163 4903 1206 4960 ούν
1218 4906 1300 4967 αἰδοῦς
1310 4904 1388 4967 ἀξιος;
1463 4979 1470 4998 γ
1550 4976 1558 4996 ’

138 5008 237 5069 πόνικος
247 5007 274 5060 δέ
284 5009 371 5061 τούτου
382 5007 454 5069 παῖς,
470 5002 499 5057 ού
512 5004 597 5064 παῖδες
608 5000 730 5066 Καλλίας,
742 4997 809 5064 ότῆν
820 4998 919 5068 θρυλοο-
998 4989 1065 5051 562,
1081 4992 1127 5043 26.
1140 4985 1183 5052 Μι]
1198 5005 1221 5039 τι
1232 4991 1280 5038 τῶν
1295 4983 1380 5035 ἀλλων
1394 4980 1511 5052 ῆγεμων]
1527 4977 1578 5030 Oua
1590 4972 1695 5075 Mafa
1713 4973 1742 5027 τδ

141 5088 214 5157 μένην
227 5085 325 5158 είρῆνην
337 5086 497 5156 σπεισάμενος
509 5081 567 5154 πρδς
579 5081 622 5133 τδν
631 5079 739 5150 Πέρσην,
755 5075 822 5143 καλὴ
838 5076 919 5147 μῆτηρ
962 5078 1010 5126 τῶν
1030 5070 1114 5124 ἀλλων
1132 5068 1248 5140 ἡγεμών·
1264 5067 1348 5137 φθάνει
1360 5064 1408 5135 γάρ
1426 5059 1599 5134 προαποδείξας
1609 5059 1647 5111 ότι
1664 5056 1744 5118 οειλδς

143 5164 304 5220 Ἀλκιόιάδου,
963 5153 1005 5206 καί
1019 5149 1120 5214 ἀσθενής
1605 5219 1620 5233 ⁴
1721 5216 1736 5230 „

177 5246 241 5308 561,
254 5259 299 5297 2ο.
314 5244 361 5296 Καί
371 5243 459 5311 ταύτης
474 5244 517 5308 τῆς
530 5238 622 5306 οίκίας]
633 5237 663 5290 Τί
675 5234 835 5306 παρενοχλῶ,
847 5233 916 5303 φησί,
1002 5229 1067 5293 562,
1082 5244 1125 5296 ²9·
1148 5225 1232 5286 Γένους
1249 5225 1321 5277 ἕνεκα
1333 5221 1362 5288 νὴ
1382 5222 1445 5292 δία]
1459 5221 1542 5273 Turno
1561 5234 1679 5284 συνηπται
1692 5231 1744 5274 τοις
