3967 5967
711 466 765 526 111.
791 465 891 525 ΚΑΤΑ
916 463 1206 524 κΤΗΣΙΦΩΝΤοΣ.
1706 476 1764 526 ειν

160 604 183 658 εί
193 603 270 666 ίξεστι
288 603 362 675 ψευδῆ
381 601 524 673 γραμμάτια
541 599 662 663 ἐνθέσθαι,
679 596 737 649 ἀλλ’
758 595 778 649 εί
796 595 898 664 ἀληθεῖς
913 595 937 647 οί
1021 599 1065 650 68.
1086 596 1166 667 Νικᾷ]
1182 595 1237 649 ἀντί
1248 599 1291 648 τοῖν
1308 596 1394 667 γράφει
1409 596 1513 667 μηδενός
1528 596 1594 669 αύτῷ
1613 597 1767 668 ἐναντιουμέ-

160 683 214 754 περί
226 682 300 735 αύτοθ
311 721 319 744 ,
332 684 376 734 τοῖν
386 680 573 751 Δημοσθένους,
585 678 689 731 ἔπαινοι.
704 679 735 733 F.
984 692 1036 725 νου.
1052 675 1081 728 F.

193 762 237 815 51.
251 761 285 813 Τί
294 759 356 830 γὰρ]
369 765 405 831 τῷ
413 759 475 811 κατὰ
484 758 628 829 παράλειψιν
642 757 753 827 σχήματι
766 756 892 826 κέχρηται.
906 757 938 811 F.
1020 769 1064 820 70.
1084 753 1133 818 Τῆς
1144 753 1280 825 τριμήνου]
1294 753 1441 823 προθεσμίας
1454 754 1627 808 ύπσκουστέον.
1641 758 1671 811 B.

195 840 376 910 Κηφισοδότου]
390 834 466 898 θύτος
479 837 644 907 πολιορκήσας
655 834 878 901 Ἀλωπεκόννησον,
891 833 939 886 είσ-
1021 848 1064 899 72.
1085 832 1119 884 Ίθ
1131 832 1213 903 ῥῆμα]
1230 832 1311 903 Ῥῆμα
1325 832 1429 886 ἐνταῦθα
1440 835 1517 886 καλεῖ
1525 828 1579 885 οῖον
1592 833 1636 900 τὴν
1649 835 1717 905 ῥῆσιν
1730 836 1769 888 α)-

159 918 289 990 αγγελθείς
301 916 342 969 διά
360 915 404 982 τὴν
418 916 540 982 συνθήκην
554 913 598 980 τῆν
609 914 669 985 πρὸς
682 914 823 984 Χαρίδημον
837 914 940 985 γενομέ-
984 909 1029 976 τήν
1050 912 1133 964 καὶτὸ
1152 913 1244 976 κῶλον,
1264 912 1385 983 όνομαδέ
1401 909 1445 976 τῆν
1461 912 1540 976 λέξιν,
1563 908 1617 965 οῖον
1641 914 1670 966 τθ
1693 913 1767 984 ἀπορ·

160 1015 205 1062 νην
217 995 259 1050 καί
271 995 472 1065 καταθηφισθελς,
486 994 557 1046 πέντε
575 991 705 1052 ταλάντοις
721 990 858 1060 ἐζημιώθη.
896 988 939 1041 Εί·
985 990 1063 1060 ρῆξαι.
1078 992 1108 1044 F.

162 1075 284 1146 σαγγελία
301 1076 327 1128 δέ
343 1073 394 1128 ἐστι
407 1073 543 1144 κατηγορία
556 1071 597 1124 διὰ
615 1072 647 1124 τά
664 1070 782 1137 ἀδίαωςῆ
801 1075 880 1133 κακῶς
897 1089 940 1125 πε-
1024 1067 1166 1141 Ἐρήσεται]
1183 1069 1309 1140 ἐμοτήσει,
1327 1068 1417 1138 ἐρωτᾶν
1430 1068 1523 1139 μίλλει,
1542 1072 1572 1126 Β.

160 1156 297 1225 πραγμόνα.
311 1156 344 1210 B.
1022 1155 1065 1217 74.
1087 1150 1278 1220 Παρεγγράίρας]
1291 1148 1510 1202 οίονεὶθποθαλών
1536 1153 1564 1202 F.

198 1236 243 1288 52.
263 1233 410 1304 Περιάγων]
426 1231 502 1284 Δοκεῖ
511 1229 559 1300 γάρ
573 1234 647 1282 τοῖντο
658 1231 740 1299 ὥσπερ
754 1227 814 1299 τιμή
826 1245 861 1287 τις
878 1224 943 1301 εἶναι
1021 1229 1064 1295 75.
1085 1227 1287 1300 λθτομολούσιν]
1303 1227 1379 1280 οἱονεὶ
1398 1228 1428 1280 τὰ
1447 1231 1495 1280 τῶν
1512 1228 1638 1299 πολεμίων
1652 1234 1768 1299 φρονοῦσι

160 1315 205 1364 τού
224 1313 371 1382 τριηράρχου
390 1309 500 1374 ἐκείνου,
522 1304 550 1362 ού
569 1311 600 1361 ἀν
619 1309 634 1361 ὁ
655 1307 790 1378 στρατηγός
809 1305 880 1378 ἐπιύῆ
900 1310 944 1372 τῆς
985 1307 1027 1357 καί
1042 1307 1237 1376 μεταύάλλουσιν
1251 1305 1357 1367 ἑαυτούς.
1374 1307 1404 1357 F.

162 1393 236 1455 νεὼς,
249 1391 304 1444 καθ’
315 1394 331 1443 θ
345 1393 416 1444 δοκεῖ
426 1396 473 1443 τῶν
484 1389 569 1441 ἄλλων
581 1389 735 1459 τριηράρχων
750 1387 886 1457 προκρίνειν
898 1383 942 1451 τῆν
1026 1381 1162 1455 ’Eraessmq
1179 1384 1254 1449 αύτά,
1267 1403 1340 1454 φησι,
1353 1383 1384 1435 τά
1394 1385 1502 1454 δημόσιοι
1518 1388 1653 1456 γράμματα
1666 1385 1769 1439 ἐπέδωκε

162 1472 257 1527 ἐκείνου
270 1471 398 1543 τριήρηώς
409 1471 489 1532 καλῶς
499 1470 733 1539 κατεσκευασμένην.
770 1465 821 1518 Οθκ
834 1463 943 1536 ἐμνήσθη
986 1470 1022 1535 τῷ
1039 1464 1120 1535 δήμῳ.
1142 1465 1171 1517 F.

161 1551 189 1604 δὲ
204 1551 312 1605 τούτουό
324 1551 480 1621 Δημοσθένης
491 1548 516 1602 ἐν
527 1554 563 1620 τῷ
573 1548 626 1601 κατ’
640 1546 850 1618 Ἀριστοκράτους,
862 1544 943 1610 ἐπειδὴ
1024 1546 1068 1610 76.
1091 1541 1239 1610 Ἐνιαυτθν]
1266 1540 1349 1608 ἐπειδὴ
1373 1544 1396 1594 οί
1417 1544 1546 1613 βουλευταί
1568 1545 1592 1596 οί
1615 1547 1770 1598 πεντακόσιοι

163 1632 270 1703 μάλιστα
283 1630 326 1701 μίν
342 1630 371 1683 οθ
385 1630 417 1681 δι’
433 1629 519 1682 ἑαυτοῦ
531 1629 599 1699 λέγει
613 1626 706 1680 ἰκτῖνον
724 1625 768 1678 τθν
785 1625 873 1695 λόγον,
886 1624 944 1677 ἀλλ’
987 1620 1103 1673 ἐνιαύσιοι
1113 1618 1183 1688 ἦσαν.
1198 1652 1234 1663 -
1247 1623 1405 1693 Φοινικίδας]
1422 1620 1497 1676 οίονελ
1509 1624 1586 1694 πορρα
1601 1625 1704 1678 παλλία.
1721 1628 1750 1677 F.

162 1711 287 1778 Εθθυκλῆς
298 1710 363 1764 ἐστιν
381 1709 395 1763 θ
414 1708 493 1763 ἐκεῖσε
512 1709 603 1779 λόγων,
622 1707 707 1760 λαθών
723 1705 766 1760 τδν
785 1705 863 1776 λόγον
880 1704 945 1775 παρά
1023 1719 1067 1770 77.
1092 1699 1220 1773 Ἕύδόμην
1234 1703 1256 1754 δ’
1276 1701 1384 1773 ἡμέραν]
1399 1703 1475 1766 ούτως
1494 1705 1517 1757 οί
1535 1703 1637 1758 Ἀττικοί
1654 1705 1769 1774 λέγουσι,

163 1790 347 1860 Δημοσθένους·
364 1786 420 1842 εἶτα
431 1786 487 1839 οθδέ
499 1785 635 1848 ἀναγκαῖον
650 1781 690 1852 ήν.
709 1786 742 1840 F.
988 1782 1042 1832 δίον
1053 1780 1130 1833 εἰπεῖν
1143 1781 1190 1851 πρδ
1200 1780 1261 1834 ἑπτὰ
1269 1780 1378 1852 ῆμερῶν.
1394 1784 1424 1835 F.

202 1865 524 1937 Τὴν-καταχειροτονίαν]
547 1864 591 1916 ίνα
610 1863 672 1936 λέγη
690 1863 744 1933 περὶ
763 1868 806 1930 τῆς
823 1861 947 1933 προθολῆς
1029 1859 1308 1931 Ἐθουθύτει]ώςχάριν
1319 1860 1452 1931 όμολογιῖιν
1464 1861 1516 1921 τοῖς
1525 1864 1588 1925 θεοῖς
1598 1861 1657 1933 ύπέρ
1667 1868 1710 1929 τῆς
1726 1865 1772 1916 πό.

163 1946 267 2013 ἐκείνης.
287 1948 318 2002 F.
988 1941 1064 2006 λεως,
1077 1941 1115 1993 ότι
1129 1940 1285 2008 ἐτελεύτησεν
1300 1940 1459 2001 όψίλιππος.

201 2025 245 2077 53.
265 2023 399 2093 Προδιδοδς
412 2024 491 2095 θμιῖς]
505 2021 594 2088 λείπει,
604 2022 685 2094 τούτιρ
695 2028 731 2094 τῷ
742 2022 900 2093 Δημοσθένει.
913 2023 944 2078 F.
1024 2022 1070 2076 81.
1094 2019 1169 2091 Ὑπὲρ
1180 2025 1223 2086 τῆς
1238 2021 1387 2091 δωροδοκίας
1400 2019 1562 2092 ζηλοιτστίας]
1575 2021 1651 2074 οἱονεὶ
1661 2021 1719 2093 θπέρ
1730 2028 1773 2075 τοῦ

203 2099 306 2171 Ἀρχαῖα
324 2101 350 2154 δέ
363 2101 404 2153 καί
417 2102 473 2154 λίαν
491 2100 699 2172 ὁμολογούμενα]
714 2100 770 2162 Πῶς
786 2100 817 2154 τά
831 2099 892 2153 αύτά
904 2098 947 2170 ἀρ-
988 2097 1076 2152 λαόεῖν
1092 2098 1179 2161 αθτοθς
1189 2101 1306 2172 χρήματα
1323 2100 1388 2172 παρά
1408 2100 1548 2164 Φιλίππου,
1564 2101 1606 2153 καί
1621 2103 1770 2170 φιλονεικεῖν

164 2183 228 2250 χαῖα
236 2180 489 2253 καίόμολογούμενα,
500 2180 594 2252 όφείλει
603 2180 651 2251 γάρ
661 2179 740 2247 λήθην
751 2182 838 2235 παθεῖν
850 2180 896 2233 ύπδ
905 2182 948 2246 τῆς
991 2177 1116 2250 ἑκατέρους
1133 2179 1188 2248 περὶ
1201 2183 1244 2232 τοῖν
1258 2180 1371 2242 πλείονος
1384 2179 1443 2251 πρός
1460 2178 1593 2245 ἀλλήλους.
1610 2183 1641 2236 F.

165 2261 330 2328 παλαιότητος
344 2266 387 2314 τοῦ
401 2263 502 2332 χρόνον.
538 2260 596 2314 Ὅτι
609 2260 674 2314 οθτιυ
686 2260 746 2329 φησί
758 2261 856 2331 μεγάλα
870 2259 946 2324 ἐστίν,
1026 2259 1071 2313 85.
1085 2259 1135 2309 Τοῖν
1158 2258 1283 2327 Καλλίου]
1300 2253 1380 2320 Ούτός
1399 2256 1464 2310 ἐστιν
1487 2258 1502 2309 ὁ
1516 2258 1625 2320 Καλλίας
1638 2259 1652 2311 ό
1671 2261 1774 2326 ποιήσας

165 2338 397 2412 ότιοθδέόγρόνος
411 2339 456 2406 τήν
472 2341 572 2412 μνήμην
586 2339 664 2393 αύτιῗιν
683 2338 792 2407 ἠδυνήθη
807 2339 946 2411 ἀφελέσθαι,
991 2335 1036 2402 τὴι
1060 2336 1165 2390 Εύόοιαν
1186 2338 1298 2408 γενέσθαι
1320 2337 1394 2392 πάλιν
1410 2336 1458 2391 θπδ
1482 2335 1637 2403 Ἆθηναίονς,
1659 2339 1720 2409 μετὰ
1746 2342 1774 2392 τὸ

165 2415 236 2487 Ὅτῳ
250 2417 277 2470 δὲ
290 2416 345 2471 ἀντὶ
358 2423 401 2471 τού
410 2415 480 2489 ᾧτινι
490 2457 498 2484 ,
509 2424 545 2490 τῷ
559 2419 718 2490 Δημοσθίνει.
738 2420 769 2475 F.
992 2416 1135 2482 ἐξελαθῆναι
1147 2415 1171 2478 ἐξ
1186 2416 1259 2482 αθτῆς
1270 2420 1312 2482 τῆς
1323 2416 1427 2477 Εθόοίας
1437 2415 1493 2476 τούς
1502 2416 1557 2486 περί
1571 2416 1613 2470 τὸν
1627 2416 1774 2484 Φιλιστίδην

201 2497 237 2550 Ὦ
254 2499 396 2570 Κτησιφῶν]
410 2499 444 2551 To
457 2502 544 2570 σχῆμα
554 2497 705 2569 ἀποστροφή.
717 2499 748 2554 F.
992 2497 1033 2549 καὶ
1047 2497 1089 2550 τίεν
1102 2496 1265 2567 Κλείταρχον,
1281 2496 1306 2548 ἐν
1321 2502 1358 2566 τῷ
1369 2497 1454 2566 χρόνῳ
1466 2501 1510 2547 τοῦ
1522 2496 1626 2551 δεκάτου
1635 2495 1714 2567 λόγου
1726 2504 1775 2553 τῶν

203 2577 248 2639 54.
268 2576 328 2647 Περί
338 2578 377 2647 δέ]
390 2578 540 2649 Μετέρχεται
557 2576 741 2632 ἐπίτδδίκαιον
760 2574 893 2646 κεφάλαιον
912 2572 949 2626 ἐν·
992 2575 1159 2629 (θιλατπικῶν.
1196 2576 1239 2627 θιδ
1255 2574 1296 2628 καί
1316 2580 1395 2636 κακῶς
1413 2573 1488 2627 αθτοῖ
1510 2574 1663 2646 μέμνηταιό
1684 2575 1772 2647 Αἰσχί-

166 2655 261 2718 τεύθεν,
275 2655 405 2725 πληρώσας
417 2655 445 2708 τό
461 2657 578 2726 νόμιμον.
615 2656 715 2725 θίερίζει
728 2655 754 2709 δὲ
768 2654 797 2708 τ“ο
810 2654 904 2707 δίκαιον
915 2651 949 2713 είς
994 2673 1044 2720 νης.
1062 2656 1092 2707 F.

166 2735 282 2802 τίσσαρας
296 2734 407 2803 καιροθς,
419 2733 452 2796 ώς
462 2734 582 2796 πολλάκις
597 2734 718 2805 ἔγνωμεν.
734 2736 766 2791 F.
1031 2731 1167 2799 Ἀθηναίους
1181 2732 1265 2799 εἶναι]
1280 2732 1327 2784 Καί
1338 2731 1387 2803 γάρ
1406 2737 1437 2805 τῇ
1449 2732 1552 2802 ἀληθεία
1570 2732 1673 2794 πολίτας
1686 2732 1775 2795 αύτοθς

201 2812 294 2863 Τοῦτον
304 2812 328 2862 δ’
344 2811 501 2885 ἀφορίζεται]
513 2812 581 2883 λέγει
590 2812 666 2866 οίονεί
677 2812 710 2876 τίς
724 2814 768 2866 ἕνα
783 2814 875 2884 χρόνον
888 2833 947 2868 συν-
994 2813 1138 2879 ίποιήααντο
1151 2812 1175 2864 οί
1193 2812 1316 2879 Ἀθηναῖοι
1337 2813 1378 2865 διὰ
1398 2814 1427 2867 τ“ο
1440 2811 1486 2877 τὴν
1501 2813 1608 2867 Εθῖοιαν
1628 2813 1775 2880 ποιήσασθαι

165 2890 247 2942 άπτει.
262 2891 293 2944 F.
993 2892 1031 2944 θ’
1044 2892 1149 2953 ἑαυτούς,
1163 2894 1193 2945 F.

203 2965 241 3036 Τῆ
250 2966 370 3039 γενομένη
385 2965 485 3039 εἰρήνη]
504 2966 559 3020 ἀντί
573 2972 616 3020 τού
631 2969 703 3039 μέχρι
717 2971 760 3034 τῆς
769 2972 903 3041 γενομένης
919 2973 951 3026 εί·
1009 2926 1159 3042 Υ’λπε’δοτε]
1171 2974 1222 3032 τοῖς
1232 2970 1374 3025 Εθόοεύσιν.
1388 2975 1418 3026 Β.

169 3045 258 3115 ρήνης,
270 3046 453 3118 συλλαμδάνων
464 3047 507 3100 καί
519 3046 593 3114 αὐτὴν
604 3045 650 3113 τὴν
665 3046 774 3119 είρήνην.
791 3050 822 3105 F.
1029 3055 1074 3105 86.
1091 3053 1223 3121 Ταμύνας]
1237 3051 1329 3120 χωρίον
1345 3050 1455 3112 Εδόοίας.
1468 3053 1498 3106 11.

203 3126 247 3181 55.
271 3124 491 3199 Ἐγκαλύπτωμαι]
505 3128 534 3181 τθ
546 3129 676 3199 πρόσωπον
687 3128 802 3182 καλύπτω
814 3128 854 3183 θπ’
864 3130 951 3202 αἰσχύ-
997 3166 1000 3169 v
1034 3129 1335 3200 ’λ’περεόάλλομεν]ἀντί
1348 3134 1392 3183 τοῖν
1402 3131 1590 3201 παρηρχόμεθα.
1607 3130 1639 3184 F.

168 3222 220 3273 νης.
240 3209 271 3261 B.
288 3205 343 3259 ἀντὶ
352 3211 395 3261 τοῖν
411 3209 491 3262 σκίπω
501 3207 616 3279 ἐμαυτόν,
633 3209 666 3271 ώς
677 3208 773 3280 ἀπορῶν
789 3210 873 3276 δῆθεν.
893 3211 950 3265 Ἐκ·
1030 3215 1073 3280 87.
1086 3211 1148 3271 Τοθς
1161 3210 1292 3271 Φωκικοθς
1305 3208 1384 3272 ξένους
1398 3211 1553 3277 διαύιύάσας]
1573 3208 1649 3262 οίυνεὶ
1662 3210 1776 3280 συνάγων

165 3285 282 3357 καλύψειν
292 3286 318 3340 δέ
328 3286 435 3341 ἀντίτού
448 3290 587 3358 γυμνώσειν
605 3306 635 3358 με
649 3288 808 3359 σκεπόμενον.
822 3291 856 3344 F.
993 3291 1060 3352 τινας
1079 3291 1188 3343 Φωκίων
1208 3296 1256 3342 τῶν
1274 3288 1310 3341 ίτι
1330 3291 1487 3359 σωζομένων,
1510 3288 1569 3358 πρθς
1586 3287 1615 3340 τθ
1629 3292 1776 3359 τυραννῆσαι

205 3367 248 3420 58.
269 3365 326 3420 Ἐπί
338 3366 481 3438 Φίλιππον]
496 3366 550 3420 ἀντὶ
565 3370 609 3419 τού
627 3367 689 3419 κατὰ
706 3367 840 3423 Φιλίππου.
856 3371 887 3426 F.
994 3371 1048 3430 τούς
1065 3368 1184 3429 ΙΞύύοίας·
1210 3372 1283 3421 τοῦτο
1305 3368 1332 3421 δὲ
1355 3367 1443 3430 ἔξωθεν
1468 3367 1541 3420 ἔλαθε
1563 3367 1621 3437 πρὸς
1643 3366 1773 3431 διαδολήν.

204 3445 354 3517 Συστάντες]
381 3445 436 3500 ἀντὶ
458 3452 502 3500 τού
526 3447 702 3517 φατριάσαντες
728 3446 769 3501 ἐπί
793 3448 823 3501 τὰ
842 3450 949 3521 δημόσια
992 3448 1138 3508 Διαδιθάσας
1150 3445 1176 3499 δέ
1189 3445 1218 3498 ού
1229 3446 1297 3517 λέγει
1308 3448 1364 3510 τοίνς
1374 3447 1484 3511 Φωκέας,
1498 3445 1564 3498 ἀλλὰ
1574 3446 1603 3499 τθ
1612 3448 1776 3517 στρατόπεδον

165 3523 236 3595 ίνμιῗιν
245 3527 391 3595 πράγματα,
405 3529 434 3582 F.
992 3532 1007 3581 θ
1022 3528 1173 3596 συνήγειρεν.
1190 3528 1221 3580 F.
1353 3516 1357 3527 ⁸

205 3602 249 3670 59.
273 3600 329 3656 Ἐπί
342 3604 397 3666 τούς
408 3603 558 3675 λογισμούς]
575 3605 614 3659 ἐπὶ
624 3604 652 3657 τδ
665 3604 796 3672 ἀπαιτῆσαι
811 3607 889 3677 λόγον
899 3615 948 3663 τῶν
1030 3611 1073 3662 88,
1088 3604 1308 3675 Ἐκπαρατάξεως]
1318 3604 1373 3657 ἀντί
1384 3609 1427 3658 τοῖν
1435 3610 1542 3673 φανερῶς
1554 3603 1595 3655 καί
1606 3603 1634 3655 οθ
1645 3604 1733 3675 λάθρα.
1744 3607 1772 3658 F.

169 3679 344 3734 ἀναλωθέντων
362 3685 507 3754 χρημάτων.
523 3686 553 3739 F.
1030 3690 1074 3755 89.
1096 3685 1229 3754 Συνάγων]
1250 3684 1293 3735 ἵνα
1314 3685 1387 3750 δῆθεν
1408 3682 1441 3744 εἰς
1460 3684 1487 3735 ἓν
1507 3684 1686 3754 συνίρχηταιῆ
1710 3690 1775 3739 πᾶσα

199 3760 423 3834 Συγκεφαλαιωθῆ]
438 3762 492 3815 ἀντί
511 3768 554 3815 τοῖν
568 3764 661 3833 πλήρης
671 3761 816 3837 ἀποδειχθῇ.
828 3768 858 3822 F.
994 3765 1085 3817 Εόόοια
1099 3762 1140 3815 καί
1152 3761 1258 3833 ἐπακούη
1270 3763 1322 3823 τοῖς
1339 3760 1480 3827 Ἀθηναίοις.
1495 3764 1524 3816 F.

107 3864 113 3869 ·
203 3838 282 3910 Αίρῆ]
297 3838 433 3912 ἐλέγχηΒ
461 3839 578 3893 Ἀντίτοῖι
592 3842 730 3914 καταλάόῃ.
749 3844 779 3898 F.
1033 3843 1085 3913 Ἐφ’
1104 3839 1249 3912 ύμιῖς]άντὶ
1262 3844 1306 3892 τού
1320 3840 1374 3892 καθ’
1388 3840 1465 3909 θμῶν.
1797 3896 1801 3901 ,

200 3921 247 3970 θα.
272 3916 432 3990 Ἔπιλαχών]
444 3919 602 3990 Ἐλάγχανον
614 3920 661 3991 γάρ
673 3921 840 3991 ἄρχονταςκαὶ
852 3924 895 3977 σθν
905 3926 948 3978 αύ-
1027 3941 1072 3994 9ο.
1090 3923 1143 3974 Τοῖν
1159 3920 1278 3991 Εύρίπου]
1292 3918 1363 3972 θέλει
1377 3919 1403 3972 δέ
1416 3922 1497 3990 ὥσπερ
1507 3921 1547 3973 διὰ
1560 3919 1647 3973 τούτου
1658 3919 1769 3987 δηλῶσαι

166 3999 219 4059 τοῖς
239 3997 313 4051 ἄλλοι
331 4002 411 4070 ὥσπερ
432 4000 539 4070 δεύτεροι
553 3999 643 4065 αύτῶν,
658 4000 701 4051 ίνα
718 3994 752 4063 είς
765 4001 843 4054 αὐτῶν
858 4003 880 4056 εί
890 4004 948 4060 ἀπέ-
992 4004 1031 4055 ότι
1045 4000 1182 4071 ἐμιμήσατο
1194 3997 1235 4048 διά
1248 4000 1292 4049 τοῖν
1312 3998 1402 4068 τρόπον
1419 3998 1447 4050 τό
1466 3998 1647 4067 εὖμετάύλητον
1666 4003 1709 4051 τού
1730 3999 1776 4051 Εὖ·

168 4079 240 4131 θανεν
261 4078 286 4131 ἐν
307 4086 343 4153 τῷ
360 4080 448 4152 μεταξύ
471 4084 513 4148 τῆς
538 4080 650 4152 ἀρχῆςῆ
673 4080 840 4151 ἠρρώστησεν,
862 4084 876 4137 ό
895 4084 948 4140 ἀντ’
992 4083 1072 4152 ρίπον,
1086 4081 1121 4140 ώς
1134 4077 1238 4144 πλησίον
1257 4076 1427 4131 αύτούοίκῶν.
1467 4077 1540 4130 Ἔστι
1554 4076 1712 4130 δέτδκῶλον
1726 4097 1774 4147 χα.

167 4155 242 4208 αθτού
262 4157 374 4229 ἐγίγνετο
391 4160 485 4230 ἀρχων.
528 4158 572 4212 Ἐκ
588 4163 740 4230 παρασκευῆς
757 4160 783 4214 δὲ
802 4164 945 4235 πριάμενος,
992 4159 1137 4231 ριεντισμός.
1180 4154 1325 4209 Ἐπαινοΰσι
1339 4155 1366 4208 δέ
1380 4164 1453 4208 τοῦτο
1472 4156 1500 4208 τό
1513 4155 1594 4207 κῶλον
1614 4155 1639 4208 οί
1652 4157 1771 4225 κριτικοὶ,

166 4231 221 4284 οίον
245 4234 388 4306 θποφθείρας
410 4238 522 4309 χρήμασι
547 4239 603 4300 τοθς
620 4240 748 4309 προέδρους
773 4245 816 4307 τῆς
839 4243 945 4312 βουλῆς,
991 4241 1105 4311 λέγοντες
1118 4238 1247 4307 Μθθθως
1260 4235 1319 4288 αθῖθ
1333 4237 1467 4305 πῑφθάσθαῑ
1480 4236 1521 4288 δαί
1534 4233 1562 4286 οὗ
1578 4236 1679 4304 κώθωί·
1698 4237 1727 4288 F·

167 4312 230 4364 ὥστε
242 4312 315 4366 αθτθν
327 4314 459 4384 βουλευτήν
474 4320 583 4384 ποιῆσαι.
597 4319 627 4372 F.
1026 4337 1071 4388 9¹·
1089 4317 1138 4368 Τον
1152 4313 1413 4384 δολιχοδρομήσαντα]
1426 4311 1500 4374 Εἶδός
1511 4314 1562 4366 ἐστι
1578 4315 1670 4384 δρόμου
1681 4314 1696 4367 ό
1706 4316 1774 4368 δόλι·

202 4388 257 4444 Ἵνα
269 4391 302 4455 είς
319 4392 495 4466 θποδοχῆν-]
510 4391 564 4448 οίον
576 4396 606 4449 τά
620 4396 753 4467 άρέσκοντα
769 4398 844 4471 αύτῷ.
860 4403 889 4456 F.
991 4417 1046 4468 χος,
1059 4396 1092 4457 ώς
1102 4395 1128 4448 ἐκ
1142 4400 1191 4446 τῶν
1203 4395 1356 4463 Πινδαρικῶν
1370 4392 1422 4445 ἔστι
1439 4393 1545 4463 μαθεῖν.
1561 4392 1653 4455 ίσωςέν
1673 4396 1773 4448 στάδιον

203 4474 246 4533 64.
271 4469 315 4524 Ἐκ
326 4474 478 4542 μεταύολῆς]
490 4474 533 4526 Ἔν
545 4475 593 4546 γὰρ
605 4480 636 4547 τῆ
647 4479 740 4549 πρώτη,
751 4479 822 4547 φησί,
833 4481 947 4551 πρεσὸιίᾳ
992 4475 1151 4543 ἐκτεταμένον
1162 4473 1274 4541 δραμεῖν,
1292 4473 1321 4525 F.

169 4547 251 4621 ἐπῄνει
265 4549 363 4620 αύτούς,
374 4551 474 4623 θστερον
484 4554 510 4607 δέ
520 4554 545 4607 ἐν
555 4559 586 4627 τῇ
597 4557 695 4627 δευτέρᾳ
703 4558 832 4612 διέύαλλεν
841 4559 875 4622 ὡς
887 4581 946 4632 προ·
1026 4552 1102 4604 ὓθδὲί
1114 4550 1177 4621 γὰρ]
1192 4548 1225 4601 Ἦ
1235 4549 1342 4611 ὠίῐῑξίς
1356 4552 1399 4601 ῖῠῦ
1409 4550 1491 4601 κώλου
1506 4548 1531 4600 ἐν
1543 4548 1671 4619 ὓῑῑθθαΐῷ
1682 4549 1771 4612 οθῖως·

167 4627 249 4689 δότας.
262 4630 292 4684 F.
991 4632 1059 4685 οθδέν
1072 4630 1119 4702 γάρ
1139 4627 1168 4695 ῆν
1184 4628 1207 4681 ἐν
1228 4631 1310 4700 μέσῳ,
1333 4628 1390 4680 ἀλλ’
1405 4629 1513 4699 ύπῆρχεν
1529 4627 1594 4698 αύτῷ
1612 4629 1628 4694 ῆ
1647 4628 1743 4701 φεύγειν
1758 4631 1773 4695 ἢ

201 4711 246 4760 66.
270 4706 446 4780 Ἆνεμέσητον]
458 4711 595 4781 ἄμεμπτον.
612 4715 643 4768 Β.
990 4713 1119 4772 τεθνάναι,
1134 4709 1155 4761 εἰ
1168 4710 1282 4778 μνησθείς
1297 4709 1310 4760 ό
1324 4711 1402 4778 δῆμος
1415 4714 1464 4761 τῶν
1483 4708 1641 4779 ἀδικημάτων
1652 4706 1727 4760 αύτού
1739 4709 1774 4780 μὴ

204 4787 484 4859 Ιίατακοινωνήσαντες]
509 4788 585 4841 οίονεί
609 4792 803 4857 κοινωνήσαντες
827 4794 947 4863 ἀλλήλοις
990 4792 1144 4863 προσδέξαιτο
1159 4788 1203 4854 τὴν
1219 4791 1372 4858 συμμαχίαν.
1390 4789 1420 4840 F.

168 4858 230 4912 κατά
243 4867 292 4914 τῶν
302 4864 453 4934 πραγμάτων
466 4871 515 4918 τῶν
525 4871 568 4932 τῆς
577 4867 716 4930 πόλεωςἜ
1027 4888 1060 4942 9²
1093 4869 1200 4939 Ἔγραψε
1221 4869 1243 4919 δ’
1265 4866 1304 4935 ἐν]
1322 4865 1356 4921 Ἠ
1375 4869 1440 4920 πᾶσα
1454 4867 1550 4919 διάνοια
1571 4865 1671 4931 τοιαύτη
1693 4864 1770 4918 ἐστίν·

204 4937 265 5001 Τοθς
278 4942 478 5012 καιρούς]οίονεί
494 4943 536 5006 τάς
552 4944 761 5021 εύκαιρίαςκαίτδ
776 4948 892 5003 δύνασθαι
906 4951 946 5003 διὰ
991 4950 1183 5021 ίγραθε,φησί,
1197 4949 1296 5018 βοηθεῖν
1308 4946 1372 5019 ἡμας
1385 4948 1438 5009 τοῖς
1447 4945 1617 5011 Χαλκιδεῦσιν.
1654 4944 1721 4998 Εἶτα
1730 4947 1773 4999 ίνα

170 5019 212 5068 τοῦ
230 5015 360 5089 ἀναμεῖναι
375 5022 429 5084 τούς
443 5022 570 5092 Ἓλληνας
588 5024 670 5079 ἐλθεῖν
686 5027 728 5079 καί
742 5034 889 5097 κοινωνῆσαι
903 5036 946 5097 τῆς
991 5029 1025 5102 μῆ
1038 5028 1096 5102 δόξῃ
1110 5030 1202 5083 ἀτοπον
1216 5027 1298 5098 λέγειν
1312 5028 1342 5082 τδ
1364 5028 1441 5099 μόνον
1459 5025 1524 5097 ἡμᾶς
1545 5025 1645 5088 ἐκείνοις
1661 5026 1771 5095 βοηθεῖν,

168 5090 272 5163 εῙθθίθί·
286 5099 317 5153 F·
991 5109 1024 5182 μὴ
1048 5113 1130 5182 μέντοι
1147 5110 1189 5161 καί
1211 5107 1296 5171 αθτοθς
1315 5107 1387 5179 ημῖν,
1406 5106 1539 5178 προσέθηκε
1561 5106 1634 5171 δῆθεν
1657 5103 1774 5176 εθφημίας

203 5178 248 5242 67.
272 5176 307 5249 ᾜ
327 5181 444 5252 πρότερον
465 5181 542 5247 οθδείς
557 5187 678 5257 μέμνηται
696 5188 845 5260 γενόμενον]
870 5188 947 5243 οίονεί
989 5193 1074 5262 χάριν,
1094 5193 1158 5244 ὥστε
1181 5189 1222 5242 καὶ
1242 5179 1328 5250 αύτούς
1346 5188 1447 5258 βοηθεῖν
1460 5184 1521 5256 ῆμῖν
1536 5186 1717 5247 κινδυνεύουσι,
1733 5184 1775 5236 καί

168 5250 298 5319 ἐκκλησίαν
313 5255 338 5309 ἐν
358 5261 500 5332 πανηγύρει.
512 5263 545 5319 F.
990 5268 1182 5337 ἀντικατήλλαξε
1195 5267 1262 5340 ῥῆμα
1271 5266 1345 5340 ἔργῳ,
1358 5268 1389 5323 F.

260 5362 386 5401 οειτοοοσ.
398 5366 423 5401 ιι.
1631 5363 1658 5403 ³³
