3967 5967
227 428 283 481 50⁸
801 416 943 478 ΣΚΟΔΙΑ
965 418 1028 478 ΕΙΣ
1052 417 1249 479 ΑΙΣΧΙΝΗΝ.

263 552 437 623 Κειτηλόησαν]
450 550 583 617 ἰπάτησαν,
596 547 720 603 ἐκάκωσαν
730 588 737 615 ,
749 548 847 620 έτυήιαν.
868 549 895 606 B.
917 547 1003 602 ’Δλοᾶν
1048 549 1214 619 φυλαττούσης
1226 551 1267 603 καί
1278 550 1437 620 συνεχούσης.
1449 551 1476 606 B.
1512 548 1576 623 Εἶχε
1593 553 1674 606 καὶτὰ
1684 556 1743 626 γένη
1757 553 1838 617 ίδίους

226 629 319 685 έστιτδ
333 631 439 685 τύπτειν.
483 627 525 691 Ὧς
538 635 587 681 τῶν
609 629 709 699 όμήρων
726 622 769 682 ούν
783 626 1004 701 ξύλῳῆόπωσδή·
1050 629 1147 699 βωμούς
1159 626 1185 680 έν
1199 631 1253 691 ταῖς
1264 628 1350 692 οίκίαις
1365 629 1466 683 ἑαυτῶν.
1505 632 1627 694 Πολιάδος
1643 633 1670 686 δέ
1689 634 1767 686 σίουεί
1786 655 1836 689 πο-

225 727 284 763 not·
298 710 523 764 κατακτεινόίντων.
539 710 601 764 LM.
1049 707 1152 777 λνούχου
1166 708 1208 761 καί
1219 709 1368 779 συνεχούσης
1387 709 1430 762 καί
1446 710 1571 779 συίοθσης
1583 707 1628 776 τὴν
1642 712 1726 766 πόλιν.
1746 716 1833 769 mi.

264 788 383 859 Ἐλθεῖν]
401 788 456 842 ἀντὶ
476 792 520 842 τού
542 786 672 842 ἀπελθεῖν·
690 788 757 859 λέγει
777 788 825 859 γάρ
840 787 865 842 έν
885 791 917 860 τῇ
937 789 1005 862 τρίτη
1049 785 1142 852 Βούτης
1151 784 1193 840 ἀπ’
1209 786 1345 857 Ἐρεχθέως
1354 788 1424 858 γένος
1439 786 1507 858 ἔχει,
1522 790 1564 842 καί
1577 788 1618 844 ἀπ’
1633 788 1708 844 αύτοῦ
1718 792 1838 845 καλεῖταί

226 868 348 939 πρεσόείρ.
390 867 421 920 Ἥ
434 869 461 923 δέ
474 867 583 929 σύνταξις
595 867 672 928 οθτως
681 866 749 937 ίχει’
764 868 1006 922 Φαλαίκουδίύπο-
1049 883 1073 917 τι
1099 863 1212 934 Ἀθήνησι
1231 869 1301 937 γένος
1323 865 1528 933 Ἐτεοόουτάδαι,
1547 868 1572 922 οί
1594 875 1630 941 τῷ
1646 872 1700 923 όυτι
1716 870 1764 926 άπδ
1785 877 1834 925 τοῦ

225 948 331 1000 σπόνδου
342 945 572 1017 ἀπελθόντος,πρλν
584 944 627 1017 ίμί
638 946 680 998 καί
691 947 763 1000 τόνδε
777 945 893 999 ἀπελθεῖν
906 945 946 1001 ίπί
960 944 1006 1012 τὴν
1050 943 1151 998 Βούτου.
1189 939 1265 1001 θύται
1283 945 1442 1017 προΐστανται
1455 951 1499 1001 τού
1516 947 1583 1018 ίερού
1597 952 1640 1016 τῆς
1658 948 1684 1002 έν
1700 949 1835 1022 ἀκροπόλει

225 1028 308 1099 τρίτην
321 1030 459 1101 πρεσθείαν.
499 1030 571 1082 Κάτω
582 1030 609 1083 δέ
618 1028 683 1083 ἐστιν
696 1028 712 1096 ἡ
727 1028 843 1090 ἀπόδοσις
852 1027 885 1090 εἰς
894 1029 1006 1093 τδ,τότε
1053 1019 1152 1089 Ἀθηνᾶς
1167 1028 1211 1091 τῆς
1229 1025 1367 1090 Πολιάδος,
1382 1026 1422 1078 καλ
1444 1024 1472 1079 ίκ
1491 1031 1535 1080 τού
1550 1030 1634 1098 γένους
1648 1030 1742 1084 τούτων
1758 1030 1835 1101 ίέρεια

225 1107 358 1162 ἀπώλοντο
371 1109 397 1162 αί
410 1107 518 1180 πράξεις,
532 1107 586 1162 οίον
600 1107 632 1162 τά
644 1108 748 1161 Φωκικά
760 1109 901 1180 πράγματα.
919 1110 1004 1165 FLM.
1050 1102 1144 1171 γίνεται
1154 1108 1198 1169 τῆς
1214 1102 1314 1172 Ἀθηνᾶς
1327 1109 1371 1171 τῆς
1381 1105 1512 1168 Πολιάδος,
1550 1106 1586 1160 Ού
1599 1111 1674 1162 πᾶσαι
1687 1108 1835 1180 δέφρατρίαι

263 1192 322 1252 εήι.
344 1186 569 1259 Ὗπολειπομίνης]
580 1186 611 1240 Εἰ
620 1184 654 1260 μή
665 1186 806 1259 πολεμήσαι
816 1187 932 1249 Φωκίας,
948 1186 1006 1241 {me
1050 1186 1099 1234 τῶν
1113 1181 1192 1236 αύτῶν
1203 1185 1364 1255 μετέχουσιν,
1376 1182 1433 1236 ἀλλ’
1446 1185 1524 1238 έοικεν
1534 1185 1651 1257 Αἰσχίνης
1660 1186 1708 1242 ἀπό
1720 1190 1833 1256 τοιαύτης

224 1265 322 1320 λείπετο
336 1266 414 1339 ίχθρα
429 1272 465 1340 τῷ
477 1267 596 1340 Φιλίππῳ
609 1267 668 1338 πρδς
678 1266 815 1330 θετταλούς
825 1267 867 1321 καί
875 1265 1006 1333 θηόαίους.
1050 1261 1136 1316 ίαυτδν
1147 1264 1283 1329 δεικνύναι,
1296 1264 1401 1331 ήούτως
1413 1263 1478 1319 ἐστίν
1491 1264 1592 1337 εύγενής
1604 1269 1669 1320 ὥστε
1679 1271 1732 1331 τοῖς
1748 1268 1833 1322 Ἐτεο-

224 1346 276 1400 LM
1050 1343 1178 1407 όουτάδοιις
1190 1347 1318 1398 κοινωνεῖν
1333 1351 1381 1398 τῶν
1394 1344 1465 1416 ἱερῶν
1479 1350 1527 1399 τῶν
1541 1348 1584 1412 τῆς
1595 1345 1728 1410 Πολιάδος.
1763 1349 1833 1403 Τδδέ

261 1385 321 1488 ιήα.
337 1423 479 1497 ᾟρηνται]
493 1424 692 1496 ίχειροτόνηοαυ.
707 1427 738 1483 F,
1050 1426 1178 1477 κοινωνεῖν
1189 1424 1219 1478 τδ
1234 1424 1431 1495 μεταλαμόάνειν
1443 1429 1486 1492 τῆς
1502 1425 1593 1488 ούσίας.
1608 1427 1670 1485 LM.

259 1501 384 1574 Οἰταίων]
397 1498 473 1557 θύτου
490 1505 620 1575 μετέχουσι
632 1507 675 1557 τοῦ
691 1502 901 1575 Κμφικτυονικού,
912 1502 1007 1557 οἰκοθσι
1088 1504 1147 1564 148,
1164 1499 1331 1572 ’Δμφισόητῶν
1341 1499 1402 1572 ἀνὴρ
1414 1499 1490 1574 εἰναι]
1505 1502 1662 1576 Κνδρόγυνον
1672 1503 1738 1558 εἶναι
1746 1503 1831 1571 δηλοῖ,

223 1582 250 1636 δέ
260 1581 307 1636 ύπδ
318 1580 380 1656 Οἴτη
392 1589 428 1655 τῷ
438 1584 503 1655 όρει,
514 1584 619 1650 πλησίον
632 1583 764 1654 Τρηχῖνος.
784 1583 818 1637 Τδ
828 1584 850 1635 δ’
860 1583 921 1636 δλον
933 1587 1006 1638 τοῦτο
1055 1579 1237 1651 ’ἀναγνωστέον
1256 1581 1283 1634 δί
1301 1580 1528 1653 ἀμφισόητούμενος
1541 1582 1601 1654 ἀνὴρ
1620 1582 1700 1650 εἰναι,
1710 1585 1832 1638 τουτέστιν

223 1661 345 1714 θετταλία
358 1662 481 1716 καλεῖται.
496 1665 560 1720 LM.
1051 1659 1099 1730 ούχ
1112 1659 1312 1731 ὁμολογούμενος
1323 1658 1385 1731 ἀνὴρ
1398 1658 1473 1718 εἶναι.
1485 1663 1514 1715 Β.

262 1740 508 1814 Ὦθεῖν-κρημνού]
517 1742 548 1795 Οί
559 1743 618 1814 πρδς
628 1743 658 1796 εδ
666 1742 732 1813 ίερδν
741 1742 770 1796 τδ
777 1741 803 1795 ἰν
814 1742 917 1814 Δελφοῖς
929 1743 1007 1816 ἀμαρ·
1089 1737 1246 1810 Ἀριστάρχου
1256 1740 1263 1811 ]
1277 1740 1371 1793 Τούτου
1384 1741 1531 1812 μνημονεύει
1543 1741 1700 1812 Δημοσθένης
1710 1741 1748 1813 (p.
1769 1743 1832 1809 ⁵48,

224 1820 336 1882 τάνοντες
350 1819 413 1874 κατά
425 1826 473 1874 τῶν
488 1820 645 1892 Φαιδριάδων
653 1826 748 1891 πετρῶν
755 1821 876 1876 ὠθοῦντο.
888 1824 951 1876 LM.
1054 1822 1103 1888 εἰς)
1115 1817 1141 1871 έν
1151 1824 1186 1890 τῷ
1201 1818 1263 1871 κατά
1275 1819 1377 1872 Μειδίου
1386 1819 1428 1873 καί
1439 1819 1564 1891 ἀλλαχοῦ.
1602 1821 1695 1874 Τούτου
1707 1821 1734 1874 δὲ
1746 1841 1831 1893 μειρα-

261 1899 321 1962 ιήθ.
337 1898 730 1970 Τούςσυμπρίσόεις]λίνάσωνος
741 1899 866 1966 δηλονότι.
884 1902 907 1956 F
909 1940 916 1953 .
1051 1897 1104 1950 κίου
1122 1899 1193 1959 ὄντος
1206 1896 1314 1968 έρσσθελς
1329 1899 1369 1952 καί
1383 1899 1415 1951 δι’
1431 1897 1490 1952 αύτδ
1507 1898 1656 1970 παροινήσας
1673 1897 1707 1961 είς
1724 1900 1831 1967 Νικόδη-

258 1976 368 2049 Δίπαρε]
386 1979 468 2048 ῶσπερ
483 1976 608 2044 έπίθετον,
629 1978 663 2040 ῶς
682 1976 785 2048 ἰχοντος
805 1976 879 2030 αύτοῦ
899 1976 1006 2049 πιμελήν
1052 1994 1098 2047 μον
1110 1975 1218 2048 ίξίκαήιεν
1231 1976 1305 2030 αθτοῖι
1321 1978 1378 2040 τολις
1388 1977 1545 2049 ὀφθαλμούς,
1562 1980 1595 2039 ὥς
1607 1979 1666 2049 φασί
1677 1976 1751 2041 τινεςζ
1764 1981 1794 2032 Β.

224 2054 265 2107 καί
278 2054 358 2117 λίπος.
373 2056 459 2111 ΓΚΜ.
1091 2053 1259 2128 Ἐμόάλλεις]
1274 2055 1303 2108 ού
1314 2060 1438 2127 προσῆκον
1453 2055 1561 2127 είσίρχη.
1573 2056 1602 2109 Β.

260 2134 316 2196 Πῶς
329 2128 372 2187 ούν
389 2132 450 2206 ούκ]
467 2132 607 2205 Ἐπίλογοι.
622 2136 651 2191 F.
1088 2138 1148 2204 149.
1163 2133 1296 2207 Ἆγεννείς]
1315 2135 1370 2189 ἀντί
1390 2140 1435 2190 τοῖν
1448 2135 1627 2205 ἀνελευθέρους.
1664 2136 1768 2208 Εύγενὲς
1785 2138 1833 2209 γὰρ

259 2213 306 2284 Εἰ]
317 2213 376 2285 πρδς
394 2212 423 2266 τό
442 2212 531 2281 ἁλοίην
547 2215 710 2281 συντακτέον,
726 2215 742 2267 ό
759 2213 812 2268 έστι
827 2215 1004 2286 τιμωρηθιίην.
1050 2211 1157 2283 λέγομεν
1170 2212 1290 2274 πολλάκις
1298 2213 1328 2266 τδ
1340 2212 1479 2284 ἐλεύθερον.
1490 2214 1576 2269 HM.

224 2295 307 2351 FLM.
1088 2290 1145 2346 Ἐπί
1158 2290 1204 2359 τήν
1222 2289 1306 2358 κοινὴν
1320 2293 1455 2365 διοίκησιν]
1470 2290 1524 2346 οἷον
1540 2291 1580 2347 ίπί
1599 2292 1629 2346 τά
1644 2295 1753 2365 δημόσια
1769 2296 1832 2366 χρή·

261 2375 321 2435 ιήή.
349 2367 392 2434 Ὧς
414 2369 654 2443 ἐγὼ-περιπίπτω]
673 2373 796 2427 τουτέστιν
820 2372 854 2435 ὡς
879 2371 931 2444 ίγίο
955 2375 1008 2435 τοῖς
1052 2370 1184 2442 ματα,ίπί
1193 2369 1268 2438 ωλτην
1282 2377 1332 2425 τῶν
1343 2373 1471 2444 προσόδων
1481 2370 1526 2438 τὴν
1540 2370 1680 2440 ἀπαίτησιν.
1692 2377 1776 2431 Ι·”Ι,Μ.

225 2448 333 2522 ίμαυτού
345 2448 431 2521 λόγοις
453 2447 590 2522 έλίγχομαι
609 2451 650 2505 καί
672 2450 822 2520 άλίσκομαι,
837 2447 853 2513 ἢ
870 2448 903 2511 ύις
914 2448 947 2502 τά
966 2448 1007 2503 ύπ’
1084 2450 1231 2522 Κνωσίωνι]
1245 2450 1348 2522 Λέγεται
1363 2452 1520 2522 Δημοσθένης
1534 2452 1667 2505 Κνωσίωνα
1680 2457 1766 2507 τοῦτον
1780 2475 1831 2525 μει-

225 2527 287 2601 έμού
302 2527 365 2583 κατά
378 2534 422 2583 τοῦ
439 2529 519 2583 ἀλλου
532 2528 669 2602 εἰρημένα,
684 2529 761 2601 ἤγουν
775 2526 839 2582 κατὰ
852 2532 896 2581 τοῦ
914 2529 1007 2600 Τιμάρ·
1051 2529 1165 2600 ρακίσκον
1188 2531 1263 2596 ύντα,
1285 2530 1364 2583 καίτοι
1387 2532 1492 2602 γυναῖκα
1511 2529 1597 2601 ἔχων,
1614 2534 1677 2585 ὥστε
1697 2533 1738 2585 καί
1753 2532 1829 2599 ούτήν

225 2629 289 2679 χου,
304 2614 381 2664 ταῦτα
394 2609 426 2672 είς
437 2609 481 2683 έμί
493 2610 567 2667 πάλιν
580 2610 679 2683 ἔρχεται
690 2611 732 2666 καί
743 2610 797 2664 κατ’
811 2608 873 2681 ίμού
885 2608 964 2680 ἰσχύει
975 2613 1008 2681 τῇ
1051 2607 1256 2680 ἀγανακτήσασαν
1278 2610 1459 2681 συγκοιμᾶσθαι
1477 2614 1513 2679 τῷ
1536 2611 1678 2678 Κνωσίωνι,
1697 2610 1831 2665 ύναλαόεῖν

226 2691 385 2761 συκοφαντίᾳ.
401 2692 456 2747 BL
1051 2688 1094 2740 καί
1104 2687 1254 2749 εἰσδέξασθαι
1268 2687 1301 2750 εἰς
1314 2687 1360 2755 τήν
1372 2687 1463 2742 οἰκίαν.
1476 2689 1507 2744 Β,
1542 2689 1676 2761 Μειράκιον
1692 2687 1721 2758 ήν
1737 2691 1752 2745 ό
1767 2692 1833 2746 Κνω-

264 2768 321 2832 145.
338 2768 483 2840 Προόολάς]
497 2767 614 2841 Προόολὴ
628 2769 708 2841 ὄνομα
720 2768 803 2835 δίκης,
818 2765 926 2838 μάλιστα
943 2766 971 2820 δέ
980 2765 1006 2820 ἰν
1051 2755 1111 2821 ἆίων
1126 2766 1252 2838 ίρώμενον
1272 2767 1451 2839 Δημοσθένους.
1467 2769 1530 2824 LM.
1567 2769 1674 2823 Εύτελεῖ
1688 2789 1737 2824 τινι
1749 2771 1833 2846 οίκείιμ

225 2849 278 2910 τοῖς
290 2848 433 2911 Διονυσίοις.
469 2849 531 2912 Τοθς
543 2849 592 2921 γάρ
606 2849 791 2921 άμαμτάνοντας
800 2847 856 2919 περί
865 2843 910 2912 τὴν
919 2844 1007 2918 έορτήν
1051 2845 1135 2900 αἰτοῦ.
1145 2847 1232 2901 ΠΜ.

225 2927 250 2981 ἰν
263 2934 299 3001 τῷ
309 2928 382 3001 δήμῳ
392 2929 523 3002 ὠνόμαζον
537 2930 579 2983 καί
592 2936 855 3001 καταχειροτονοθντος
864 2932 909 2983 τοῦ
926 2928 1007 3000 δήμου
1086 2926 1122 2979 Τδ
1135 2924 1184 2996 γάρ
1198 2923 1297 2996 ψευδές]
1316 2925 1409 2979 ὡσανεί
1422 2923 1523 2997 ίλεγιν,
1542 2926 1590 2998 ούχ
1606 2927 1707 2983 ἅπτεται
1723 2935 1767 2998 τῆς
1780 2933 1833 2983 δια·

225 3007 302 3070 ούτως
316 3006 349 3071 εἰς
362 3008 432 3076 δίκην
443 3008 599 3080 περιέστασαν
616 3007 723 3079 (δρᾶν).
740 3009 805 3063 LM.
828 3005 892 3061 Ἀντί
905 3011 950 3061 τού
963 3026 1006 3060 κα-
1054 3007 1121 3068 νοίας
1132 3009 1176 3057 τοῦ
1190 3008 1292 3058 συνετοῦ
1303 3003 1344 3056 διὰ
1359 3003 1388 3058 τδ
1402 3008 1563 3077 καταφρονεῖν
1576 3006 1664 3071 αύτοΰ,
1675 3007 1742 3061 ἀλλά
1760 3012 1833 3082 μέχρι

225 3088 348 3158 τηγορίας.
386 3087 562 3159 Παρατήρησαι
576 3087 604 3141 δέ
622 3088 661 3141 ότι
683 3091 884 3157 καταχρηστικῶς
905 3086 1005 3159 λίγεται
1052 3087 1097 3138 τού
1115 3082 1264 3149 ἀκουσθῆναι
1276 3083 1380 3155 γίνεται,
1391 3085 1476 3140 FLM.

225 3164 335 3237 προθολὴ
355 3172 442 3230 κοινῶς
459 3166 476 3234 ίγ
493 3167 642 3238 κατηγορία,
662 3166 718 3237 περὶ
734 3166 812 3232 πάσης
832 3166 900 3233 δίκης
916 3166 958 3219 καί
977 3165 1006 3219 ού
1090 3162 1152 3217 ιύο.
1163 3162 1219 3216 Τῶν
1232 3160 1299 3235 ίμῶν
1314 3163 1457 3230 κηδεστῶν]
1468 3160 1522 3215 ἀντί
1534 3165 1577 3215 τοῦ
1590 3168 1640 3217 τῶν
1655 3163 1768 3236 ἀδελφῶν
1788 3171 1832 3234 τῆς

226 3245 302 3315 μόνον
314 3245 369 3315 περί
382 3249 430 3298 τῶν
443 3244 597 3299 ἀσεόσύντων
607 3245 649 3299 καί
660 3244 851 3318 άμαρτανόντων
862 3244 895 3307 εἰς
908 3243 1008 3298 τάΔιο·
1051 3240 1165 3313 γυναικός
1180 3259 1237 3311 μου·
1257 3239 1342 3297 FLM·
1377 3240 1507 3312 Πόρρωθεν
1521 3240 1548 3294 δί
1568 3239 1625 3295 ἀντὶ
1638 3247 1682 3296 τοῦ
1700 3242 1725 3307 ίξ
1737 3244 1831 3317 ἀρχῆς,

225 3322 403 3378 νότιαΤιΜ.
1050 3320 1145 3376 ούνύν.
1162 3322 1193 3377 F.
1230 3319 1509 3392 Τδδὲπόρρωθενάντί
1523 3324 1566 3374 τοῖν
1580 3319 1671 3393 ἀφείης.
1689 3326 1722 3379 L.

263 3407 323 3462 τόθ’.
338 3403 399 3467 Ταῖς
407 3402 494 3468 αἰτίαις
507 3403 621 3477 ταύταις]
635 3404 691 3459 άντί
702 3408 745 3458 τοῦ
761 3403 802 3456 διὰ
815 3404 902 3465 ταύτας
911 3403 954 3466 τθις
962 3425 1007 3458 κα-
1089 3402 1149 3455 151.
1164 3399 1445 3472 Ἐπικράτους]Ἔοικεν
1455 3397 1526 3464 ούτος
1535 3400 1620 3456 εἶναιθ
1628 3403 1767 3475 Κυρηθίων,
1777 3406 1834 3477 περί

226 3486 342 3558 τηγορίας
357 3485 399 3539 καί
412 3486 523 3539 τοιούτόν
546 3486 766 3557 μεδεῖγενέσθαι.
809 3483 884 3547 ’0ςεί
901 3485 1005 3558 ἔλεγεν,
1050 3474 1081 3534 ού
1093 3480 1251 3553 Δημοσθένης
1265 3480 1312 3553 (p.
1332 3482 1395 3547 433,
1410 3484 1463 3551 αα)
1478 3480 1561 3537 εἶπεν·
1589 3482 1682 3546 ιόςίν
1697 3488 1752 3548 ταῖς
1767 3505 1832 3557 πομ·

224 3565 267 3617 ’ίνα
285 3583 332 3635 μου
346 3563 502 3634 Δημοσθένης
519 3563 657 3635 κατήγορος
672 3561 797 3636 ἀναφανῇ,
817 3562 860 3616 καί
876 3561 921 3630 τήν
936 3566 1007 3636 φύσιν
1050 3563 1108 3623 παῖς
1123 3561 1180 3613 ἀνευ
1196 3561 1349 3631 προσωπείου
1362 3563 1482 3633 κωμάζει.
1497 3585 1509 3613 ι
1525 3564 1587 3618 LM.
1603 3563 1697 3618 Τούτου
1708 3565 1831 3636 Δημοςθρ.

227 3641 379 3714 μιτήλλαξα.
394 3642 458 3697 LM.
1052 3660 1094 3708 νης
1114 3638 1235 3709 λοιδορῶν
1257 3638 1389 3709 Κορύθωυα
1412 3638 1485 3711 (εἰσ)
1509 3638 1655 3713 ἐπονομάζει
1673 3640 1700 3696 ἔν
1722 3649 1758 3715 τῷ
1777 3647 1831 3699 κατ’

262 3721 309 3773 Καί
321 3719 529 3791 πολλοῖς-ίνοχον
540 3722 550 3792 ]
563 3720 654 3775 όισανεί
669 3720 772 3793 ίλεγεν,
789 3721 833 3776 ούκ
848 3723 878 3776 ἀν
896 3743 932 3785 τις
947 3742 1007 3794 προ-
1051 3717 1182 3788 Δίσχίνου.
1200 3717 1230 3771 Β.

226 3802 299 3868 δύτης
315 3799 369 3868 εἴη,
386 3797 420 3871 μή
441 3799 483 3853 καί
505 3801 563 3854 τάδε
578 3800 668 3872 πράξας
684 3803 811 3874 πρότερον.
849 3801 910 3857 Οίον
926 3802 1006 3866 δεῖξον
1088 3798 1257 3871 Εύογωγίαν]
1272 3797 1349 3852 οἱονεί
1362 3797 1439 3851 καλδν
1452 3800 1506 3869 βίον
1514 3837 1524 3867 ,
1541 3799 1590 3856 άτδ
1601 3806 1645 3856 τού
1660 3798 1688 3856 εύ
1698 3803 1739 3856 καλ
1752 3805 1833 3869 καλῶς

226 3880 270 3934 τδν
291 3880 409 3950 πρότερον
427 3879 481 3950 βίον
501 3878 544 3932 καί
558 3880 629 3933 κάλει
648 3883 786 3953 προδότην,
800 3885 830 3936 θν
847 3885 917 3957 εύρης
933 3902 1008 3956 παρα·
1051 3879 1160 3951 ἀχθῆναι
1170 3878 1212 3932 καί
1222 3879 1392 3945 παιδευθῆναι.
1403 3881 1487 3935 FLM.

228 3956 340 4023 πλήσιον.
354 3958 416 4013 LM.
1090 3960 1149 4012 152.
1160 3957 1222 4019 Τούς
1232 3956 1584 4027 πάντων-φιλτάτους]τοίις
1594 3960 1693 4023 παῖδας.
1711 3963 1796 4018 BLM.

263 4035 479 4107 Τοῖς-πολλοῖς]
493 4035 549 4091 ἀντί
562 4041 607 4091 τού
621 4040 672 4101 τοῖς
687 4037 721 4111 μή
736 4041 843 4111 γνησίως
856 4041 952 4112 γήμασι
965 4041 1008 4095 καί
1088 4037 1149 4092 153.
1165 4033 1298 4107 Ἧγεῖται]
1311 4033 1368 4089 ἀντί
1387 4039 1431 4088 τοῦ
1448 4038 1610 4106 προηγεῖται,
1629 4040 1643 4091 ό
1658 4036 1710 4093 ἐστι
1722 4040 1770 4112 πρδ
1789 4047 1837 4094 τού

229 4118 309 4179 νόθοις
321 4117 363 4171 καλ
372 4116 453 4188 ὠμοῖς
463 4114 510 4182 τήν
525 4117 605 4188 φύσιν.
646 4117 776 4173 ’ἀσύνοπτα
796 4118 823 4173 δέ
842 4119 897 4174 ἀντί
914 4125 957 4173 τοῦ
972 4119 1006 4191 μὴ
1051 4115 1128 4172 είπεῖν
1146 4114 1315 4186 εύθίιςύμνυσι
1328 4112 1391 4168 κατὰ
1406 4120 1455 4169 τῶν
1471 4114 1639 4187 ἀναισχύντων
1653 4117 1728 4173 αύτού
1742 4119 1834 4190 ύφθαλ·

229 4194 254 4267 ἰν
274 4197 384 4268 φροντίδι
397 4196 439 4250 καί
460 4194 558 4268 ίννοίμ,
569 4197 635 4270 παρὰ
648 4198 677 4252 τό
699 4197 733 4271 μή
753 4199 902 4255 έποπτεύειν.
920 4202 1004 4257 FLM.
1052 4202 1115 4268 μῶν.
1133 4195 1218 4251 FLM.

267 4276 447 4349 Ἀνσόιόῶμαι]
471 4275 526 4332 οίον
553 4279 587 4342 ὡς
611 4281 701 4344 παῖδας
727 4282 927 4354 παραστήσομαι,
952 4281 1008 4344 τοδς
1087 4275 1135 4328 Ἓν
1156 4273 1183 4327 δὲ
1196 4273 1363 4345 εύτυχοῦμεν]
1379 4271 1413 4326 Εἰ
1429 4292 1458 4345 γε
1471 4274 1531 4346 πρὸς
1546 4274 1656 4341 τούτοις,
1677 4278 1753 4346 φησί,
1775 4284 1832 4333 νοῖιυ

229 4357 318 4427 νόμους
329 4359 454 4420 συνδίκους
469 4356 567 4431 ἐμαυτῷ
585 4356 733 4422 ἀναόιόάοας
745 4357 785 4414 ίπλ
802 4360 830 4414 τδ
845 4361 921 4431 βῆμα.
935 4361 1001 4415 LM.
1051 4353 1123 4427 εἶχε,
1137 4354 1205 4408 δεινά
1217 4356 1247 4406 ἀν
1258 4353 1409 4425 ἐπάσχομεν.
1424 4355 1486 4411 LM.

265 4437 325 4503 147.
339 4433 391 4487 Τδν
406 4434 533 4507 πόλεμον]
550 4436 594 4488 ἵνα
609 4435 672 4509 λέγῃ
684 4436 727 4491 τόν
745 4437 855 4509 πόλεμον
868 4438 912 4491 τόν
928 4437 1007 4489 Πελο-
1091 4433 1233 4505 Ἐξερρίφη]
1249 4432 1378 4500 έξεθλήθη.
1393 4435 1479 4489 BLM.

229 4511 391 4579 ποννησιακδν
413 4512 454 4564 καί
473 4513 516 4567 τὀν
534 4511 691 4580 Ἑλληνικόν.
728 4514 800 4569 θέλει
819 4515 846 4568 δέ
870 4516 946 4570 εἰπεῖν
969 4517 1008 4569 ότι
1086 4513 1229 4584 Τοιούτων]
1243 4510 1297 4565 οίου
1311 4518 1359 4565 τῶν
1369 4511 1489 4584 αἰσχριῖιν.
1502 4514 1611 4570 BFLM.

229 4591 287 4663 ύπίρ
309 4589 402 4654 εθνοίας
423 4595 467 4658 τῆς
483 4593 579 4656 τύλειυς
596 4600 750 4665 τριηραρχῶν
766 4596 809 4648 καί
823 4600 923 4650 τοιαῦτα
941 4594 1008 4648 άλλα
1090 4595 1149 4657 154.
1168 4592 1312 4663 Πόρρωθεν]
1326 4590 1381 4644 ἀντί
1392 4597 1436 4645 τοῦ
1450 4592 1497 4663 πρό
1507 4591 1603 4646 πολλοῦ
1616 4597 1717 4666 χρόνου.
1730 4597 1761 4652 F.

230 4677 305 4727 ποιῶν
316 4670 430 4726 ἀνάλωσε
443 4669 488 4737 τήν
502 4672 596 4726 σθσίαν.
611 4674 697 4729 FLM.
1087 4671 1230 4742 Συσταθελς]
1245 4670 1323 4724 οίονελ
1339 4671 1409 4740 φίλος
1428 4672 1570 4743 γενόμενος.
1586 4672 1661 4728 Ὅθεν
1681 4674 1718 4729 έτι
1733 4677 1774 4729 καί
1791 4682 1834 4730 νῦν

264 4752 453 4823 Στρατεύεσθαι]
476 4751 531 4805 ἀντί
550 4756 594 4806 τοῦ
618 4755 741 4824 μισθῶσαι
758 4752 844 4806 έαυτδν
867 4752 945 4808 ίαεῖσί
960 4773 1009 4808 τισι
1053 4750 1159 4821 λίγομεν
1172 4749 1198 4803 έν
1212 4752 1244 4821 τῇ
1259 4750 1385 4820 συνηθείᾳ,
1405 4751 1539 4817 συνέστησα
1551 4753 1622 4807 τόνδε
1635 4756 1714 4826 τῷδε,
1725 4755 1780 4810 ἀντὶ
1791 4763 1835 4810 τοῦ

230 4837 279 4885 τῶν
293 4836 420 4903 σατραπῶν
437 4830 477 4883 διδ
488 4832 573 4886 πενίαν
587 4832 628 4884 καί
639 4830 684 4898 τὴν
696 4831 774 4904 φυγὴν
789 4831 833 4898 τήν
846 4832 893 4887 άπδ
909 4839 957 4887 τῶν
971 4834 1006 4886 λ’.
1051 4833 1176 4902 γνώριμον
1184 4828 1296 4896 ἐποίησα.
1307 4830 1391 4886 FLM.

231 4912 316 4968 ΠΜ.
1090 4910 1149 4963 ι55.
1167 4908 1281 4979 Ἄρατε]
1294 4906 1350 4962 ἀντὶ
1362 4913 1406 4961 τοῦ
1419 4910 1491 4963 πάνυ.
1506 4912 1528 4967 F

270 4989 489 5063 ’Κτεοόουτάδαις]
510 4989 700 5046 Ἐτεοθουτάδαι
713 4992 737 5045 οί
760 4992 851 5045 Βούτου
868 4996 912 5045 τοῦ
930 4992 1011 5063 ἱερέως
1092 4989 1151 5041 156.
1171 4988 1364 5061 Διομνυμένων]
1379 4988 1436 5042 ἀντὶ
1448 4994 1492 5042 τοῦ
1505 4990 1658 5062 ύμνυόντωυ.
1674 4992 1766 5064 Κυρίως
1778 4997 1835 5048 διω-

234 5069 366 5141 ἀπόγονοι,
380 5071 451 5141 γένος
468 5068 582 5143 λαμπρδν
596 5071 651 5140 παρ’
669 5068 809 5138 Ἀθηναίοις.
845 5069 879 5123 Τδ
898 5069 925 5123 δέ
942 5069 1010 5125 έτεόν
1055 5068 1130 5139 μοσία
1140 5068 1238 5138 λέγεται
1251 5066 1267 5134 ἥ
1280 5069 1402 5139 παράτῶν
1411 5069 1454 5138 δύο
1465 5071 1642 5143 δικαζομένων.
1653 5074 1740 5130 FLM.

233 5152 262 5206 τδ
274 5149 362 5205 ἀληθές
373 5150 457 5218 δηλοῖ.
469 5149 497 5206 Β.
1090 5144 1146 5198 Ὅτι
1165 5146 1257 5217 ξένους]
1271 5146 1306 5199 Ού
1324 5154 1396 5201 τοῦτο
1408 5146 1462 5202 εἶπε
1475 5150 1630 5221 Δημοσθένης
1645 5148 1671 5203 ίν
1683 5154 1714 5222 τῇ
1727 5170 1836 5222 κατηγο·

268 5228 317 5295 Τῆς
330 5223 520 5297 Πολιάδος]τῆς
533 5226 683 5297 πολιούχου,
698 5228 806 5281 τουτέστι
817 5230 859 5293 τῆς
879 5223 922 5291 τήν
937 5226 1009 5282 πόλιν
1055 5226 1112 5299 γίᾳ,
1125 5225 1181 5277 ἀλλ’
1192 5228 1229 5279 ὅτι
1239 5227 1281 5289 τὰς
1300 5226 1493 5298 Ἀπολλοφάνους
1510 5234 1553 5282 τοῦ
1567 5230 1686 5283 Πυδναίου
1705 5232 1837 5303 θυγατέρας
