3967 5967
646 468 725 530 κικ.
747 468 838 530 nam
859 468 936 529 νινε
957 447 1289 531 mmmmm.
1709 479 1767 530 ιιι

207 601 268 667 351,
282 605 323 654 16.
337 598 581 675 Συνδιαλλάττωσιν]
595 601 753 673 ηιλιιύσωσιν.
765 605 794 658 Ρ.
1026 600 1090 666 354,
1113 618 1155 671 17.
1175 601 1260 655 Καίτοι
1272 604 1348 654 ταῦτα
1362 600 1383 653 εἰ
1397 600 1440 671 μὲν
1455 600 1575 673 ἀκούσαι]
1589 603 1659 664 Λύσις
1673 601 1772 675 ἰσχυρο-

207 680 268 745 352,
286 698 327 750 ¹7·
341 679 402 741 Τοθς
417 677 492 742 Ἀλεῖς
507 681 564 751 πρδς
580 681 635 744 τοθς
647 682 815 752 Φαρσαλίους]
833 679 943 742 πολίτας.
988 680 1049 746 τάτη
1069 677 1225 744 ἀντιθέσεως,
1240 678 1305 746 οίον,
1327 679 1385 732 ἀλλ’
1400 680 1544 743 ἀκούσαντες
1557 681 1580 733 οί
1597 681 1704 747 θηύαῖοι
1718 682 1773 753 έφυ-

168 759 196 813 B.
211 759 278 826 Ἤδη
296 758 408 830 ίγνωμεν
423 758 449 813 ἰν
462 762 515 822 τοῖς
533 760 692 824 Φιλιππικοῖς
711 763 750 815 ότι
763 761 789 814 αί
800 761 844 814 δύο
861 760 944 822 πόλεις
987 755 1092 818 λάξαντο
1112 758 1154 811 καί
1171 759 1203 810 δι’
1217 757 1276 812 αύτδ
1299 758 1327 810 ού
1351 760 1526 830 διεφθάρησαν·
1549 758 1606 813 εἰτα
1623 760 1677 813 λύει
1698 760 1774 829 αύιήν

166 835 238 892 αύται
246 842 288 905 τῆς
300 838 433 901 θετταλίας
445 838 587 902 ἰστασίαζον
599 839 658 912 πρός
676 839 775 906 ίαυτδς,
791 839 943 911 ἧμίνΦάρ-
986 834 1135 908 διλημμάτιρ
1155 838 1277 907 σχήματι.
1321 837 1432 908 Ἔμελλε
1454 838 1516 891 κατά
1537 839 1566 892 τδ
1585 840 1673 908 ἀληθὲς
1695 847 1772 897 ταῦτα

165 917 239 980 σαλος
251 918 311 989 φίλη
334 912 397 971 ούσα
420 923 462 972 τοῦ
479 919 620 984 Φιλίππου,
644 919 699 973 όδί
720 919 791 982 Ἀλος
812 924 861 974 τῶν
879 917 944 987 Αθη-
986 914 1247 981 ποιεῖνδΦίλῑππος.
1263 917 1279 984 ἦ
1293 915 1331 969 οὗ·
1371 916 1399 968 Εἰ
1414 917 1456 988 μὲν
1470 918 1574 989 γὰρυύκ
1591 920 1682 991 ἔμελλε
1697 927 1771 993 ποιῆξ

163 998 249 1052 ναίων.
263 999 441 1052 ACDGRTV.
986 1012 1040 1060 σαι,
1062 992 1129 1046 ἀλλὰ
1142 994 1172 1047 σθ
1190 993 1296 1061 ἡπάτας,
1312 994 1411 1058 εἰκότως
1432 997 1555 1069 έφλυάρεις
1575 1004 1651 1052 ταῦτα
1673 1000 1772 1056 ἀπατῶν

199 1075 259 1141 353,
273 1077 300 1130 3.
312 1077 374 1146 Αίγε
383 1075 465 1140 αύτοῖς
477 1075 522 1142 τὴν
536 1074 683 1148 έπιστολὴν]
693 1077 728 1129 Tb
742 1077 942 1148 θαυμαστότατον
986 1071 1066 1143 ἡμεῖς,
1082 1073 1151 1135 εἰδὼς
1162 1075 1201 1127 ότι
1214 1075 1243 1127 ού
1256 1075 1401 1146 γενήσεται·
1418 1075 1440 1130 εἰ
1453 1076 1480 1131 δέ
1498 1077 1539 1130 διά
1552 1078 1581 1131 τδ
1599 1080 1771 1150 προαισθέσθαι

161 1157 236 1208 τοῦτό
247 1155 311 1209 ἐστιν
334 1156 372 1209 θτι
385 1151 446 1228 ᾗπερ
461 1156 491 1209 ἀν
511 1154 626 1226 Αἰσχίνης
642 1153 766 1227 ίχρήσατο
779 1156 838 1226 πρὸς
849 1155 942 1210 άπολο·
986 1153 1136 1218 κεκώλυται,
1151 1153 1191 1205 διά
1205 1152 1273 1225 τίμὴ
1289 1153 1406 1221 έσιιύπαςς
1420 1156 1441 1210 εἰ
1453 1155 1496 1227 μέν
1510 1157 1558 1228 γὰρ
1574 1156 1703 1228 ἐγίνωσκες
1715 1160 1769 1226 ότι,

161 1233 219 1304 γίαν
229 1232 362 1307 ἰπιστολῇ,
375 1233 466 1301 ταύτην
482 1233 556 1288 ίλαθε
577 1233 635 1305 πρός
652 1234 802 1304 κατηγορίαν
816 1233 941 1305 Δημοσθέ-
986 1230 1028 1285 ἰάν
1041 1232 1082 1284 καί
1095 1231 1230 1285 ἀκούσωσιν
1244 1233 1268 1286 σί
1280 1233 1399 1300 Θηόαῖοι,
1415 1235 1444 1288 ού
1457 1236 1602 1302 δυνήσονται
1612 1237 1769 1307 φυλάξεσθαι,

161 1331 212 1378 νης·
224 1312 324 1381 σύνηθες
339 1312 388 1386 γάρ
398 1312 464 1385 αύτῷ
474 1311 505 1365 τά
520 1311 607 1383 ἰσχυρά
618 1318 667 1367 τῶν
678 1312 806 1367 ἀντιδίκων
818 1312 941 1386 διάιίσχὶεν
985 1309 1018 1371 ὥς
1026 1311 1096 1373 όντες
1114 1310 1236 1376 ἀσθενεῖς,
1249 1312 1273 1364 τί
1284 1307 1328 1364 ούν
1341 1311 1374 1384 μή
1387 1314 1564 1384 διεφθάρησαν;
1578 1314 1600 1368 εί
1608 1314 1634 1368 δέ
1643 1313 1773 1385 ἐγίνωσκες

161 1394 299 1460 δεινότητος
310 1393 384 1447 αύτοῖι
395 1394 525 1448 ποιεῖσθαι.
537 1393 618 1447 TCV.
985 1389 1024 1442 ότι
1040 1388 1134 1461 ἰσχυροί
1148 1389 1209 1456 εἰσι,
1231 1391 1272 1443 καί
1293 1390 1334 1445 ἐάν
1355 1393 1524 1463 προακούσωσι
1544 1393 1727 1465 φυλάττωνται,
1748 1394 1773 1449 τί

197 1471 259 1537 353,
274 1491 301 1542 9.
321 1472 381 1543 Περί
402 1471 429 1526 δί
448 1473 578 1543 Φωκίων]
592 1469 662 1526 Mn&
677 1469 722 1538 τήν
740 1470 878 1542 ἀνάγνωσιν
898 1474 941 1538 τῆς
985 1466 1124 1540 ίφλυάρειςς
1141 1471 1318 1524 ACDGRTV.

161 1547 304 1616 ἰπιστολῖγς,
318 1552 400 1621 ὥσπερ
412 1550 623 1622 ἰπιύεόαιούμενσς
633 1547 678 1616 τήν
690 1548 714 1611 ίξ
725 1549 799 1616 εύτῖης
811 1549 939 1620 ὠφέλειαν,
1019 1543 1115 1620 θύτος]
1129 1547 1277 1619 όΑίσχίνης
1292 1553 1323 1604 Ρ.

160 1629 233 1684 πάλιν
243 1628 327 1701 ἀπάγει
340 1653 352 1676 ι
363 1629 452 1701 περίδί
461 1629 586 1693 Φωκίων,
597 1629 780 1697 ήθηύαίων,ή
795 1635 844 1682 τῶν
855 1628 940 1683 ἀλλων
1021 1628 1088 1692 354,
1102 1632 1147 1697 αφ.
1165 1625 1324 1699 Ἐσπαθᾶτο]
1339 1626 1394 1681 ἀντὶ
1405 1632 1448 1682 τοῖ
1458 1629 1595 1683 συνετίθετο
1608 1635 1772 1701 μεταφορικῶς

162 1704 225 1762 «ὧν
240 1705 310 1771 οὗτος
323 1706 460 1779 ἀπήγγειλε
477 1708 536 1780 πρός
550 1708 627 1779 ύμοῖς,
648 1707 704 1761 ούδί
719 1711 775 1778 γρῦ.
797 1729 808 1758 ε
848 1703 939 1774 Οθτος,
985 1704 1033 1760 ἀπδ
1044 1711 1087 1773 τῆς
1102 1712 1150 1760 τῶν
1163 1705 1275 1777 ύφαντῶν
1294 1709 1396 1774 σπάθης.
1415 1710 1493 1761 ΒίίΥ.
1536 1707 1680 1778 Ὗφαίνετο,
1699 1727 1771 1761 κατε-

158 1787 262 1859 ούκόρα
273 1787 412 1852 Φθιππος,
426 1786 571 1854 ἰξηπάτηκε.
607 1788 686 1841 Τοῦτο
701 1787 750 1857 γάρ
763 1786 827 1840 ίστιν
842 1788 939 1857 θπροο-
984 1788 1127 1851 σκευάζετο,
1142 1786 1157 1852 ἢ
1171 1786 1370 1857 ἐπεδαψιλεύετο,
1386 1786 1434 1841 ἀπδ
1448 1792 1492 1841 τού
1507 1789 1601 1842 σπαθᾶν
1614 1789 1656 1841 καί
1674 1787 1771 1854 πολλὴν

158 1870 241 1939 ρᾶται.
276 1866 395 1929 Αύσαςδί
408 1865 477 1939 ἰντῷ
494 1865 582 1937 μεταξύ
594 1866 625 1919 τά
645 1866 784 1930 λυποῦντα,
799 1866 840 1918 καί
851 1867 940 1933 συστή-
983 1868 1074 1935 κρόκην
1089 1864 1221 1937 ίμόάλλειν
1235 1869 1267 1937 τῇ
1281 1864 1381 1932 ἐσθῆτι,
1396 1867 1429 1929 εὀς
1444 1867 1535 1939 ἔχομεν
1548 1866 1771 1939 τήνχρῆσινπαρά

159 1964 203 2008 σας
214 1943 259 2011 τήν
274 1943 405 2012 ἰπεστολήν
425 1945 542 2017 Αἰσχίνου
557 1944 654 2016 μα’λλσν
674 1946 691 2012 ἢ
710 1944 836 1998 Φιλίππου
857 1943 938 2009 εἶναι,
984 1949 1021 2013 τῷ
1038 1942 1200 2015 Ἀριστοφάνει
1212 1941 1238 1996 ἰν
1257 1949 1310 2005 ταῖς
1321 1943 1441 2015 Νεφέλαις
1454 1946 1521 2017 (55)
1540 1968 1550 1995 ε
1573 1943 1595 2000 ὦ
1609 1946 1697 2018 γύναι,
1710 1946 1767 2000 λίαν

158 2023 233 2079 πολιν
244 2023 285 2079 ίπί
295 2025 351 2087 τούς
360 2024 480 2096 Αἰσχίνου
492 2025 582 2096 λόγους
599 2024 733 2092 ίπανῆκεν,
749 2022 792 2077 ούκ
805 2022 939 2095 ἀναχωρῶν
984 2023 1085 2093 σπαθᾷς.
1101 2045 1112 2072 ε
1130 2023 1309 2077 ACDGRTV.

158 2109 208 2157 τῶν
224 2102 407 2175 ἰσχυροτάτων,
424 2105 539 2176 θεώρημα
550 2103 709 2174 παραδιδούς,
721 2100 877 2174 ἰνδιατρίύειν
888 2105 940 2167 τοῖς
1020 2102 1085 2167 355,
1101 2103 1127 2157 3.
1141 2102 1188 2154 Kal
1199 2102 1273 2173 ὅθεν]
1289 2102 1410 2174 έήεύδετο.
1426 2105 1457 2157 Ρ.

160 2180 313 2253 ἀναγκαίοις.
326 2183 408 2239 TCV.
1019 2180 1086 2245 355,
1110 2186 1137 2236 6.
1156 2179 1220 2236 Ὕπδ
1239 2182 1350 2253 τούτων]
1370 2181 1418 2236 ύπίν
1437 2180 1563 2236 Φιλίππου
1584 2182 1626 2235 καί
1642 2181 1770 2253 Αἰσχίνου.

194 2261 256 2324 353,
277 2276 321 2317 11.
349 2260 412 2314 Ούδί
430 2263 494 2332 γρῦ]
517 2261 604 2332 γρόφει
623 2260 749 2330 δηλονότι.
764 2263 795 2317 Ρ.
813 2259 877 2316 Ἀντί
895 2266 939 2317 τοῦ
983 2259 1065 2313 TCV.
1608 2276 1611 2284 ·

156 2337 211 2392 ούδί
224 2338 299 2403 όλως.
336 2336 439 2410 Εἰρηται
452 2337 478 2393 δί
491 2338 520 2393 τό
534 2338 621 2410 γρίίτδ
639 2338 786 2411 μικρδνάπδ
804 2343 940 2412 μεταφορᾶς
1018 2338 1119 2408 355,]
1144 2338 1258 2409 Σιωπεῖν]
1271 2338 1350 2391 Τοῦτο
1360 2335 1408 2409 γάρ
1421 2336 1519 2390 έδειτδν
1528 2335 1653 2391 Φίλιππον
1665 2340 1769 2403 σιωπᾶν,

156 2416 284 2491 τσῦρύπου
300 2421 346 2472 τού
356 2419 486 2490 γινομένω
498 2416 524 2472 ἰν
537 2420 590 2481 τοῖς
604 2417 701 2484 όνυξιν,
720 2422 764 2473 τοθ
773 2419 837 2474 αύτω
848 2419 939 2475 καλου·
982 2417 1078 2490 καὶμὴ
1100 2420 1292 2490 προσθεῖναιτῇ
1318 2417 1418 2490 εἰρήνη,
1441 2416 1485 2482 τό,
1511 2414 1576 2482 πλήν
1594 2417 1703 2470 Φωκίων
1725 2419 1767 2471 καί

156 2497 239 2568 μένου.
255 2497 356 2552 ΑίίΤΡ.
987 2496 1086 2562 Ἆλίων,
1097 2495 1164 2569 εἰπερ
1177 2496 1281 2569 ἔμελλεν
1293 2494 1378 2558 αύτούς
1390 2502 1467 2549 σῶσαι
1479 2494 1520 2548 καί
1530 2492 1564 2566 μὴ
1577 2501 1612 2567 τῷ
1623 2493 1769 2559 ἐκσπόνδους

191 2575 253 2639 353,
268 2575 310 2629 13.
323 2573 416 2643 Ἀλεῖς]
427 2572 498 2636 Ἀλος
505 2574 576 2637 πόλις
584 2575 626 2627 καί
637 2572 715 2636 Ἀλιῖς
724 2573 748 2628 υί
758 2574 869 2629 πολῖται.
882 2579 935 2632 BF.
984 2575 1081 2648 ἀφεῖναι
1092 2577 1307 2649 καταστρέψασθαι.
1323 2576 1453 2629 CDGRT.

192 2656 254 2708 353.
283 2657 326 2707 16.
353 2650 384 2706 Ὁ
404 2654 521 2724 σκυτῶν]
538 2651 661 2715 Φίλιππος
684 2652 811 2721 δηλονότι.
825 2653 938 2708 Ἐκείνου
1019 2656 1081 2720 355,
1094 2657 1137 2710 15.
1147 2657 1261 2726 Τραχίως
1272 2655 1294 2707 δ’
1303 2653 1387 2725 ύμῶν]
1402 2651 1499 2706 ’θὶδόκει
1509 2653 1767 2725 γάρπωςβασκαίνειε

155 2734 293 2806 γράψαντος
309 2731 369 2802 πρός
382 2727 519 2798 Ἀθηναίους
529 2731 568 2784 ότι
577 2737 661 2786 σκοπῶ
671 2733 695 2786 τί
706 2738 783 2787 ποιῶν
796 2732 857 2804 ημῖν
871 2734 940 2806 χειρί·
984 2733 1097 2806 εύπραξίᾳ
1117 2738 1159 2801 τῆς
1176 2734 1284 2797 πόλεως,
1305 2734 1338 2786 δι’
1350 2729 1386 2787 ὧν
1405 2732 1462 2786 ούδί
1481 2733 1619 2802 προσδοκᾶν
1641 2732 1767 2802 άνίχεται.

156 2833 235 2885 σαιμι,
251 2814 285 2866 P.
982 2814 1058 2869 TCP.
1099 2811 1201 2879 Ἐπειδὴ
1221 2815 1302 2884 ὥσπερ
1321 2811 1399 2866 ἐδόκει
1418 2810 1566 2880 ἀπεύχεσθαι
1583 2809 1614 2863 τὰ
1638 2810 1718 2882 ἀγαθά
1736 2817 1770 2886 τῇ

191 2889 330 2958 Αύσασθαι]
346 2886 387 2940 διά
397 2886 492 2957 λύτρων
506 2885 647 2942 ἀποδοῦναι.
661 2890 691 2944 Ρ.
982 2891 1053 2945 πόλει
1063 2898 1099 2966 τῷ
1111 2891 1144 2964 μὴ
1157 2894 1288 2965 προδοκᾶν.
1304 2891 1484 2946 ACDGRTV.

195 2968 351 3041 Ἐγγρᾶθῦῑ]
364 2965 398 3039 μθ
412 2967 486 3020 λῦσαί
499 2967 556 3029 ³0³⁸<
568 2965 653 3030 Ἁλεῖς.
666 2971 698 3023 Ρ.
1018 2971 1087 3037 355,
1109 2976 1151 3026 16.
1171 2970 1319 3042 Ἐχόντων]
1335 2969 1368 3033 εἰς
1381 2969 1437 3041 ἰμέ,
1451 2969 1491 3021 διὰ
1509 2967 1538 3021 τό
1549 2966 1626 3021 εἰπεῖν
1639 2966 1682 3038 έμί
1694 2988 1769 3039 προσ-

192 3050 255 3116 353,
269 3063 313 3102 αα.
328 3046 361 3100 Ὃ
370 3046 451 3101 τοίνυν
462 3046 595 3118 μέγιστον]
608 3043 727 3113 Απσκοπίη
736 3044 765 3099 τθ
777 3048 872 3116 σχῆμα,
884 3043 939 3098 άντί
981 3050 1067 3104 δοκεῖν.
1105 3049 1152 3102 Καί
1171 3051 1237 3113 ὅπως
1246 3069 1276 3122 γε
1296 3048 1356 3120 ἔφην
1377 3049 1419 3103 καί
1432 3052 1519 3119 τοῦτο,
1534 3048 1573 3100 ότι
1586 3044 1641 3099 ἀντί
1661 3049 1766 3115 τούτων,

155 3133 200 3185 τού
210 3127 328 3183 ἀκούσατέ
339 3146 396 3198 μου.
417 3126 494 3180 ΑΤΡ.
981 3128 1024 3182 καί
1036 3128 1067 3182 τά
1083 3128 1169 3182 λοιπά.
1182 3130 1213 3182 Ρ.

191 3208 260 3273 353,
284 3209 329 3270 α4.
347 3202 500 3276 Ἦνέγκαμεν
525 3201 616 3274 ἡμεῖς]
637 3201 699 3274 μίτᾶ
722 3200 877 3276 ’θντῑπᾶτρθν
897 3204 938 3258 καί
1016 3206 1058 3275 Μή
1079 3213 1121 3262 νῖν
1133 3207 1335 3280 ύπολαμόάνων]
1359 3206 1394 3261 Ού
1413 3211 1456 3259 νῦν
1474 3205 1579 3278 όφείλεις
1597 3205 1711 3272 ἰεστῆναι
1724 3211 1768 3259 τοῦ

148 3282 338 3357 ’Παρμενίωνος
356 3284 414 3336 ΑΒ.
981 3289 1064 3340 δοκεῖν
1087 3287 1289 3354 κεκοινωνηκέναι
1312 3285 1374 3357 ἡμῖν
1397 3289 1440 3354 τῆς
1461 3285 1603 3356 πρισόείας,
1628 3284 1695 3338 άλλίε
1712 3287 1769 3340 τότε

194 3363 256 3427 354.
272 3378 314 3415 11.
333 3358 564 3430 Ἐπαγγείλασθαιή
582 3356 637 3412 ἀντί
655 3360 699 3412 τοῖ
713 3356 820 3426 αἰτήσαι.
834 3359 935 3415 Am.
982 3365 1111 3437 ἀφίστασο,
1126 3367 1168 3420 καί
1182 3364 1215 3438 μὴ
1230 3366 1382 3439 προσποιήσῃ
1395 3367 1523 3420 κοινωνεῖν
1534 3363 1606 3435 ἡμῖν,
1621 3365 1680 3417 θταν
1693 3366 1771 3416 ταῦτα

191 3437 640 3509 354.ιί·11ροίισθαι]προδιδόια.
658 3440 689 3491 Ρ.
980 3447 1082 3517 γένηται
1101 3446 1143 3499 καί
1162 3445 1234 3517 ἡμεῖς
1257 3446 1386 3518 μέλλωμεν
1411 3446 1588 3516 στεφανοῦσθαι
1614 3442 1654 3495 διὰ
1680 3445 1766 3496 ταῦτα.

191 3522 254 3586 354,
277 3520 319 3575 15.
335 3518 366 3571 Εἰ
381 3516 414 3590 μὴ
424 3517 527 3571 Θεσπιαὶ
536 3517 577 3570 καί
589 3516 727 3589 Πλαταιαί]
741 3517 820 3571 Πάλιν
834 3516 937 3571 ένταύθα
981 3527 1160 3580 ACDGRTV,

154 3602 288 3672 προσέθηκε
309 3601 362 3662 τοῖς
387 3597 428 3652 ἀπ’
450 3597 528 3670 ἀρχῆς
547 3598 606 3669 όχρι
625 3598 709 3661 τελους
733 3598 871 3666 Θηδαίους,
893 3597 937 3653 οὔκ
1017 3603 1083 3669 355,
1098 3604 1143 3660 α5.
1166 3597 1243 3666 θύτας
1257 3603 1299 3674 μέν
1311 3602 1359 3675 γάρ
1372 3603 1453 3674 ύδωρ]
1473 3599 1572 3666 Ἐπειδὴ
1589 3600 1668 3672 ἡμέρᾳ
1688 3603 1767 3672 τροφῇ

154 3680 248 3751 ἀθρόως
256 3679 341 3750 ἰκχέας
356 3678 468 3742 ἅπαντα,
479 3676 541 3730 κατά
551 3677 577 3731 δί
591 3679 660 3749 μέρος
671 3677 710 3731 ἀεί
720 3678 937 3748 προστίθησιν,ίνα
980 3683 1023 3737 καὶ
1036 3689 1103 3754 ποτῷ
1114 3689 1223 3754 χρῶνται
1237 3682 1261 3736 οῖ
1273 3682 1410 3752 ἅνθρωποι,
1426 3680 1495 3733 ύδατι
1507 3678 1534 3733 δί
1551 3678 1583 3732 τά
1598 3680 1683 3751 θηρία,
1704 3680 1768 3731 σκεθ-

153 3758 196 3812 καί
217 3758 243 3812 αί
257 3758 338 3819 λύσεις
357 3755 488 3810 ἀκόλουθοι
509 3755 551 3808 καί
568 3756 592 3809 οί
616 3757 689 3827 λόγοι
709 3758 793 3827 σαφεῖς
807 3759 934 3828 γίνωνται.
980 3781 1048 3816 mv
1062 3760 1136 3815 «θεὸν
1147 3763 1180 3823 εἰς
1193 3762 1299 3830 θηριώδη
1315 3760 1368 3830 βίον
1382 3759 1397 3811 ό
1409 3758 1565 3829 Φιλοκράτης
1578 3762 1655 3811 ταῦτα
1667 3756 1765 3828 ἔλεγεν,

153 3836 233 3901 Εύθίις
253 3841 314 3909 γοῦν
336 3835 375 3891 έπί
390 3834 435 3901 τήν
457 3835 556 3907 μνήμην
578 3834 698 3903 Θηόαίων
718 3834 797 3889 έλθύιν
820 3835 894 3890 πάλιν
907 3835 937 3890 τδ
982 3841 1047 3912 Ἀγει
1061 3841 1088 3895 δέ
1102 3839 1187 3902 αύτούς
1207 3839 1239 3901 εἰς
1252 3839 1387 3910 ύπόμνησιν
1399 3842 1443 3891 τοῦ
1458 3840 1619 3909 σκώμματος,
1633 3836 1668 3888 ἵν’
1686 3836 1770 3890 έπιτα·

152 3925 243 3991 χρῶμα
261 3917 393 3985 ἰζήτησεν,
409 3918 491 3987 ὥσπερ
511 3916 553 3969 καί
571 3915 610 3970 έπί
624 3922 672 3971 τῶν
687 3916 819 3986 προτέρων·
831 3914 876 3986 ίφη
888 3915 937 3987 γάρ
981 3919 1052 3991 ράξας
1067 3926 1103 3992 τῷ
1115 3918 1208 3991 γελοίῳ
1229 3923 1277 3972 τῶν
1292 3918 1411 3970 δικαστῶν
1426 3915 1469 3979 τάς
1489 3917 1577 3987 κρίσεις
1595 3917 1720 3988 συμμάχῳ
1732 3921 1770 4008 τίρ

151 3997 233 4050 καίεο
246 3995 367 4064 Θηόαίους
381 3994 468 4048 αύτίκα
482 3992 511 4058 δὴ
524 3993 591 4065 μάλα
604 3995 692 4048 δύσειν
704 3995 784 4062 δίκην.
822 3995 937 4048 Ποῖτοί-
980 3999 1051 4051 πάθει
1064 3998 1123 4068 πρός
1141 3994 1186 4063 τὴν
1206 3996 1283 4050 πειθὼ
1296 3994 1489 4066 καταχρήσηται
1528 3991 1661 4066 θαυμαστὴ
1681 3993 1707 4047 δὲ
1726 4012 1769 4046 και

153 4095 196 4129 νυν
213 4075 316 4144 ἧδίκης
335 4072 442 4141 ἤκουσαν
459 4073 484 4126 σί
501 4072 624 4140 θηθαῖοι,
646 4074 719 4146 φησί,
741 4074 783 4126 καί
805 4074 845 4126 διὰ
864 4079 937 4128 τοῦτο
980 4080 1024 4144 τῆς
1036 4075 1337 4148 θόρεωςίγπροσπσίησις.
1378 4073 1484 4146 Ἐκγάρ
1498 4077 1596 4141 τῆςτοῦ
1613 4071 1767 4143 έχθρσῖκρί-

152 4153 308 4225 ἰμελάξαντο·
330 4154 371 4208 καί
384 4153 507 4216 Φίλιππος
519 4151 563 4205 σίικ
583 4152 655 4224 ίσχεν
671 4152 768 4207 ἀνελεῖν
790 4152 832 4215 τάς
844 4153 935 4221 θήόας.
982 4175 1042 4216 σεως
1060 4158 1104 4208 τοῖν
1116 4154 1169 4224 βίου
1182 4152 1227 4219 τὴν
1241 4151 1383 4224 ίγκράτιιαν
1398 4150 1528 4223 έσέμνυνε,
1542 4152 1583 4204 καί
1601 4152 1660 4222 πρός
1677 4148 1709 4204 τόι
1725 4155 1768 4216 τῆς

151 4233 185 4287 Εἰ
195 4234 277 4288 τοίνυν
287 4232 351 4304 παρά
363 4233 392 4287 τ“ο
409 4233 581 4305 προαισθέσθαι
591 4233 792 4297 κεκώλυται,’τίς
805 4231 820 4285 ό
834 4232 937 4300 ἰκλαλή
981 4235 1122 4306 μισθαρνίας
1136 4233 1281 4305 έγκλήματα
1296 4230 1499 4304 [ἀπσλογεῖται]·
1517 4231 1532 4284 ό
1550 4230 1599 4303 γάρ
1613 4230 1677 4301 ὕδωρ
1690 4229 1770 4283 πίνων

152 4331 212 4375 σαςς
227 4312 275 4383 ούχ
294 4308 381 4378 ούτσςς
396 4311 450 4383 ἔχει
470 4310 497 4365 δί
511 4312 541 4365 εἰ)
554 4317 644 4384 χρῶμα
663 4314 704 4366 καί
717 4311 762 4378 τήν
780 4313 850 4365 λύσιν
871 4312 937 4375 εθθύς
979 4318 1030 4375 πῶς
1043 4312 1144 4384 ἀπρεπές
1156 4313 1239 4382 κέρδος
1249 4310 1347 4375 ίπόθεις
1359 4311 1441 4363 ch.

152 4391 196 4441 τοῦ
210 4390 358 4460 χρώματος,
373 4387 413 4442 ἰπί
431 4390 525 4452 τούτοις
544 4389 685 4453 ἀκολούθως
698 4392 805 4459 ζητήσας
820 4390 849 4445 τθ
863 4410 937 4463 μετα·
1017 4393 1078 4456 355,
1093 4395 1137 4445 αθ,
1158 4389 1280 4461 Σκίήασθε
1297 4385 1328 4453 δή
1347 4387 1376 4441 τό
1389 4386 1518 4458 ψήφισμα]
1530 4385 1613 4438 Ταῦτα
1626 4383 1706 4437 αἰτίαν
1724 4383 1771 4436 καί.

152 4466 279 4536 ληπτικόν·
291 4463 393 4529 πῖεςούν
409 4467 544 4536 ἰαιιίιπησας
556 4468 716 4541 άπατωμίνης
728 4472 884 4539 τῆςπόλεως;
896 4471 938 4524 καί
981 4471 1062 4524 πίστιν
1076 4470 1184 4540 περιέχει
1199 4471 1243 4520 τοῦ
1256 4465 1296 4518 διά
1308 4466 1364 4528 τούς
1383 4465 1500 4535 Αἰσχίνου
1518 4463 1608 4536 λόγους
1621 4462 1719 4533 ἰσχῦσαι
1738 4462 1775 4516 τδ,

151 4547 211 4620 πρός
222 4551 294 4600 τοῦτο
303 4546 415 4600 ἀπαντῶν
429 4546 608 4619 ύπαμιμνήσκει
618 4553 660 4614 τῆς
675 4549 762 4602 ἑαυτοῦ
773 4552 880 4623 παρόδου
895 4550 936 4602 καί
980 4549 1147 4619 Φιλοκράτους
1157 4547 1282 4618 ψήφισμ’
1299 4544 1321 4599 εἰ
1333 4544 1381 4617 γάρ
1395 4545 1447 4616 ἅμα
1458 4563 1484 4598 τε
1495 4541 1564 4598 εἶπεν
1577 4542 1695 4613 Αἰσχίνης
1711 4542 1770 4614 ἅμα

151 4623 188 4683 ὧν
206 4626 281 4681 ἔπαθε
300 4624 382 4697 λίγειν
399 4626 558 4697 βουλόμενος.
594 4626 652 4682 Εἶτ’
673 4628 800 4702 ἐπειδήπερ
818 4629 862 4684 ούκ
881 4627 937 4701 εἶχε
980 4648 1007 4683 τε
1027 4627 1183 4697 Φιλοκράτης
1201 4624 1315 4696 ἰγραήιεν,
1337 4621 1375 4690 είη
1395 4624 1423 4675 ἂν
1439 4622 1468 4676 τί)
1487 4622 1599 4694 ψήφισμα
1617 4621 1767 4693 περιεκτικδν

152 4707 284 4779 μαρτυρίαν
301 4711 349 4759 τῶν
363 4704 464 4777 λόγων,
485 4706 518 4769 ὡς
536 4706 561 4761 ἰν
582 4707 700 4778 ποιήματι
721 4708 848 4774 ἠθοποιίας
868 4711 936 4764 συνί·
980 4714 1029 4761 τῶν
1049 4704 1166 4775 Αἰσχίνου
1180 4703 1274 4775 λόγων.
1313 4702 1371 4756 Ὀτι
1392 4702 1435 4773 μὲν
1447 4698 1491 4753 σύν
1512 4701 1641 4755 καδτοῖιτο
1660 4706 1710 4755 τῖον
1724 4698 1774 4754 ἀπ’ι

150 4787 252 4843 πλασεν·
278 4784 332 4856 ἔχει
344 4784 392 4857 γὰρ
412 4785 453 4838 καί
472 4785 500 4839 τό
519 4786 653 4857 μεγαλεῖον
672 4794 720 4841 τῶν
738 4788 822 4859 λόγων
845 4787 871 4842 ἰκ
893 4792 937 4841 τού
981 4786 1059 4857 ἀρχῆς
1070 4786 1128 4855 ἀχρι
1141 4783 1224 4844 τέλους
1234 4781 1323 4847 δῆλον.
1343 4780 1401 4834 Ὅτι
1414 4779 1441 4833 δέ
1454 4779 1530 4834 λυπεῖ
1539 4779 1580 4833 τόν
1593 4780 1684 4850 ῥήτορα
1692 4780 1765 4850 γνοίη

151 4866 299 4931 Πλάτωνος,
315 4864 356 4918 καί
368 4864 490 4935 λαμθάνει
509 4864 539 4918 τό
559 4864 682 4935 χρήσιμον
704 4864 793 4919 ἐκτῶν
812 4868 937 4938 διαλόγων
980 4886 1015 4927 τις
1029 4866 1058 4917 ἀν
1072 4862 1214 4933 ένθυμηθείς
1232 4862 1271 4914 ότι
1284 4860 1367 4931 ῥᾴδιον
1386 4858 1495 4931 Αἰσχίνη
1514 4862 1684 4929 μεταστατικῷ
1698 4876 1770 4927 χρωα

152 4951 201 5000 τῶν
214 4943 349 5016 ἀμοιύαίων
357 4984 365 5011 ,
382 4940 449 5005 εἶδος
462 4943 545 4996 καινόν
559 4943 600 4995 καί
614 4944 715 4997 πιθανθν
734 4943 850 5016 εἰσάγων.
875 4945 938 4999 03δί
982 4947 1048 5016 μένῳ
1064 4942 1096 5004 εἰς
1107 4939 1151 5006 τὴν
1166 4940 1304 5010 ἀπολογίαν
1325 4940 1480 5011 μετενεγκεῖν
1502 4937 1541 4991 έπί
1552 4936 1595 4990 τίεν
1608 4936 1766 5005 Φιλοκράτην

152 5023 201 5095 γάρ
220 5024 384 5077 ἀκατάσκευον
403 5021 523 5094 άφῆκενθ
546 5042 570 5076 τι
588 5020 703 5095 εἴρηκεν,
726 5023 783 5076 ἀλλ’
805 5022 830 5077 έν
851 5026 882 5096 τῇ
895 5027 938 5090 τῆς
980 5024 1010 5078 τθ
1024 5022 1153 5094 ἔγκλημα·
1177 5018 1287 5091 έρεῖγάρ
1300 5019 1333 5081 ὡς
1352 5017 1471 5089 όγράήας
1488 5017 1518 5069 εδ
1537 5015 1647 5087 ψήφισμα
1662 5014 1704 5067 καί
1723 5013 1767 5066 τδν

152 5102 264 5165 πλάσεως
277 5101 366 5173 εύρέσει
378 5100 422 5168 τὴν
436 5102 515 5156 πίστιν
528 5103 673 5172 παρέσχετο·
689 5102 786 5173 μᾶλλον
799 5101 846 5173 γάρ
858 5101 937 5154 ένδια·
981 5103 1106 5156 Φίλιππον
1127 5097 1252 5160 έπαινίσας
1266 5096 1342 5159 αίτιος
1359 5098 1446 5168 γέγονε
1461 5099 1505 5148 τοῖν
1520 5093 1553 5167 μὴ
1568 5092 1612 5159 τὴν
1631 5092 1704 5146 πόλιν
1719 5092 1766 5164 ψη·

153 5182 267 5253 τιθέμεθα
282 5182 340 5252 πρὸς
355 5182 410 5244 τούς
429 5180 619 5253 έγκατασκεύους
638 5180 729 5252 λόγους
741 5182 756 5253 ἢ
771 5182 826 5243 τούς
846 5179 938 5235 άπλού-
980 5181 1096 5253 φίσασθαί
1107 5199 1130 5232 τι
1140 5177 1249 5249 χρηστόν
1259 5175 1316 5248 ύπὲρ
1327 5176 1444 5229 Φωκέων.
1480 5175 1560 5227 Τοῦτο
1570 5168 1614 5226 ούν
1625 5170 1767 5239 εύλοθηθείς

154 5281 237 5335 στερον
250 5260 398 5335 εἰρημένους.
411 5264 491 5318 TCV.
982 5261 1088 5333 όρήτωρ
1101 5258 1222 5324 δεινότητι
1235 5256 1367 5354 κέχρηται,
1385 5261 1479 5327 πρῶτον
1493 5252 1536 5327 μέν
1555 5251 1695 5313 ἀποδεικνύς
1708 5249 1767 5304 ταύ·
