3967 5967
232 470 288 519 56⁸
772 463 912 524 ΣΧΟΔΙΑ
936 465 999 524 ΕΙΣ
1019 462 1289 527 ΔΗΠΟΣΘΙΞΝΗΝ.

229 611 288 644 νων.
327 570 367 653 Et}
379 590 405 643 δέ
418 589 446 643 εδ
457 590 514 643 αύτδ
527 595 599 644 τοῦτο
611 593 727 645 συντείνει
738 593 766 646 τδ
781 592 813 664 μή
826 596 877 647 δεῖν
889 595 1004 666 ῥᾳθυμεῖν
1049 602 1125 652 ταῦτα
1138 598 1255 668 πολεμεῖν
1269 603 1300 669 τῇ
1310 599 1389 652 πόλει.
1431 597 1563 671 Ἀμφότεροι
1573 602 1599 655 δὲ
1611 602 1641 654 τά
1653 602 1830 676 ἐπιχειρήματα

230 671 287 740 μηδ’
299 668 391 723 οίεσθαι
405 668 445 733 διά
459 671 583 740 πρεσύείας
601 672 735 724 παύσασθαι
753 674 795 725 τδν
809 675 944 743 Φίλιππον,
964 678 1006 730 καί
1050 681 1093 729 τοῦ
1105 676 1252 747 ἀναγκαίου·
1271 678 1300 730 τδ
1312 678 1337 730 δί
1350 678 1485 748 ἀναγκαῖον
1498 677 1546 733 ἀπὸ
1556 685 1599 745 τῆς
1612 683 1712 751 γνώμης
1730 685 1771 736 καί
1785 691 1830 737 τοῦ

228 749 293 813 ἀλλφ
316 751 374 818 όπερ
396 748 465 810 αύτδς
487 748 669 819 ἐπισημαίνεται
692 750 765 804 εἰπών
784 755 829 824 (p.
855 757 920 819 134,
947 756 1002 827 α]-
1050 752 1194 808 ἀκολούθου.
1233 753 1288 808 Εἶτ’
1309 756 1434 827 ἐπειδήπερ
1456 756 1612 830 ἐργαζομένῳ
1633 759 1698 831 αύτῖξι
1716 762 1743 813 τὸ
1769 762 1829 816 ἀνα-

232 851 242 875 ι
261 827 317 879 ἀλλ’
328 828 371 880 ίνα
385 828 452 881 τοῦθ’
463 826 522 899 ύμῖν
537 828 620 892 δείξω,
637 829 675 882 δτι
686 829 714 883 οθ
728 831 843 898 στήσεται
858 836 948 897 πάντας
962 834 1005 887 ἀν·
1050 836 1154 903 γκαῖον,
1170 833 1194 895 έξ
1204 831 1234 885 ού
1246 836 1371 905 σομόαίνει
1384 838 1506 906 μισεῖσθαι
1524 836 1571 902 τήν
1588 839 1662 891 πόλιν
1673 838 1719 892 ύπδ
1738 842 1829 896 Φιλίπ-

232 928 242 953 ι
260 908 368 976 θριύπους
380 905 478 970 ἀδικῶν,
491 906 523 960 τὰ
534 908 555 959 δ’
567 907 605 978 ύφ’
619 907 691 961 αύτδν
706 910 849 980 ποιούμενος
866 912 1004 979 Φίλιππος,
1049 932 1110 977 που,
1125 913 1166 965 καί
1174 913 1271 983 λέγοντι
1285 916 1323 966 ότι
1332 915 1517 985 καταφεύξονται
1527 916 1575 986 γάρ
1588 916 1623 987 ἐφ’
1636 919 1698 989 ύμᾶς
1709 921 1733 971 οἱ
1747 922 1829 990 βεόια-

152 984 156 995 “
231 983 281 1036 «εἰ
293 985 326 1054 μή
340 1003 374 1047 τις
388 984 460 1038 αύτύν
479 986 621 1039 κωλύσειν
661 986 691 1041 Οί
706 984 804 1059 μίνούν
818 985 849 1041 αθ
868 991 897 1044 εδ
911 992 1005 1044 δίκαιον
1050 990 1289 1061 σμίνοι,ἀντέπεσεν
1310 991 1374 1053 ἰδίως
1392 993 1450 1063 πρὸς
1469 997 1542 1046 τοῦτο
1561 994 1643 1061 έκτής
1663 996 1775 1067 ἐργασίας
1790 1000 1830 1051 ότι
1895 1053 1900 1059 ,

228 1061 293 1116 εἶναι
313 1065 453 1135 κεφάλαιον,
474 1065 497 1118 οί
510 1064 536 1118 δὲ
555 1064 613 1136 πρδς
627 1065 733 1137 ἔλεγχον
748 1066 859 1137 εἰλῆφθαι
879 1071 921 1135 τῆς
934 1068 1005 1139 ρφθυ-
1049 1070 1090 1121 καί
1103 1070 1138 1130 τίς
1151 1070 1276 1123 ἀνέλοιτο
1295 1070 1407 1123 δουλείαν
1425 1069 1479 1124 ἀντί
1500 1073 1610 1134 δουλείας
1625 1073 1774 1135 ἀλλάξασθαι
1788 1076 1830 1129 καί

229 1143 284 1213 μίας
297 1142 385 1196 αύτῶν.
422 1144 504 1210 Δῆλον
518 1144 540 1196 δ’
554 1146 592 1196 ότι
609 1144 685 1215 όρθῶς
705 1144 798 1216 είρηται
811 1151 854 1200 τοῦ
863 1147 1006 1219 ἀσυμφόρου
1051 1147 1084 1218 μὴ
1098 1150 1207 1218 στέργειν
1218 1147 1261 1213 τήν
1276 1147 1338 1209 άπαξ
1350 1148 1501 1218 ύπάρξασανς
1518 1150 1603 1202 ἔλυσεν
1616 1149 1688 1204 εἰπών
1705 1156 1748 1223 (p.
1768 1155 1828 1219 135,

229 1220 302 1275 εἶναι.
340 1222 376 1275 Tb
391 1220 433 1294 μέν
448 1218 492 1275 σύν
505 1229 598 1293 πρῶτον
610 1224 680 1293 μέρος
693 1224 825 1294 τοῦλόγου
840 1225 1005 1295 προελήλυθεν
1053 1227 1107 1292 4)·
1128 1224 1209 1277 ιέστέ
1222 1225 1270 1296 γὰρ
1285 1226 1353 1295 ύμεῖς
1366 1226 1409 1279 οθκ
1429 1227 1498 1279 αὐτοί
1514 1227 1689 1294 πλεονεκτῆσαι
1701 1232 1742 1283 καί
1754 1250 1829 1285 κατα·

228 1302 286 1370 ἀχρι
300 1301 402 1363 τούτου,
418 1300 465 1353 ἀπδ
481 1300 524 1371 μέν
536 1304 580 1353 τοῦ
596 1302 698 1353 δυνατοῦ
713 1306 760 1355 πᾶν
782 1301 942 1373 ίπιχειρηθὲν,
962 1324 1005 1358 κα·
1053 1324 1064 1351 ι
1079 1305 1149 1372 σγεῖν
1163 1302 1241 1372 ἀργὴν
1256 1299 1283 1355 εύ
1298 1304 1436 1372 πεφυκότες.
1458 1328 1469 1352 ιι
1485 1305 1520 1357 Ού
1534 1312 1606 1359 τοῦτο
1622 1308 1670 1377 γάρ
1684 1307 1748 1361 έστιν
1761 1308 1829 1363 ἀντί-

227 1378 387 1433 τασκευασθέν
398 1379 424 1431 δέ
434 1380 619 1451 τῶσυμφέροντι
627 1380 682 1451 περί
693 1385 737 1433 τοῦ
747 1381 808 1450 μήτε
817 1383 869 1435 δεῖν
879 1384 1005 1453 πρεσόείαν
1050 1384 1126 1446 θεσις,
1144 1381 1201 1433 ἀλλ’
1214 1381 1357 1436 ἀντιπῖπτον
1372 1381 1419 1435 ἀπὸ
1437 1386 1480 1449 τῆς
1497 1387 1611 1456 προτέρας
1625 1385 1726 1448 ἐννοίας.
1763 1388 1830 1442 Εἶτα

227 1458 361 1526 πέμπεσθαι
376 1457 437 1527 μήτε
447 1457 562 1528 ῥᾳθυμεῖν
575 1463 623 1509 τῶν
638 1456 872 1530 ἀπαγγελλομένων,
887 1460 967 1532 ἔργοις
979 1481 1005 1514 τε
1049 1460 1122 1514 πάλιν
1147 1459 1278 1514 έπανέλαόε
1299 1458 1343 1525 τὴν
1361 1458 1435 1525 αύτήν
1464 1461 1559 1515 ἔννοιαν
1582 1463 1624 1515 καί
1647 1463 1771 1535 ἀνήγαγεν
1796 1467 1830 1529 εἰς

227 1538 356 1608 προθέσθαι
369 1537 477 1590 κωλῦσαι
493 1537 589 1608 μᾶλλον
602 1538 617 1603 ἢ
632 1537 725 1609 λόγοις.
763 1539 841 1591 Τοῦτο
853 1539 879 1592 δέ
892 1541 921 1593 τὸ
933 1543 1005 1611 κεφά·
1050 1536 1131 1607 ἑτέραν
1154 1537 1232 1606 ἀρχὴν
1256 1537 1328 1590 εἰπών
1345 1540 1388 1607 (μ.
1414 1539 1472 1601 135,
1498 1543 1563 1608 11>·
1583 1560 1594 1589 ι
1619 1546 1714 1610 πρῶτον
1738 1543 1828 1612 μὲνδὴ

228 1615 299 1668 λαιον
311 1614 436 1687 ἠγνόησαν
448 1616 538 1687 ὁμοίως
548 1615 572 1668 οί
583 1617 629 1686 πφδ
638 1616 708 1687 ἡμῶν
719 1614 804 1679 εἰς’τίιν
816 1617 893 1688 λόγον
906 1620 1006 1691 θεωρίας
1052 1637 1063 1664 ι
1077 1618 1150 1668 τοῦτο
1162 1617 1203 1667 δεῖ
1213 1615 1301 1686 ἐχθρόν
1319 1616 1473 1686 ὐπειληφέναι
1484 1622 1527 1683 τῆς
1539 1619 1661 1680 πολιτείας
1677 1621 1718 1672 καί
1730 1626 1773 1687 τῆς
1785 1624 1829 1690 δη·

227 1697 269 1749 καί
289 1697 412 1766 διαιρέσεις
434 1696 622 1767 συγγράψαντες.
659 1696 730 1749 Πετίι
752 1701 828 1750 ταῦτα
849 1699 877 1751 τδ
900 1700 1005 1771 νόμιμον
1052 1695 1211 1764 «μοιρατίαε
1224 1695 1388 1747 ἀδιάλλακτον
1407 1693 1511 1749 ἐκεῖνον.
1528 1719 1540 1745 ε
1558 1695 1687 1769 Ἐπείγάρ
1702 1698 1829 1769 ἰσηυρδςό

228 1772 357 1845 εἰσήγαγε,
370 1780 405 1846 τῷ
416 1773 481 1846 αὐτῷ
494 1773 632 1844 θεωρήματι
645 1774 799 1844 χρησάμενος
809 1770 875 1845 ᾧπερ
884 1777 925 1828 καί
934 1765 959 1828 έν
970 1782 1006 1848 τῷ
1049 1773 1103 1843 περί
1119 1777 1163 1839 τῆς
1176 1772 1270 1844 εἰρήνης
1285 1774 1375 1845 λόγος,
1398 1773 1535 1844 ἀναγκαίως
1552 1775 1610 1845 πρός
1630 1776 1702 1829 αύτίιν
1721 1785 1830 1848 συνεχῶς

226 1852 322 1925 ὀγδόῳ·
339 1853 379 1906 καί
394 1855 493 1925 τοιαύτη
509 1852 535 1906 δὲ
554 1852 669 1922 έρμηνείφ
685 1853 727 1905 καί
745 1853 888 1924 διδασκαλίᾳ
904 1858 1004 1925 χρῆται,
1050 1849 1212 1920 ἀγωνίζεται,
1226 1854 1364 1916 τουτέστιν,
1380 1851 1409 1905 ού
1425 1854 1467 1904 δεῖ
1476 1852 1604 1919 κηλεῖσθαι
1619 1860 1712 1926 τῷτῆς
1732 1856 1829 1926 εἰρήνης

226 1934 305 1988 Τρν,
1049 1928 1164 2000 ὀνόματι·
1182 1931 1250 2000 φύσει
1261 1930 1309 2001 γάρ
1321 1928 1384 1983 εἶναι
1400 1931 1516 2001 πολέμιον
1528 1932 1664 1993 Φίλιππον.
1706 1933 1827 2006 Ἇνήγαγε

265 2013 324 2075 132,
341 2014 366 2066 3.
382 2011 441 2081 Δεῖ]
456 2009 532 2080 ήγουν
548 2009 662 2063 έλλείπει.
677 2011 708 2062 Ρ.
1049 2008 1075 2061 δέ
1089 2009 1128 2063 ἐπὶ
1146 2010 1235 2076 ταύτην
1249 2010 1322 2063 πάλιν
1336 2008 1380 2074 τὴν
1401 2008 1496 2080 ἀρχήν·
1512 2017 1607 2080 πρῶτον
1620 2012 1680 2083 μέν,
1705 2014 1737 2076 ῶς
1748 2013 1827 2084 έφην,

267 2090 326 2152 132,
342 2093 368 2141 8.
388 2088 557 2158 Παρίρχεται]
572 2089 640 2157 νικᾷ,
655 2084 703 2139 ἀπὸ
727 2089 861 2157 μεταφοράς
880 2092 929 2139 τῶν
948 2088 1004 2157 δρο·
1046 2091 1089 2141 ἵνα
1110 2090 1227 2159 γενναίως
1241 2088 1299 2159 πρδς
1317 2086 1390 2153 αὐτὴν
1407 2086 1570 2157 ἀγωνίσηται·
1585 2088 1656 2154 εἷτα,
1675 2088 1755 2157 έπειδὴ
1771 2090 1827 2162 εἶχε

227 2172 301 2239 μέων.
315 2171 371 2222 YP.
1048 2168 1089 2220 καὶ
1100 2169 1197 2237 δευτέρᾳ
1210 2167 1278 2220 λύσει
1291 2167 1445 2237 χρήσασθαι,
1460 2168 1600 2240 παρεχούση
1613 2168 1762 2229 ἀντεξέτασιν
1778 2176 1826 2223 τῶν

264 2249 323 2311 132,
339 2264 383 2300 αν.
399 2245 492 2314 Πᾶσιν]
508 2242 585 2312 ἤγουν
599 2241 624 2295 ἰν
637 2245 719 2296 πᾶσιν.
734 2246 763 2297 Ρ.
1047 2247 1208 2317 ύπαρχόντων
1228 2245 1360 2312 Ἀθηναίοις
1374 2244 1472 2316 ἀγαθῶν
1486 2246 1527 2297 καὶ
1544 2251 1592 2298 τῶν
1605 2246 1644 2299 ἐπί
1659 2247 1753 2317 θρᾴκης
1765 2250 1826 2318 φαύ-

264 2328 323 2388 133,
339 2328 365 2379 8.
388 2324 438 2376 Τοῦ
450 2324 538 2392 χάριν]
558 2324 716 2393 συμπέρασμα
734 2325 777 2375 τοῦ
796 2325 938 2393 προοιμίου,
963 2325 1005 2376 καί
1048 2326 1099 2378 λων
1121 2328 1163 2379 καί
1177 2331 1267 2397 μικρῶν
1281 2326 1323 2377 καί
1344 2324 1484 2397 γλίσχρων,
1502 2324 1574 2377 πάλιν
1595 2325 1761 2391 ἐκαινοποίησε
1780 2325 1826 2393 τὴν

226 2405 324 2471 είσῦολή
339 2404 379 2458 ἰπὶ
391 2404 419 2457 τδ
432 2404 564 2472 συμφέρον.
583 2404 658 2455 FYP.
1049 2404 1184 2458 ἀντίθεσιν·
1202 2407 1246 2474 μιᾷ
1263 2403 1320 2474 μέν,
1336 2405 1374 2456 ότι
1393 2403 1530 2474 ἀναγκαίως
1542 2404 1650 2474 πολεμεῖ
1660 2410 1691 2477 τῇ
1703 2407 1827 2477 δημοκρα-

264 2486 323 2551 ιθθ,
336 2501 380 2536 αα.
397 2480 641 2551 Ἐπετείχισεν]καθ’
655 2480 722 2549 ύμῶν
738 2478 876 2550 εἰργάσατο.
892 2483 965 2534 lass.
1047 2485 1088 2553 τίφ
1106 2483 1147 2536 καί
1168 2483 1278 2552 πολιτείᾳ
1296 2481 1448 2552 ἀντικειμένη
1472 2486 1502 2553 τῇ
1526 2485 1658 2553 τυραννίδι.
1695 2485 1774 2557 Ταύτῃ
1798 2487 1826 2540 δὲ

264 2564 322 2623 133,
339 2564 383 2613 αθ.
410 2557 555 2628 Ἆντρῶνας]
571 2556 641 2618 πόλις
654 2556 758 2618 Εύόοίας
779 2556 944 2623 πληθυντικῶς
965 2557 1005 2610 λε·
1047 2568 1078 2633 τῇ
1089 2563 1156 2615 λύσει
1170 2561 1290 2632 έγρήσατο
1303 2560 1360 2631 πρδς
1373 2559 1417 2627 τὴν
1434 2560 1515 2629 ἑτέραν
1533 2563 1598 2615 θέσιν
1616 2567 1658 2629 τῆς
1672 2562 1823 2626 ἀντιθέσεως.

225 2643 327 2709 γομίνη.
349 2638 459 2708 Ὅμηρος
473 2638 483 2703 (
497 2635 528 2691 ΙΙ.
554 2637 583 2706 β,
605 2635 679 2707 697]
700 2634 813 2697 ἒνικῶςι
838 2635 967 2707 Ἀγχίαλόν
980 2638 1003 2690 τ’
1046 2643 1084 2712 Τῇ
1103 2642 1129 2694 δὲ
1144 2643 1242 2711 δευτέρα
1254 2641 1322 2694 λύσει
1342 2644 1373 2712 τῇ
1394 2642 1538 2713 περιεχούσῃ
1552 2640 1597 2706 τήν
1613 2642 1761 2704 ἀντεξέτασιν
1781 2649 1823 2697 νῦν

229 2720 347 2790 Ἀντρῶνα
361 2718 396 2772 ίδί
411 2717 518 2771 Πτελεδν
532 2716 674 2786 λεχεποίην.
693 2738 704 2765 ιι
721 2718 796 2769 FYP.
1048 2720 1132 2791 μέλλει
1143 2720 1277 2790 κεχρῆσθαι
1287 2720 1345 2789 πρδς
1359 2719 1404 2785 τὴν
1417 2720 1528 2788 δευτέραν
1543 2719 1672 2773 ἀντίθεσιν.
1714 2719 1757 2773 Ἐκ
1769 2722 1825 2773 τού·

262 2801 321 2864 ιδίς,
338 2800 362 2853 5.
379 2797 434 2849 Εἰσί
450 2797 476 2850 δέ
490 2814 552 2857 τινες
569 2796 608 2860 οί,
628 2795 684 2865 πρίν
700 2794 802 2847 ἀκοῦσαι
816 2794 870 2857 τούς
882 2795 940 2868 θπὲρ
953 2803 1002 2850 τῶν
1046 2817 1089 2850 του
1108 2799 1188 2851 τοίνυν
1202 2802 1244 2850 τοῦ
1259 2799 1364 2868 νομίμου
1379 2796 1510 2865 κεφαλαίου
1522 2797 1656 2868 λελυμένου
1673 2798 1769 2867 μᾶλλον
1789 2805 1826 2870 τῷ

224 2880 373 2950 πραγμάτων
384 2877 490 2946 λόγους,
506 2874 573 2935 εύθίις
583 2873 695 2927 εἰώθασιν
709 2872 801 2944 ἐρωτᾶν
814 2875 838 2926 τί
850 2872 898 2943 χρὴ
912 2878 1001 2948 ποιεῖν]
1046 2875 1147 2945 δικαίῳ,
1172 2875 1299 2928 ἀντέπεσεν
1321 2873 1458 2943 ἀναγκαίως
1479 2871 1597 2935 ἀντίθεσις
1621 2874 1693 2926 πάλιν
1719 2874 1765 2927 ἀπὸ
1780 2881 1825 2927 τοῦ

229 2958 357 3011 Ἐντεῦθεν
369 2959 412 3026 μέν
427 2955 491 3008 ἔστιν
506 2951 605 3018 εἰσόολὴ
614 2956 658 3005 τοῦ
672 2952 778 3022 νομίμου
793 2951 854 3005 κατά
868 2951 999 3006 ἀντίθεσιν·
1047 2953 1167 3023 νομίμου·
1183 2952 1270 3004 ούκοῦν
1289 2950 1311 3004 εἶ
1326 2954 1435 3005 πέπεισαι
1454 2952 1635 3021 παραύεδάσθαι
1649 2950 1692 3017 τὴν
1706 2952 1823 3022 εἰρήνην,

224 3040 364 3108 σεσόφισται
377 3036 403 3089 δέ
416 3035 431 3102 ἢ
446 3034 563 3095 ἀντίθεσις
575 3032 641 3104 αύτῷ
653 3032 716 3085 κατὰ
728 3032 880 3103 παράλειψιν.
904 3031 1003 3086 Ἐλλεί-
1046 3032 1213 3102 Δημόσθενες,
1224 3031 1315 3101 γράψον
1327 3030 1380 3100 περὶ
1394 3029 1502 3100 πολέμου
1514 3030 1638 3100 ψήφισμα·
1657 3031 1746 3097 ταύτην
1766 3031 1823 3084 ἔλυ-

224 3137 263 3171 πει
272 3118 319 3188 γάσ
331 3122 380 3180 τῶ,
391 3116 414 3170 τί
424 3109 467 3166 οίιν
480 3111 529 3184 χρὴ
543 3114 621 3166 ποιεῖν
628 3150 636 3176 ,
647 3110 676 3163 τδ
692 3110 786 3182 εἰρήνης
795 3110 877 3177 ούσης.
918 3109 1003 3164 Ἐσιώ-
1046 3130 1087 3163 σεν
1102 3110 1224 3175 ένστάσει,
1235 3111 1287 3175 ἥτις
1299 3109 1408 3171 ἔνστασίς
1422 3108 1486 3162 ἐστιν
1497 3108 1546 3163 ἀπὸ
1558 3114 1600 3161 τοῦ
1614 3110 1721 3162 δικαίου·
1736 3111 1763 3163 ού
1776 3112 1825 3181 γὰρ

224 3216 285 3263 πησε
296 3171 321 3249 δὲ
334 3172 407 3248 τύῦτο
417 3194 446 3246 τδ
456 3194 525 3264 μέρος
534 3192 567 3252 είις
581 3190 697 3261 ἰσχυρόν·
716 3188 838 3259 ἐνεφάνισε
851 3189 878 3241 δέ
890 3188 949 3242 αθτδ
962 3191 1003 3242 διά
1046 3190 1139 3242 δίκαιόν
1152 3209 1223 3260 φησιν
1237 3188 1370 3241 ἀδικεῖσθαι
1382 3190 1420 3259 ύφ’
1440 3188 1510 3259 ἡμῶν
1525 3189 1567 3241 τδν
1581 3190 1747 3260 προῃρημένον
1763 3190 1824 3260 ύμῖν

223 3280 266 3341 τῆς
277 3275 379 3336 λύσεως.
416 3273 471 3333 Πῶς
479 3271 510 3324 δὲ
525 3270 610 3332 ἔλυσες
626 3269 667 3321 καί
678 3268 750 3322 πόθεν
765 3265 812 3338 χρὴ
831 3268 944 3338 θηρεῦσαι
956 3267 1002 3335 τὴν
1046 3266 1076 3319 τά
1090 3268 1203 3336 βέλτιστα
1219 3268 1406 3338 συμόουλεύειν·
1421 3266 1476 3320 εἶτα
1489 3266 1515 3319 ἐκ
1532 3269 1725 3338 παραδείγματος
1739 3269 1823 3339 ἑτέραν

223 3355 360 3420 ἀντίθεσινς
370 3352 393 3415 έξ
404 3350 440 3406 ὧν
451 3351 519 3406 εἶπεν
531 3350 673 3419 ἀπαγαγὼν,
689 3370 700 3397 ι
714 3352 808 3418 πρῶτον
823 3345 883 3417 μὲν,
896 3344 918 3400 ὦ
935 3347 1002 3415 Ἀθη.
1045 3347 1169 3416 πορίζεται
1182 3345 1267 3410 λύσιν,
1280 3348 1318 3398 ότι
1332 3344 1386 3399 ούδέ
1399 3345 1490 3399 ἄλλοτέ
1502 3365 1560 3399 ποτε
1578 3345 1675 3408 ούδενδς
1688 3350 1824 3418 γράψαντος

227 3457 238 3483 ι
256 3436 337 3497 ναῖοι,
349 3437 422 3486 τοῦτο
435 3432 491 3502 παρ’
503 3431 562 3500 ύμῖν
577 3429 659 3489 αὐτοῖς
678 3428 780 3496 βεόαίως
793 3432 900 3496 γνῶααι,
916 3428 955 3481 ότι
969 3432 1002 3500 τῇ
1046 3424 1168 3486 Φίλιππος
1182 3424 1274 3489 ἀδικεῖ,
1286 3426 1328 3476 καί
1340 3430 1439 3494 πρῶτα,
1454 3424 1495 3476 καί
1508 3425 1621 3495 δεύτερα,
1635 3426 1676 3478 καί
1689 3429 1766 3496 τρίτα,
1783 3431 1825 3481 καὶ

227 3515 326 3568 «πύλης
346 3512 469 3573 φίλιππος
494 3508 660 3581 πολεμεῖται]
681 3505 725 3572 τήν
747 3505 844 3576 εἰρήνην
865 3506 961 3561 λέλυκε.
987 3530 998 3558 ιι
1046 3502 1099 3555 νυνὶ
1112 3497 1294 3573 δί’ίίαρδιανοῖς
1307 3504 1407 3572 βοηθεῖ,
1420 3502 1483 3572 δμοῦ
1495 3503 1535 3555 καί
1549 3501 1765 3573 ἐπισημαινόμενος
1778 3506 1823 3570 τὴν

224 3593 305 3645 Ταῦτα
321 3591 369 3662 γάρ
382 3589 514 3660 ἀπήνεγκε,
533 3586 566 3659 μή
581 3587 693 3653 τοιαύτης
703 3584 775 3652 ούσης
787 3588 829 3651 τῆς
844 3583 984 3649 ἀντιθέσεως
992 3628 1000 3653 ‚
1046 3578 1125 3633 αἰτίαν
1139 3582 1171 3632 δι’
1185 3583 1215 3647 ἢν
1226 3581 1241 3634 ό
1254 3581 1343 3651 λόγος·
1356 3581 1448 3650 ὅτιγὰρ
1458 3580 1612 3651 ἀπήγγελται
1622 3582 1744 3644 Φιλιππος
1757 3584 1823 3654 Καρ-

224 3675 262 3726 ὅςι
275 3672 357 3743 εἰρήνη
370 3671 450 3735 ἐστίν,
465 3668 576 3721 ἀλλ’ἵνα
589 3667 653 3739 λάόῃ
664 3667 719 3727 τούς
732 3664 850 3735 ἀκροατάς
865 3666 1002 3737 συνομολο.
1046 3660 1138 3721 διανοῖς
1152 3661 1268 3729 βοηθεῖν,
1282 3660 1383 3726 εὔδηλον
1400 3659 1463 3712 ότιό
1476 3660 1553 3729 δῆμος
1569 3662 1721 3731 τετάρακται.
1758 3661 1824 3717 Εἶτα

222 3755 329 3821 γοῦντας
346 3752 384 3803 ότι
396 3744 604 3818 παραύίόασταιίη
619 3743 716 3814 εἰρήνη·
732 3743 772 3795 διὰ
784 3747 856 3797 τοῦτο
868 3748 899 3815 τῇ
910 3744 1002 3815 ἐρωςή.
1045 3738 1114 3805 τρίτη
1134 3737 1217 3802 λύσις,
1230 3738 1268 3790 ότι
1287 3737 1357 3807 ύμεῖς
1371 3736 1571 3807 ἐχειροτονήσατε
1586 3737 1627 3789 τὸν
1644 3739 1769 3809 πόλεμον,
1785 3742 1824 3793 ότι

225 3848 261 3882 σςς
279 3827 466 3897 σοφιπιχωςέρᾳ
488 3826 620 3894 κέχρηται,
641 3823 673 3883 ῶς
689 3822 718 3873 ἀν
735 3820 839 3892 ἑτοίμων
861 3822 938 3874 ὄντων
952 3828 1001 3875 τῶν
1046 3816 1070 3878 ἐξ
1083 3813 1111 3869 οὗ
1125 3818 1215 3887 χρόνον
1229 3818 1271 3871 τδν
1286 3818 1414 3883 Διοπείθην
1430 3815 1600 3880 ἀπεστείλατε,
1623 3837 1825 3889 κατακεχειροτο-

225 3906 350 3977 ἀκροατῶν
364 3909 443 3960 ποιεῖν
457 3903 488 3957 τά
509 3905 605 3957 δέοντα.
642 3902 726 3954 ίίαίτοι
739 3920 784 3971 γε,
799 3901 843 3955 ούκ
854 3902 918 3954 ἀλλο
929 3922 952 3956 τι
963 3906 1003 3956 δεῖ
1046 3896 1135 3961 νίκατν
1154 3895 1276 3965 πόλεμον
1301 3898 1365 3948 ὥστε
1384 3895 1495 3964 πῑθῑῖῐθν
1518 3895 1572 3965 πὲρ]
1589 3900 1638 3948 τῶν
1659 3896 1823 3968 ἐγνωσμένων

222 3982 439 4055 γνῶναιαθςοδςῆ
453 3981 481 4034 τὸ
496 3977 732 4050 παραδεόάσθαιτὴν
748 3977 861 4048 εἰρήνην,
877 3981 935 4050 ίίπερ
951 3979 1002 4032 έστί
1045 3977 1154 4045 γράφειν.
1191 3973 1257 4028 Εἶτα
1270 3977 1350 4043 ῶσπερ
1362 3972 1512 4043 ἀπαλλαγείς
1522 3979 1570 4026 τῶν
1580 3972 1673 4025 λύσεων
1684 3973 1822 4044 έπιλογιζτ·

224 4064 282 4135 ,φης
297 4064 503 4134 τὸχεχρυμμέςην
521 4061 592 4130 μέρος
605 4058 808 4126 τῆςάνςιθέςεως,
846 4060 962 4113 Τοιοῦτον
976 4062 1002 4114 δέ
1046 4074 1102 4118 ται,
1123 4055 1293 4124 ύποτιθέμενος
1317 4055 1345 4104 δν
1364 4054 1405 4105 δεῖ
1424 4053 1512 4121 τρόπον
1536 4051 1665 4121 πολεμεῖν.
1705 4052 1779 4114 ἼΞθος
1796 4054 1824 4107 δὲ

224 4141 289 4196 ἔστιν
312 4141 377 4213 αύτιῖι
395 4144 510 4212 θεώρημα
534 4139 576 4191 καί
596 4138 621 4192 έν
642 4144 679 4210 τῷ
700 4137 757 4209 ύπέρ
770 4140 908 4200 Διοπείθους
921 4139 1000 4212 λόγῳ,
1046 4132 1111 4204 αύτῷ
1123 4134 1256 4203 πληροῦντι
1274 4132 1404 4201 κεφάλαιον
1422 4131 1463 4183 καί
1479 4130 1503 4183 έν
1521 4133 1601 4200 μέσοις
1615 4129 1699 4200 λόγοις
1712 4129 1828 4215 έπιλογίῖ

225 4222 292 4289 Ἤδη
307 4222 332 4275 δέ
345 4222 518 4292 προδιοικεῖται
530 4218 570 4269 διίι
583 4221 626 4270 τοῦ
641 4218 746 4288 νομίμου
759 4217 890 4287 κεφαλαίου
903 4218 931 4270 τδ
949 4219 1001 4271 δεῖν
1045 4215 1137 4274 ἵεσθαι·
1175 4214 1245 4284 θίγεν
1258 4211 1285 4264 δὲ
1296 4213 1348 4264 δεῖν
1363 4210 1512 4280 ἆμῦνννθννι
1529 4212 1587 4262 &av
1602 4211 1707 4280 ἅρχνιναῑ
1720 4209 1822 4276 ἐκεῖνος,

223 4303 332 4371 αυνέγειν
357 4297 403 4365 τήν
426 4298 564 4359 Διοπείθους
585 4296 696 4366 δύναμιν.
734 4295 778 4346 Διά
803 4299 875 4348 τοῦτο
894 4295 942 4366 γάρ
961 4297 1003 4349 καί
1045 4293 1250 4363 προσποιούμενος
1272 4291 1414 4344 ύποθετικοῦ
1437 4290 1522 4343 λοιπδν
1539 4290 1655 4343 ἅπτεσθαι
1673 4289 1750 4360 λόγου
1774 4289 1823 4343 ἀπὸ

223 4356 395 4451 προηριύτησεν
412 4376 436 4431 έν
462 4377 588 4448 σχήματι,
603 4376 627 4428 τί
646 4373 689 4428 σύν
708 4372 756 4445 χρὴ
769 4377 863 4438 ποιεῖν;
878 4374 921 4427 ἵνα
942 4373 1002 4429 ἀπο-
1045 4374 1148 4442 τρόπου·
1160 4371 1204 4423 οιίκ
1218 4370 1270 4424 ἔστι
1284 4369 1332 4441 γάρ
1344 4370 1461 4440 ἄρχεσθαι
1474 4371 1582 4440 πολέμου
1596 4370 1638 4422 τὀν
1653 4369 1821 4440 ἀμυνόμενον,

224 4459 361 4529 δειχθείσης
374 4460 417 4522 τῆς
437 4456 532 4526 εἰρήνης
551 4453 591 4506 διὰ
616 4457 688 4525 μέσου
706 4453 932 4524 παραὸεὸασμένης,
948 4452 1001 4507 ἐπε.
1043 4450 1086 4501 ἵνα
1097 4450 1210 4519 φαίνηταί
1224 4447 1290 4500 λύων
1306 4447 1366 4519 [τὴν
1383 4447 1495 4519 Εἰρήνην]
1507 4448 1520 4500 ύ
1534 4449 1669 4510 Φίίίίππῠς,
1686 4449 1733 4518 ῦθχ
1752 4449 1823 4515 fifi-

224 4538 298 4607 νέγχη
312 4536 369 4607 πρὸς
382 4535 411 4587 εδ
418 4574 426 4600 ,
439 4535 463 4587 τί
477 4532 525 4605 χρὴ
540 4535 633 4596 ποιεῖνς
651 4534 689 4585 ότι
707 4533 749 4585 δεῖ
759 4535 868 4602 συνέχειν
883 4529 928 4596 τὴν
948 4533 1003 4584 Διο·
1045 4528 1091 4589 λις.
1134 4525 1289 4598 Ὅμοίωςδέ
1307 4526 1430 4579 κάνταῦθα
1447 4532 1490 4579 τοῦ
1514 4531 1682 4596 πραγματικοῦ
1706 4528 1823 4581 ἅπτεσθαι

223 4593 442 4686 πείθύυςδύναμιν.
481 4613 543 4684 Πρδς
555 4616 629 4665 τοῦτο
640 4613 687 4683 γάρ
701 4611 765 4665 έστιν
778 4610 1001 4680 αύτοῦὴσύμπασα
1044 4609 1121 4661 δοκεῖ.
1158 4607 1219 4660 Οἷδε
1231 4606 1278 4676 γάρ
1294 4607 1335 4659 καί
1347 4606 1371 4660 έν
1389 4606 1512 4676 ἐπιλόγοις
1525 4606 1604 4660 ἀνύειν
1615 4625 1639 4657 τι
1651 4612 1699 4659 τῶν
1714 4627 1822 4660 συνεκτι.

223 4697 327 4763 σπουδή,
367 4693 447 4747 ‘Evae
460 4698 495 4765 τῷ
509 4692 596 4763 μεταξύ
610 4693 651 4744 καί
659 4710 725 4753 τινας
735 4691 847 4751 ύπονοίας
858 4690 910 4743 λύει
922 4690 963 4744 καί
974 4689 1001 4743 ἐκ
1046 4692 1095 4739 κῶν
1110 4686 1151 4738 καί
1171 4688 1414 4756 συναγωνιζομένων.
1451 4685 1542 4754 Φεύγει
1556 4685 1578 4735 δ’
1599 4679 1642 4735 σύν
1663 4683 1731 4737 ούδέν
1748 4679 1822 4750 ήττον

221 4780 265 4843 τῆς
278 4774 390 4847 ἐργασίας
399 4771 578 4832 ἀνακυπτούσας
590 4769 711 4840 ύποφοράς
722 4770 853 4839 θεραπεύει.
872 4768 1001 4835 Συνίστησι
1044 4764 1166 4816 κάνταῦθα
1179 4762 1207 4816 τδ
1222 4764 1325 4834 γράψαι,
1343 4763 1384 4814 καί
1397 4763 1579 4833 ἐπισημαίνεται
1596 4760 1639 4826 τὴν
1651 4762 1779 4824 ύπόθεσιν,
1790 4762 1822 4814 δι’

222 4855 248 4908 δὲ
265 4854 294 4907 t'o
315 4854 419 4924 νόμιμον
433 4856 526 4922 πρῶτον
549 4849 592 4920 μέν
614 4847 641 4900 έκ
663 4849 744 4900 δυοῖν·
767 4847 791 4909 ἐξ
815 4847 867 4909 ἒνδς
888 4847 947 4918 μὲν,
962 4849 1000 4901 ότι
1044 4842 1287 4913 ἣνόλόγοςέρρέθη.
1326 4841 1407 4895 Εἰπὼν
1421 4841 1469 4913 γάρ
1483 4844 1534 4902 τοῖς
1549 4841 1590 4911 μέν
1604 4839 1761 4912 ἀμυνομένοις
1775 4841 1822 4910 ήδη

222 4934 360 5005 ἀναγκαίως
373 4930 417 4997 τήν
439 4929 642 5000 ἀντιτεταγμένην
659 4926 795 4998 έλευθερίαν
816 4926 857 4978 καί
876 4927 999 4981 πολιτείαν
1043 4923 1159 4991 χρήματα
1173 4921 1214 4973 καί
1232 4921 1262 4973 τά
1283 4920 1349 4972 ἀλλα
1364 4922 1422 4973 ύσον
1441 4922 1536 4973 δέονται
1555 4920 1677 4984 διδόντες,
1692 4919 1822 4990 ἐσήμαινεν

220 5014 343 5083 τυραννίδι
362 5009 474 5082 βούλεται
486 5008 634 5071 καταλῦσαι,
650 5004 719 5067 εἰδὼς
737 5001 770 5076 μὴ
784 5003 867 5065 άλλως
882 5023 1000 5070 συστησο·
1044 5002 1082 5052 ότι
1097 4999 1181 5066 ἔφοδος
1192 5002 1279 5069 γέγονε
1290 4998 1414 5053 Φιλίππου
1423 4999 1464 5051 καί
1477 4999 1592 5070 ἀμύνεται
1604 4997 1675 5050 αύτδν
1685 4997 1820 5065 Διοπείθης.

223 5094 297 5162 μένεν
313 5089 358 5155 τήν
379 5088 519 5160 βασιλείαν,
541 5085 563 5140 εἰ
582 5082 615 5157 μὴ
631 5080 810 5154 καθαιρεθείηῆ
833 5082 957 5134 πολιτεία·
976 5081 1000 5143 έξ
1048 5076 1103 5132 ‘Aah
1117 5077 1143 5130 δέ
1155 5082 1198 5143 τῆς
1223 5083 1395 5149 προτρεπτικῆς
1411 5080 1498 5144 ταύτης
1514 5082 1556 5130 τοῦ
1576 5080 1628 5129 δεῖν
1649 5076 1762 5147 εἰσφέρειν
1781 5076 1823 5129 καί

222 5132 303 5240 ίτέρόν
326 5170 367 5233 δέ,
383 5170 421 5222 ότι
444 5168 499 5238 παρ’
520 5165 612 5218 οίιδέσιν
637 5162 738 5233 ιύρίσκει
761 5160 883 5213 τοσούτων
900 5158 999 5229 ἀγαθῶν
1043 5159 1261 5219 κατασκευάζεσθαι
1283 5158 1418 5227 στράτευμα
1439 5158 1480 5208 καὶ
1500 5157 1602 5227 τριήρεις
1626 5156 1725 5224 ταχείας
1748 5156 1823 5221 δῆλός

221 5247 359 5321 ῑηςςρῡολίην
369 5248 430 5316 ὅσην
442 5245 499 5318 παρ’
516 5244 663 5313 Ἀθηναίοις,
676 5244 738 5296 όιστε
752 5239 889 5314 ἀναγκαίως
899 5238 940 5291 καί
958 5237 998 5291 διά
1045 5237 1095 5292 έστι
1109 5237 1214 5308 μεταύδς
1223 5238 1261 5292 έπί
1270 5256 1323 5293 τινα
1338 5235 1418 5307 ἑτέραν
1429 5234 1531 5307 λογικὴν
1543 5234 1637 5288 ἔννοιαν
1653 5233 1700 5288 ἀπὸ
1709 5239 1752 5287 τοῦ
1762 5254 1822 5305 σιμ-
