3967 5967
755 437 938 497 ttzxtltot'
958 438 983 495 0
1005 437 1106 496 ΚΑΤΑ
1132 441 1416 506 ΚΤΙΙΣΙΦΩΚΤΟΣ.

614 642 656 701 ttl

435 812 537 870 ΚΑΤΑ
560 809 852 870 uehementes.

563 994 726 1041 t‘ltotseetz.

257 1136 380 1193 Κτησιρῶν
394 1132 480 1195 ἔγραψε
498 1133 607 1196 ψήφισμα
623 1137 772 1193 στεφανῶσαι
790 1135 940 1193 Δημοσθένην
955 1139 1035 1198 Δημο-

287 1206 379 1259 σθένους
390 1207 502 1252 Ιίαιανιέα
512 1209 593 1266 χρυσῷ
599 1203 705 1266 στεράνῳ
716 1206 755 1251 καί
767 1204 920 1267 ἀναγορεῦσαι
932 1208 972 1255 τόν
982 1211 1035 1257 στέ·

286 1291 357 1336 ρανον
367 1276 390 1322 ἐν
402 1279 435 1336 τῷ
447 1274 534 1337 θεάτρῳ
549 1274 678 1329 Διονυσίοις
696 1275 830 1336 τραγῳδῶν,
844 1277 878 1323 ότι
892 1277 992 1327 διατελεῖ
1006 1281 1035 1328 τὰ

288 1345 374 1407 άριστα
388 1346 428 1391 καί
447 1346 572 1405 λέγωνκαὶ
586 1344 693 1406 πράττων
709 1350 742 1405 τῷ
757 1347 824 1406 δήμῳ
840 1353 886 1394 τῶν
901 1347 1035 1403 Ἀθηναίων.

286 1420 361 1464 Τοῦτο
371 1416 397 1464 τό
407 1416 515 1476 ψήρισμα
524 1413 640 1477 ἐγράψατο
653 1414 918 1479 Αἰσχίνηςπαρανόμων,
931 1419 971 1464 καί
986 1420 1035 1466 εἰσ·

286 1486 337 1547 ιίγει
367 1487 482 1547 κεφάλαια
491 1487 572 1545 γενικα
582 1485 647 1547 τρία,
660 1486 684 1532 ἓν
694 1488 735 1546 μὲν
745 1486 780 1533 ότι
791 1488 918 1535 ὑπεύθυνον
930 1487 986 1536 ὄντα
995 1491 1035 1538 τόν

287 1557 437 1618 Δημοσθένην
450 1555 597 1616 ἐστεφάνωσε
614 1560 656 1603 τού
671 1555 744 1617 νόμον
758 1556 890 1612 κελεύοντος
905 1559 937 1618 μὴ
953 1559 1035 1613 ἐξεῖναι

287 1628 413 1676 ὑπεύθυνον
423 1627 525 1690 ἄρχοντα
537 1631 673 1685 στεφανοῦν,
683 1629 733 1688 περὶ
742 1627 837 1681 οὐσίας·
847 1628 952 1688 δεύτερον
964 1631 987 1677 οὲ
1001 1632 1035 1679 ότι

287 1699 310 1747 ἰν
327 1704 361 1760 τῷ
377 1698 463 1758 θεάτρῳ
478 1697 598 1759 ἀνεκήρυξε
612 1701 651 1745 τόν
666 1699 777 1756 στέροινον
789 1697 974 1760 ἀπαγορεύοντος
989 1707 1033 1749 τοῦ

286 1770 359 1831 νόμον
377 1770 464 1830 μηδένα
478 1773 605 1826 στεφανοῦν
617 1767 640 1815 ἐν
656 1771 690 1827 τῷ
709 1766 813 1828 θεάτρῳ,
830 1770 881 1829 περὶ
896 1769 1033 1827 ποιότητος·

286 1841 362 1901 τρίτον
374 1839 413 1886 καί
423 1839 564 1896 τελευταῖον,
578 1838 614 1884 ότι
626 1837 703 1883 seire
712 1838 784 1896 ψευδῆ
795 1838 894 1900 ἔγραψεν
908 1839 932 1886 ἐν
946 1845 980 1900 τῷ
992 1843 1036 1902 ψη-

286 1910 397 1970 ςόσματι·
413 1909 456 1957 οὐκ
465 1909 522 1957 εἶναι
532 1909 576 1968 γὰρ
588 1908 659 1954 καλόν
673 1908 714 1954 καὶ
726 1907 812 1967 ἀγαθόν
825 1910 865 1956 τὸν
875 1913 1035 1972 especiem,

287 1981 340 2029 ούόε
354 1981 417 2035 ἄξιον
428 1985 469 2027 τοῦ
480 1978 603 2039 στεράνου.
618 1978 663 2024 Καὶ
677 1982 746 2024 τοῦτο
758 1979 790 2031 εἰς
799 1979 825 2026 τὸ
837 1980 971 2041 παράνομον
981 1982 1036 2030 άνα·

288 2052 365 2110 κτέαν,
376 2050 455 2107 ἐπειδή
463 2051 502 2096 καί
512 2051 582 2110 νόμος
591 2048 653 2095 ἐστὶν
663 2049 676 2094 ό
688 2047 822 2096 κωλύωνται
831 2051 903 2111 ψενδή
911 2051 1004 2113 γράφειν
1013 2053 1036 2100 ἐν

287 2127 334 2176 τοῖς
350 2120 510 2180 θηρίομασιν·
527 2118 576 2166 ἔστι
596 2118 620 2165 δὲ
636 2118 688 2178 περὶ
700 2117 832 2174 ποιότητος.
866 2118 996 2182 Τπορορόις
1012 2122 1036 2169 δί

288 2190 400 2252 λαμόὰνει
412 2195 481 2250 τρεῖτ’
494 2189 551 2250 πρὸς
559 2187 600 2248 μίν
609 2188 635 2235 τό
645 2191 736 2247 πρῶτον
747 2190 834 2242 δισσῶς
843 2189 946 2251 ἐροῦντος
956 2195 1036 2253 Δημο-

287 2262 395 2316 σθένους,
411 2259 446 2305 ότι
456 2256 497 2305 ούκ
514 2272 544 2315 ην
556 2257 634 2320 άρχων
648 2257 701 2304 οὐδὲ
719 2258 782 2305 ἐστιν
793 2259 878 2320 άρχηή
893 2264 939 2306 τῶν
952 2268 1036 2323 τειχῶν

287 2331 401 2390 οἰκοδομή
411 2329 468 2376 ἀλλὰ
479 2328 585 2377 διακονία
598 2345 633 2383 τις
642 2329 682 2375 καὶ
694 2329 826 2389 ἐπιμελεια,
839 2331 858 2378 εἰ
871 2330 895 2377 δί
907 2333 946 2377 καί
959 2331 1036 2393 ἀρχή,

287 2406 322 2462 τῷ
331 2417 357 2459 γε
365 2398 531 2447 ἐπιδεδωκέναι
543 2399 569 2445 ἰκ
578 2403 624 2445 τῶν
632 2398 697 2446 ἰδίων
711 2401 749 2446 καί
762 2400 831 2460 μηδὲν
838 2400 952 2460 εἰληρὲναι
963 2402 990 2448 ἐκ
997 2408 1037 2460 τῆς

288 2471 377 2524 πόλεως
387 2470 430 2517 ούκ
442 2468 470 2528 ἠν
486 2468 622 2527 ὑπεύθυνος,
644 2470 694 2531 περὶ
705 2469 829 2525 ποιότητος
840 2469 969 2531 άμρότερα·
980 2473 1037 2534 πρός

288 2542 313 2589 δὲ
331 2541 427 2588 τοῦτοό
444 2538 555 2600 Αἰσχίνης
575 2537 665 2595 εἰσάγει
685 2541 840 2601 στοχαστικδν
857 2540 990 2601 κεράλαιον,
1010 2543 1038 2590 οιί

289 2614 367 2673 με’ντοι
379 2609 547 2664 κατασκευάζει
558 2623 565 2634 ·
577 2610 598 2657 εἰ
606 2610 631 2657 δί
641 2611 673 2669 μή
683 2610 738 2672 παρ’
749 2612 833 2657 ἑαυτοῦ
848 2610 973 2666 ἐπέδωκεν.
983 2612 1038 2662 ἀλλ’

289 2683 339 2744 εἶχε
350 2683 413 2743 παρὰ
421 2687 461 2738 της
472 2681 554 2742 βουλῆς
562 2682 593 2735 εἰς
601 2685 669 2728 τοῦτο
685 2680 863 2736 δέκατάλαντα,
881 2683 930 2743 περὶ
945 2682 1035 2741 οὐσίας.

292 2757 351 2814 ΙΙρός
365 2754 429 2800 δὲτὸ
448 2752 553 2815 δεύτερον
564 2751 688 2805 κεφάλαιον
701 2752 863 2812 παρεχομένου
877 2754 1038 2812 Δημοσθένους

289 2824 361 2884 νόμον
382 2824 468 2883 ἕτερον,
483 2820 609 2868 κελεύοντα
628 2818 794 2881 ἀνακηρύττειν
814 2823 837 2868 ἐν
854 2825 888 2882 τῷ
904 2821 992 2884 θεάτρῳ
1009 2826 1037 2872 ἂν

289 2894 419 2956 ψηρίσητκι
431 2894 445 2940 ό
457 2894 529 2953 δῆμος
537 2925 544 2950 ,
552 2889 662 2953 Αἰσχίνης
672 2891 700 2938 ού
710 2892 762 2953 περί
774 2896 820 2938 τῶν
832 2883 958 2940 πολιτικῶν
968 2895 1038 2944 αὐτόν

289 2964 348 3013 εἰναί
361 2980 430 3024 φησιν
442 2963 500 3011 ἀλλὰ
514 2963 566 3024 περὶ
575 2967 622 3009 τῶν
635 2961 729 3015 ξενικῶν
744 2960 871 3019 στεφάνων,
884 2964 935 3025 περὶ
947 2963 1037 3021 ούσίας.

290 3037 352 3099 Πρός
364 3036 389 3084 δὲ
400 3035 427 3083 τὸ
437 3034 513 3096 τρίτον
524 3032 597 3079 πολλὰ
610 3031 671 3078 κατά
682 3033 759 3094 μέρος.
777 3032 858 3079 Οἰεται
868 3032 892 3080 δὲ
903 3034 943 3081 τόν
957 3037 1037 3097 Δημο-

289 3107 372 3162 σθένην
382 3107 413 3160 εἰς
422 3105 537 3165 τέσσαρας
546 3102 640 3163 καιροὺς
652 3101 787 3162 διῃρηκέναι
798 3102 840 3157 τὴν
854 3101 992 3162 ἀπολογίαν,
1008 3107 1038 3154 τά

289 3175 416 3237 πράγματα
424 3174 477 3221 καθ’
489 3173 579 3221 ἕκαστα
589 3172 622 3225 εἰς
633 3169 729 3224 τούτους
741 3169 875 3232 μερίσαντα.
888 3173 984 3233 Πρῶτον
997 3175 1038 3235 μὲν

290 3246 332 3295 οὖν
343 3262 412 3307 φησιν
426 3244 486 3292 εἰναι
504 3243 586 3304 καιρὸν
599 3245 641 3288 τοῦ
653 3241 757 3300 πολέμου
768 3245 810 3288 τοῦ
824 3241 917 3302 πρῶτον
927 3247 969 3290 τοῦ
982 3245 1039 3306 πρδς

290 3318 410 3366 Φιλιππου
419 3315 471 3376 περὶ
480 3312 638 3375 Ἀμφιπόλεως
647 3312 787 3373 γενομένου,
799 3311 903 3374 δεύτερον
914 3313 939 3360 δί
950 3314 989 3361 τόν
999 3320 1039 3374 τῆς

290 3389 393 3449 εἰρήνης,
401 3385 505 3448 τρίτονδί
512 3385 552 3432 τόν
557 3387 599 3434 τοῦ
608 3383 711 3442 πολέμου
723 3387 763 3429 τού
775 3382 882 3444 δευτέρου
893 3385 933 3430 καί
943 3388 983 3441 τῆς
990 3388 1039 3447 περὶ

289 3458 434 3518 Χαιρώνειαν
442 3457 526 3514 ἥττης,
537 3455 644 3514 τέταρτον
654 3452 678 3499 δὲ
686 3451 724 3499 τόν
733 3451 837 3513 παρόντα
846 3452 926 3513 καιρὸν
937 3454 976 3502 τὸν
988 3456 1039 3518 περί

290 3534 337 3576 τῶν
343 3525 546 3588 πρόςἉλὲξανδρον
551 3521 775 3584 πολιτευμάτων.Ἐν
781 3523 822 3584 μὶν
827 3521 906 3585 olive
912 3525 998 3587 πρώτῳ
1004 3526 1040 3574 αἰ·

289 3615 339 3646 τιον
348 3596 418 3645 αὐτόν
430 3611 485 3658 φησι
497 3594 614 3657 γεγονέναι
626 3598 667 3650 τῆς
680 3593 786 3653 εἰρήνης,
796 3593 895 3654 αἰσχράς
914 3594 985 3650 ούσης
998 3596 1038 3643 καί

291 3668 388 3728 ἀδόξου,
400 3666 440 3714 καί
449 3670 490 3714 τοῦ
497 3667 528 3727 μὴ
542 3665 600 3726 μετὰ
608 3666 738 3711 κοινοῦτῶν
747 3661 988 3726 Ἐλλήνωνσυνεδρίου
998 3666 1039 3722 τήν

290 3740 357 3788 πόλιν
366 3738 438 3794 αὐτὴν
447 3737 600 3793 πεποιήσθαι’
612 3735 635 3783 ἰν
647 3734 671 3781 δὲ
678 3736 712 3793 τῷ
719 3732 818 3795 δευτέρῳ
827 3767 833 3789 ,
846 3733 882 3780 ὄτι
890 3734 930 3781 τόν
939 3734 1041 3796 πόλεμον

290 3812 331 3859 τὸν
345 3811 402 3872 πρός
413 3809 532 3857 Φίλιππον
547 3806 616 3861 αὐτὸς
627 3803 818 3867 παρεσκεύασεν·
836 3804 861 3850 ἰν
871 3805 896 3851 δὲ
908 3808 942 3865 τῷ
955 3805 1040 3868 τρίτῳ,

291 3881 327 3929 ὅτι
341 3885 383 3930 τοῦ
399 3882 461 3942 epe
476 3878 581 3938 πολέμου
599 3876 639 3923 καί
656 3879 703 3921 τῶν
718 3875 770 3936 περὶ
786 3875 885 3929 Φωκέας
901 3875 1041 3936 συμόάντων

291 3952 364 4006 αἰτιος
379 3951 484 4011 ἐγένετο,
501 3949 597 4004 καὶτῆς
614 3947 684 4003 ἥττης
700 3950 740 4001 τῆς
754 3944 778 3991 ἐν
797 3944 941 4005 Χαιρωνείᾳ,
958 3945 1041 4001 πείσας

291 4024 350 4083 μετὰ
360 4021 471 4079 θηὸαίων
481 4019 608 4081 ἀραμένους
615 4018 655 4064 τόν
664 4014 766 4076 πόλεμον
776 4015 833 4077 πρὸς
842 4013 959 4063 Φίλιππον
968 4033 1041 4078 παρα·

290 4092 414 4150 τάξασθαι
425 4092 449 4140 ἐν
463 4091 488 4139 δὲ
499 4095 533 4151 τῷ
545 4088 684 4148 τελευταίῳ,
702 4087 736 4134 ότι
748 4086 809 4133 κατὰ
821 4085 860 4133 τόν
876 4086 932 4146 πρός
941 4087 1041 4143 Ἀλέξαν

292 4166 344 4226 δρον
359 4163 403 4211 ούκ
414 4161 588 4211 ἐπολιτεύσατο.
605 4158 671 4206 hier&
682 4160 758 4204 ταῦτα
774 4157 870 4203 καὶτοῦ
888 4154 940 4218 βίου
958 4157 1041 4213 παντὸς

292 4240 334 4283 τοῦ
351 4233 512 4296 Δημοσθένους
528 4227 717 4290 κατηγορεῖ,καί
734 4226 818 4283 δήκαὶ
839 4228 1001 4288 Κτησιφῶντος
1018 4227 1041 4275 ἰν

292 4306 393 4367 ὀλίγοις,
405 4305 430 4352 ἐν
448 4303 483 4357 ele
498 4303 558 4357 ἀξιοῖ
573 4300 644 4348 αὐτὸν
659 4298 718 4359 ὑπὲρ
731 4298 815 4345 ἑαυτοῦ
830 4298 870 4345 τόν
887 4299 1042 4357 Κτησιφῶντα

292 4376 466 4438 ἀπολογεῖσθαι.
482 4375 518 4422 Τά
529 4374 570 4434 μὲν
580 4370 620 4420 οὗν
632 4369 746 4431 κιράλαια
756 4368 822 4416 ταῦτ’
835 4367 907 4416 ἐστίν.
919 4368 1001 4416 Ἐνίκοι
1017 4371 1042 4418 δὲ

291 4448 330 4498 τὸν
343 4447 423 4506 ἀγῶνα
435 4445 592 4505 Δημοσθένης.

263 4518 396 4581 Κάμρονται
415 4516 493 4577 μέντοι
507 4515 565 4569 τινὲς
580 4513 620 4562 τόν
639 4511 751 4572 Αἰσχίνην
769 4509 805 4558 ότι
818 4508 862 4557 οὐκ
873 4510 1009 4573 ἐνδιέτριψεν
1018 4511 1042 4560 ἰν

296 4595 326 4652 ιῷ
335 4586 479 4650 παρανόμῳ,
489 4586 596 4633 ἀλλὰκαὶ
605 4589 645 4642 τῆς
654 4581 771 4637 πολιτείας
781 4587 907 4642 κατηγορεῖ
914 4586 956 4629 τοῦ
964 4586 1043 4644 Δημο-

294 4662 386 4713 σθένους
394 4694 400 4717 ,
408 4659 486 4712 καλῶς
497 4654 692 4716 πεπολιτευμένου
702 4656 744 4701 τοῦ
754 4650 841 4712 ἀνδρός.
861 4652 934 4708 Αὐτὸς
944 4652 1042 4701 δὲτούν·

292 4730 370 4778 αντίον
383 4728 459 4789 τούτῳ
476 4726 577 4788 μάλιστα
591 4724 746 4786 ἰσχυρίζεται,
760 4722 835 4782 λέγων
849 4723 937 4781 οὕτως,
958 4740 969 4764 ιι
991 4722 1041 4771 ἔστι

292 4801 312 4850 δ’
317 4801 443 4849 ὑπόλοιπον
452 4799 565 4860 μίροςτῆς
571 4794 711 4859 κατηγορίας
720 4794 754 4854 ἐρ’
764 4793 785 4856 ᾧ
794 4795 896 4855 μάλιστα
903 4794 1041 4850 σπουδάζω·

292 4874 361 4919 τοῦτο
372 4868 392 4917 δ’
401 4868 464 4916 ἐστὶν
474 4870 489 4925 ἡ
499 4865 611 4929 πρόφασις
619 4865 648 4913 δι’
659 4865 686 4921 hv
694 4863 764 4913 αὐτόν
773 4863 1016 4926 άξιοίστερανούσθαι,
1030 4883 1041 4906 ν

295 4940 392 4997 Μήποτε
407 4938 433 4988 θὲ
444 4938 529 5001 ἄριστα
543 4942 614 4985 τοῦτο
630 4935 738 4998 ἔπραξεν·
758 4935 836 4992 ἐπειδὴ
850 4935 894 4997 γάρ
909 4935 958 4997 εἶχε
974 4934 1042 4991 δόξαν

293 5011 394 5073 μεγάλην
406 5011 471 5072 παρά
486 5013 544 5056 πᾶσι
559 5009 598 5056 καί
617 5006 759 5069 ύπόληψινό
775 5006 924 5066 Δημοσθένης
936 5007 968 5059 ὡς
984 5006 1042 5068 λαμ·

293 5082 399 5144 πρότατα
414 5081 620 5141 πεπολιτευμένος,
631 5077 726 5131 εἰκότως
736 5077 800 5136 ᾠήθη
809 5075 911 5138 ψυχροὺς
920 5077 960 5123 καὶ
975 5076 1041 5123 οὐδε-

293 5154 331 5208 νός
341 5151 419 5207 ἀξίους
436 5150 578 5213 φανήσεσθαι
593 5148 647 5203 τοίς
660 5148 711 5209 περὶ
727 5152 774 5195 τῶν
787 5144 928 5206 παρανόμων
944 5144 1041 5203 λόγους,

294 5223 314 5270 εἰ
320 5224 352 5286 μή
360 5221 435 5282 δόξαν,
449 5222 527 5277 αὐτοῖς
536 5220 664 5283 ἑμποιήσει
674 5219 715 5276 τήν
728 5216 841 5276 ἐναντίαν,
849 5218 880 5271 ὡς
890 5215 934 5277 άρα
944 5216 957 5262 ό
967 5218 1044 5276 Δημο·

1694 451 1861 527 (sss-ao)

1444 648 1492 701 ιιι.
1549 712 1554 718 ,

1230 820 1382 881 cottTttn
1404 822 1706 884 ctesiphontem.

1359 1015 1586 1058 ARGUMENTUM.

1082 1151 1167 1196 Scitum
1177 1151 1229 1197 lecit
1244 1153 1370 1212 ctesiphon.
1386 1161 1411 1201 ut
1425 1158 1583 1203 Demosthenes
1601 1162 1754 1209 Demosthenis
1770 1159 1786 1207 i.
1801 1167 1865 1209 em·

1109 1226 1191 1270 niensis
1207 1239 1291 1272 corona
1299 1241 1365 1274 entes
1374 1233 1504 1284 donaretur.
1515 1232 1685 1290 cartusiensem
1695 1237 1721 1284 iu
1729 1237 1818 1284 theatro
1827 1252 1866 1295 ps·

1110 1301 1152 1344 lem
1164 1300 1228 1347 heret
1236 1302 1315 1349 diebus
1324 1306 1493 1350 Bacchanalium
1508 1308 1625 1363 trsgsedis,
1635 1315 1753 1366 propterea
1763 1313 1826 1367 quusi
1840 1325 1866 1359 ee

1109 1388 1159 1432 quas
1169 1390 1182 1421 e
1192 1389 1216 1421 re
1225 1384 1297 1424 essen
1306 1381 1382 1436 popuii
1396 1381 1538 1426 Atheniensis
1546 1387 1569 1428 et
1578 1383 1652 1429 elicere
1661 1390 1684 1429 et
1696 1384 1770 1431 lseere
1777 1398 1867 1444 semper

1110 1452 1239 1506 perstiterit
1267 1455 1351 1499 scitum
1362 1455 1418 1499 illusi
1434 1456 1547 1501 menium
1555 1462 1581 1502 ut
1589 1462 1670 1503 eontra
1679 1460 1739 1514 leges
1747 1459 1833 1508 tsetssm
1842 1464 1865 1508 iu

1107 1520 1218 1573 iudicium
1229 1523 1323 1576 sumsit,
1335 1528 1358 1568 et
1368 1524 1409 1568 teis
1422 1525 1569 1570 accusationis
1583 1528 1655 1581 eapite
1666 1540 1752 1573 munus
1767 1529 1865 1586 probet.

1109 1603 1189 1646 unnim,
1206 1594 1265 1650 qnod
1281 1599 1453 1641 Demosthenem
1471 1599 1594 1644 rationibus
1612 1601 1713 1645 nendum
1733 1604 1808 1648 relatis
1827 1616 1867 1649 οο·

1110 1672 1165 1704 rone
1176 1662 1307 1707 tlonundnm
1318 1664 1457 1720 decreverit,
1477 1679 1546 1722 stetim
1562 1669 1610 1720 lege
1619 1675 1711 1713 eentum
1724 1670 1753 1715 sil
1772 1683 1803 1716 ue
1815 1675 1866 1728 uuis

1109 1729 1251 1783 ongisheim
1265 1743 1349 1775 corone
1364 1733 1488 1779 nonomine
1501 1737 1629 1791 primnusm
1640 1738 1736 1782 rationes
1746 1739 1866 1794 eetuhnet„

1108 1802 1132 1842 et
1141 1797 1184 1842 hoc
1193 1802 1260 1853 mput
1272 1799 1299 1842 ed
1308 1802 1425 1844 essentiam
1438 1813 1509 1846 ceusu
1523 1804 1818 1862 pertinetzsiterumquosl
1827 1820 1867 1852 eo·

1110 1880 1172 1912 rone
1186 1870 1322 1922 preconium
1336 1871 1359 1913 in
1372 1870 1460 1915 thesim
1476 1869 1523 1915 heri
1543 1875 1643 1926 jusserit,
1659 1887 1730 1930 onum
1752 1877 1788 1922 les
1805 1883 1867 1923 vetet

1109 1949 1242 1993 quemquam
1256 1938 1280 1980 in
1290 1939 1378 1984 theatro
1387 1940 1497 1992 coronari,
1507 1945 1528 1985 et
1540 1941 1584 1985 hoc
1594 1942 1622 1985 sel
1635 1944 1761 1998 ernestionis
1770 1948 1865 2001 emitte·

1109 2011 1155 2052 tesn
1173 2013 1258 2064 spectet
1269 2025 1274 2050 ι
1286 2009 1376 2054 tertium
1394 2013 1417 2054 et
1436 2015 1582 2063 postremum,
1591 2014 1651 2068 quoti
1669 2012 1722 2059 isles
1737 2015 1761 2058 in
1772 2019 1867 2061 decretu

1108 2078 1233 2133 scripserim
1245 2079 1362 2122 nonenim
1373 2089 1419 2122 esse
1426 2079 1512 2124 boumn
1521 2081 1593 2124 rimm
1604 2083 1782 2136 uenosshenem.
1792 2097 1867 2142 neque

1109 2155 1194 2190 corum
1204 2146 1305 2200 tignum.
1334 2150 1382 2191 lloe
1391 2159 1480 2204 quoque
1489 2153 1521 2192 est
1530 2149 1559 2193 sd
1571 2151 1658 2195 crimen
1666 2151 1694 2195 sie
1702 2151 1800 2198 decretis
1808 2165 1865 2199 euu-

1109 2219 1145 2258 tro
1156 2215 1283 2269 legesiactis
1292 2214 1447 2267 relucentium,
1457 2229 1526 2273 quum
1538 2223 1609 2263 exstet
1625 2221 1659 2265 los
1673 2232 1723 2276 spite
1742 2220 1797 2267 isles
1811 2226 1865 2269 scri·

1110 2283 1163 2328 here
1177 2284 1295 2340 prohibeat
1310 2285 1333 2327 in
1350 2283 1444 2329 decretis
1459 2299 1465 2325 ι
1484 2287 1582 2342 pertinet
1594 2293 1668 2334 eutem
1681 2288 1710 2333 sel
1726 2290 1864 2346 qualitatem

1110 2353 1236 2397 Adverserli
1251 2364 1305 2397 sero
1318 2356 1364 2396 tres
1377 2353 1516 2405 objectiones
1525 2358 1644 2413 anticipent
1657 2369 1709 2402 nem
1725 2361 1865 2417 septimum

1109 2425 1176 2477 ceput
1185 2421 1287 2466 hilariam
1297 2421 1439 2477 respondebit
1450 2425 1617 2477 Demosthenes,
1625 2438 1648 2470 se
1658 2437 1704 2470 non
1712 2425 1780 2472 luisse
1789 2431 1813 2474 ln
1821 2443 1866 2476 ms·

1109 2492 1214 2546 gistratn,
1230 2503 1272 2535 nec
1290 2492 1564 2538 nturorumretcctionem
1580 2505 1627 2539 esee
1640 2498 1807 2552 mgistratum.
1826 2503 1865 2547 sesi

1110 2562 1260 2606 ministerium
1272 2562 1386 2617 qrseddsm
1399 2569 1421 2607 et
1437 2565 1592 2614 metationem:
1603 2570 1627 2610 et
1641 2571 1667 2611 ut
1675 2568 1817 2622 mpstmtos
1828 2574 1865 2626 sit,

1111 2632 1185 2673 utnon
1202 2641 1272 2684 qtrnut
1282 2630 1310 2673 tle
1318 2642 1359 2674 suo
1370 2630 1399 2674 sit
1409 2630 1501 2685 largitus
1511 2635 1534 2674 et
1549 2643 1562 2676 e
1574 2632 1663 2686 poetico
1674 2633 1729 2677 nhil
1745 2640 1865 2694 suocperit,

1110 2709 1156 2740 non
1176 2697 1217 2740 sthi
1242 2696 1370 2741 reterendss
1383 2709 1430 2742 esse
1446 2698 1543 2742 rationes
1558 2714 1564 2742 ι
1578 2704 1698 2757 ntrsnnque
1715 2704 1813 2757 pertinet
1837 2707 1864 2751 esi

1110 2768 1247 2822 quelllstem.
1274 2771 1357 2812 contre
1367 2768 1411 2811 hoo
1428 2773 1502 2812 sutem
1513 2769 1625 2814 eschines
1633 2773 1786 2825 coniecturale
1798 2780 1867 2832 ceput

1110 2836 1213 2892 opponit,
1230 2836 1331 2891 quamvis
1341 2835 1364 2879 iel
1380 2848 1425 2880 non
1439 2836 1560 2882 ooniirsuet
1571 2852 1578 2881 ι
1589 2839 1608 2881 εἰ
1621 2839 1705 2884 nonde
1718 2851 1760 2886 suo
1773 2843 1867 2898 turpium

1110 2909 1152 2960 cst,
1162 2906 1200 2950 sed
1215 2907 1293 2950 deeem
1304 2907 1385 2951 telents
1395 2907 1422 2951 sel
1433 2908 1508 2964 operis
1520 2912 1634 2964 sumptum
1651 2916 1751 2957 sseustu
1760 2916 1866 2972 scoeplts

1111 2984 1200 3039 respicit
1210 2983 1253 3027 hoc
1264 2983 1380 3027 essentium
1395 2983 1530 3039 questionis
1560 2983 1670 3028 Adversus
1682 2984 1779 3029 alterum
1799 2991 1866 3043 caput

1110 3064 1180 3109 quum
1197 3051 1354 3097 Demosthenes
1368 3053 1433 3097 sltem
1451 3051 1553 3109 proteret
1568 3053 1639 3108 legem
1655 3064 1705 3108 quse
1718 3065 1828 3100 eoronam
1842 3058 1866 3100 iu

1113 3123 1200 3168 theatro
1211 3122 1353 3179 promulgare
1362 3122 1448 3174 juhest,
1458 3124 1476 3165 si
1483 3122 1575 3176 iusserit
1587 3123 1744 3179 populusesm
1753 3123 1867 3169 AEschioes

1111 3204 1159 3238 uon
1167 3190 1196 3236 ed
1208 3193 1296 3244 eluiem,
1307 3191 1345 3235 sed
1354 3191 1381 3235 ssi
1390 3191 1509 3248 hospitales
1517 3202 1612 3236 corones
1620 3196 1720 3248 spectare
1729 3194 1864 3238 eontemltts

1112 3260 1211 3306 retertur
1219 3261 1247 3305 sd
1256 3261 1380 3304 essentiam.
1409 3259 1443 3305 td
1452 3260 1545 3304 tertium
1559 3260 1629 3305 mults
1637 3261 1765 3316 singulatim
1775 3264 1867 3317 merit.

1112 3330 1227 3375 Existimat
1236 3333 1311 3374 eutem
1319 3328 1489 3374 Demosthenem
1497 3330 1520 3372 ln
1530 3333 1637 3383 quattuor
1646 3332 1748 3384 tempora
1754 3330 1862 3378 seleuse

1112 3410 1164 3445 nent
1173 3409 1236 3442 susm
1246 3399 1353 3454 perlitum
1360 3409 1415 3450 esse,
1423 3397 1564 3453 singulasque
1570 3399 1723 3442 actionessnss
1729 3399 1752 3443 ln
1760 3411 1786 3444 es
1792 3399 1865 3445 distri·

1112 3466 1192 3511 buisse.
1221 3467 1322 3510 Primum
1338 3477 1407 3523 porro
1421 3470 1509 3522 tempus
1523 3465 1547 3510 id
1560 3467 1591 3510 sit
1604 3477 1651 3510 esse
1665 3479 1709 3522 quo
1722 3467 1807 3512 bellum
1821 3469 1865 3525 pri·
1934 3489 1938 3497 ι

1113 3545 1175 3581 esrum
1189 3546 1241 3580 cnm
1260 3535 1364 3592 Phiiippo
1381 3533 1411 3578 tls
1428 3534 1556 3591 Amphipoli
1575 3540 1661 3588 emtum
1676 3533 1756 3589 tuerit,
1770 3535 1867 3581 sttsmm

1114 3603 1249 3661 tsotepsols.
1260 3604 1351 3648 tertium
1360 3602 1452 3648 secundi
1461 3602 1541 3646 lectitet
1553 3601 1621 3647 cledis
1629 3602 1791 3656 meronensis,
1800 3615 1867 3661 quse.

1113 3677 1160 3718 tum
1167 3673 1263 3728 deniqne
1272 3676 1360 3728 tempus
1368 3682 1472 3728 presens,
1483 3681 1559 3715 esrum
1568 3670 1653 3715 scillcet
1663 3682 1739 3716 rerum
1754 3684 1805 3728 que
1815 3673 1868 3730 ipsis

1112 3755 1165 3788 cum
1182 3743 1308 3786 Alexandro
1326 3741 1476 3786 intercedent.
1505 3741 1584 3785 Primo
1599 3741 1668 3795 igitur
1683 3746 1792 3799 tempore
1808 3744 1869 3800 pects

1113 3825 1165 3857 eum
1176 3812 1242 3858 luisse
1251 3818 1367 3857 erectorem
1374 3813 1443 3864 dicit.
1454 3812 1526 3868 turpis
1534 3815 1557 3855 et
1567 3810 1668 3865 inlsmis,
1678 3815 1745 3867 uhtue
1752 3813 1866 3859 «restitisse

1112 3884 1232 3938 quominus
1240 3894 1289 3928 eam
1299 3893 1344 3927 une
1354 3894 1406 3926 curn
1416 3882 1531 3926 communi
1541 3884 1671 3927 (trecorum
1681 3879 1786 3928 consessu
1796 3886 1867 3929 sanci-

1113 3957 1147 3997 ret
1157 3952 1234 3996 clritss
1245 3967 1251 3994 ι
1266 3949 1378 4002 εεοαπόο,
1392 3950 1476 3995 eehum
1496 3950 1645 4007 Philipplcum
1655 3951 1683 3994 sb
1697 3962 1724 3996 eo
1733 3962 1781 3996 esse
1790 3955 1868 3998 ουιιοί-

1113 4027 1197 4071 tstums
1208 4022 1287 4074 tertio,
1297 4022 1353 4065 secel
1362 4020 1415 4064 helii
1425 4024 1449 4064 et
1458 4031 1521 4064 ussus
1529 4020 1678 4065 Phocenslum
1687 4032 1776 4065 esuum
1787 4021 1867 4076 luisse,

1113 4092 1203 4146 petinet
1220 4090 1288 4136 cladis
1299 4089 1466 4141 cheronensis,
1481 4101 1551 4145 quesn
1567 4089 1707 4145 persensisset
1721 4090 1824 4143 civibus,
1842 4096 1869 4136 nt

1112 4164 1214 4217 suscepto
1229 4163 1309 4204 eontra
1323 4158 1449 4214 Philippum
1465 4157 1535 4210 helio,
1546 4169 1598 4202 cum
1611 4157 1720 4202 shehsnts
1735 4158 1796 4202 socio
1805 4172 1869 4205 sema

1110 4234 1233 4286 iungerent
1240 4246 1245 4274 ι
1252 4234 1373 4286 postremo,
1380 4228 1440 4285 quod
1447 4228 1568 4274 tilemmlri
1577 4233 1677 4285 teuspore
1685 4240 1753 4285 remp.
1760 4228 1868 4275 domuit.

1114 4305 1153 4349 llis
1164 4302 1269 4346 absolutis
1280 4304 1350 4344 totum
1360 4299 1514 4344 Demosthenis
1528 4300 1596 4343 sitem
1605 4298 1743 4351 criminetur,
1754 4299 1778 4343 in
1792 4302 1869 4357 psueh

1121 4377 1188 4420 etism
1201 4371 1357 4427 ctesiphontis.
1368 4372 1405 4415 uhi
1418 4370 1515 4426 postnlst
1524 4374 1550 4414 nt
1559 4381 1601 4426 pro
1609 4381 1633 4413 se
1642 4370 1688 4425 ipse
1697 4380 1788 4414 causent
1798 4369 1866 4414 diest.

1113 4442 1221 4499 Diespiter
1232 4441 1323 4497 qnhlcm
1334 4440 1380 4483 hec
1390 4442 1442 4483 sunt
1450 4439 1546 4493 eludicio
1554 4442 1629 4482 temen
1638 4438 1692 4482 vicit
1700 4439 1867 4483 Demosthenes.

1087 4512 1212 4558 meissen
1222 4511 1311 4566 nitidem
1325 4509 1419 4565 culpent
1435 4507 1546 4558 nonnulli,
1563 4505 1624 4561 quoti
1641 4505 1732 4551 cetusini
1745 4507 1774 4551 tie
1791 4505 1869 4552 (lecre-

1114 4583 1141 4627 tis
1151 4580 1235 4635 iegibus
1244 4577 1341 4622 heressis
1353 4588 1401 4620 nou
1418 4574 1489 4620 luerit
1504 4575 1643 4627 immoratus,
1651 4574 1689 4618 sed
1699 4578 1722 4618 et
1731 4579 1780 4619 scta
1790 4579 1870 4620 Deme·

1112 4652 1197 4697 sturnis
1214 4644 1811 4704 oppetentiumisse-mpprectaeeattmintstrsssee
1826 4646 1869 4692 llic

1113 4726 1192 4767 contre
1202 4720 1243 4765 hec
1257 4719 1280 4762 in
1294 4730 1319 4762 m
1333 4729 1399 4773 quesn
1415 4717 1509 4760 maxime
1529 4716 1617 4759 nititur.
1632 4715 1738 4770 Superest
1753 4714 1821 4768 mihi,
1832 4716 1868 4759 in-

1114 4793 1175 4849 eptit,
1189 4788 1416 4848 ptemuecusotionls,
1430 4788 1456 4830 in
1470 4800 1518 4844 quo
1530 4787 1662 4841 plurimum
1677 4784 1752 4829 studii
1762 4786 1869 4829 collem.-

1113 4877 1140 4907 τα
1155 4876 1207 4906 sero
1221 4866 1255 4905 est
1270 4872 1354 4912 coesse,
1368 4871 1410 4902 cnr
1425 4857 1495 4900 illum
1514 4855 1620 4912 Ctesipho
1633 4867 1717 4899 ceretto
1730 4854 1869 4899 ιίοιιαιιιίοιιι

1113 4933 1235 4978 emerserit.
1263 4930 1360 4974 videant
1371 4934 1446 4975 sutem
1459 4928 1532 4973 istim
1546 4938 1592 4971 nou
1603 4925 1723 4972 recessisse
1732 4925 1762 4970 sit
1775 4923 1868 4970 lectum

1113 5007 1187 5055 Quum
1196 5001 1256 5045 enim
1267 4997 1411 5053 maguntiensi
1420 5009 1499 5041 omnes
1507 4999 1565 5041 esset
1581 4993 1734 5040 Demosthenis
1747 4993 1871 5039 austerius

1113 5077 1180 5128 atque
1192 5068 1337 5120 existimatio,
1352 5072 1379 5112 nt
1393 5068 1431 5123 qul
1446 5065 1623 5124 splendidissime
1635 5075 1706 5119 resep.
1716 5062 1870 5107 stlministrss·

1114 5147 1155 5196 set,
1165 5154 1211 5186 nen
1223 5141 1306 5194 iniuria
1314 5139 1401 5195 putavit
1409 5137 1582 5193 disputationem
1593 5135 1622 5179 de
1632 5133 1729 5179 decretis
1738 5133 1821 5177 illicitis
1832 5131 1871 5177 hl·

1114 5211 1188 5268 poam
1196 5208 1244 5255 iore
1256 5212 1279 5254 et
1288 5209 1386 5258 inanem.
1399 5207 1440 5250 nist
1453 5205 1588 5252 centensium
1594 5204 1724 5260 opinionem
1730 5201 1871 5247 auditoribus
