3967 5967
785 492 849 556 xx.
872 492 975 554 ΠΡΟΣ
998 490 1206 557 ΛΕΠΤΙΝΗΝ.
1740 508 1798 558 σου

189 629 263 698 νόμος
278 626 372 681 ἐκέλευε
384 624 418 698 μὴ
431 627 542 699 δεύτερον
556 627 687 682 συνδικεῖν.
704 627 751 679 Καί
762 625 809 697 γάρ
825 626 886 689 ύπαξ
898 630 970 679 τοῦτο
1015 627 1095 697 ὄνομα
1108 629 1188 679 κεῖται
1198 632 1246 680 τῶν
1269 627 1413 693 Ἀθηναίων,
1429 630 1459 699 τῇ
1472 627 1530 699 δόξῃ
1550 630 1593 693 τῆς
1604 627 1701 690 πόλεως
1714 626 1801 700 ἐμφαί-

188 707 290 773 ποιήσας
300 706 436 772 κωλύεται,
449 707 493 759 ἵνα
505 706 539 779 μή
549 707 590 759 διά
601 706 629 761 τδ
648 708 730 779 κέρδος
739 706 866 779 ψεύδεσθαι
878 705 970 776 ἐπιχει-
1015 724 1064 759 νων
1078 709 1122 758 τοῦ
1138 708 1281 778 πράγματος
1293 707 1322 758 τδ
1337 707 1489 778 παράλογον.
1504 707 1584 760 TCV.

188 789 270 855 ρώσιν.
281 782 311 836 Ὁ
317 784 343 838 δέ
350 785 378 837 τδ
386 784 420 856 μὴ
428 788 644 857 χρῆναισυνδικεῖν
652 787 763 858 δεύτερον
773 787 879 840 καθόλου
885 785 970 854 ἐλαδε,
1050 784 1091 851 θίή
1103 785 1218 856 βούλεσθε
1230 786 1313 838 δοκεῖν
1324 784 1401 839 πλείω
1410 786 1554 851 πεποιῆσθαι
1563 783 1685 858 σπουδὴν]
1698 785 1754 839 Ἵνα
1768 785 1802 858 μή

186 861 313 924 καίυύτως
324 861 450 917 ἐκδάλλει.
487 863 519 917 Εἰ
530 867 557 919 δέ
575 885 610 926 τις
627 865 740 933 ζητήσειε
762 871 812 928 πῶς
828 865 871 918 τδν
893 866 970 933 νόμον
1017 862 1095 935 ἔχωσι
1110 868 1259 936 καταφυγεῖν
1275 863 1307 927 εἰς
1323 862 1448 935 ἀνάγκην,
1461 869 1492 935 τῇ
1507 864 1621 935 βουλήσει
1633 862 1679 929 τήν
1693 865 1801 929 ἐξουσίαν

187 939 291 994 ἐνταῦθα
312 942 402 995 τέθεικε
414 942 455 995 καί
469 943 513 996 υθκ
532 944 557 997 ἐν
572 948 602 1016 τῇ
616 942 720 1005 ἐξετάσει
733 948 777 997 τοῦ
795 943 915 1014 νομίμου,
930 942 971 997 λί-
1015 946 1154 1012 πεποίηται.
1192 946 1234 1017 Τῷ
1248 945 1274 999 δὲ
1287 946 1369 998 δοκεῖν
1384 945 1448 1015 παρὰ
1463 947 1515 1007 τοῖς
1524 945 1610 1006 ἄλλοις
1623 945 1733 1016 πονηράν
1746 946 1800 998 καθ’

186 1038 264 1091 γομεν
275 1021 313 1073 ότι
327 1020 382 1075 ούδέ
394 1020 498 1075 ἐνταῦθα
509 1021 623 1089 ἐξήτασεν
635 1025 667 1085 ὡς
676 1025 791 1094 νόμιμον,
830 1021 910 1076 Ὅπου
923 1021 984 1094 γάρ,
1016 1024 1112 1088 αύτιῖιν,
1131 1025 1206 1096 φησί,
1225 1025 1396 1096 κατασπείριτε
1410 1024 1497 1089 δόξαν,
1517 1025 1612 1095 πονηρὲ
1632 1025 1800 1095 βουληθέντες.

186 1099 215 1151 τδ
230 1099 335 1170 νόμιμον
348 1100 495 1171 κεφάλαιον,
518 1101 645 1168 ἐξήτασται
663 1105 739 1176 νόμῳ·
758 1101 861 1155 ἐνταῦθα
876 1101 902 1154 δέ
915 1101 973 1172 πρδς
1016 1105 1097 1159 TCV.

186 1177 216 1231 εδ
228 1178 370 1232 δαιδάλλειν
390 1183 465 1252 μόνον
480 1186 566 1236 τοῦτον
586 1180 696 1253 είληφεν.
735 1180 807 1233 Ἔστι
826 1179 874 1251 γάρ
888 1179 971 1234 ἐπιλο·
1053 1185 1112 1249 505,
1130 1189 1173 1237 06.
1193 1181 1257 1236 λλλ*
1273 1183 1465 1253 ἀναμνησθέντες
1478 1188 1526 1236 τῶν
1538 1183 1645 1254 καιρῶν]
1660 1181 1735 1235 Ἄλλο
1750 1181 1802 1235 ἐπι·

186 1256 245 1327 γικά
256 1258 314 1314 όλα.
326 1260 406 1314 TCV.
851 1274 865 1297 ⁰
1017 1264 1125 1335 γείρημα
1139 1261 1187 1316 ἀπδ
1205 1267 1249 1315 τοῦ
1266 1261 1332 1315 ἰσου-
1351 1261 1406 1316 εἰτα
1420 1264 1449 1316 τδ
1464 1261 1512 1316 άπδ
1532 1267 1574 1315 τοῦ
1591 1263 1703 1332 μείζονος
1716 1263 1802 1333 προσί-

223 1340 285 1404 503,
298 1356 343 1393 αι.
357 1340 474 1414 Γέλοιονή
492 1341 588 1403 Γίλοιος
607 1341 621 1394 ύ
639 1341 828 1412 καταγέλαστος·
845 1339 945 1411 γελοῖος
957 1340 972 1393 ό
1017 1342 1091 1406 θηκε,
1107 1339 1169 1394 κατά
1181 1341 1259 1411 λόγον
1273 1345 1304 1412 τῇ
1316 1339 1380 1402 τάξει
1393 1344 1530 1412 χρώμενος.
1574 1339 1676 1412 Ὁμοιοῖ
1687 1340 1735 1411 γάρ
1745 1341 1801 1402 τούς

187 1418 362 1489 γελωτοποιός.
375 1423 430 1476 ΒΥ.
1016 1420 1155 1491 εύεργέτας,
1171 1421 1226 1491 περί
1237 1418 1272 1472 ὧν
1285 1421 1299 1472 ό
1310 1421 1400 1490 λόγος,
1417 1418 1535 1491 Ἁρμοδίῳ
1549 1420 1590 1472 καί
1604 1418 1799 1491 Ἀριστογείτονι,

223 1500 283 1562 503,
297 1502 343 1554 28.
355 1500 427 1554 Ἐστι
442 1500 506 1571 γάρ,
527 1499 646 1572 ὧάνδρες
663 1499 802 1567 Ἀθηναῖοι,
823 1501 913 1562 πάντας
928 1501 971 1571 μὲν
1016 1499 1225 1570 συλλογιζόμενος
1238 1500 1329 1561 οὕτως’
1347 1500 1361 1552 ό
1375 1495 1402 1552 τύ
1416 1506 1492 1555 ποιῶν
1505 1500 1533 1553 τδ
1545 1496 1628 1552 κοινδν
1643 1499 1668 1552 ἐν
1683 1500 1801 1562 κινδύνοις

186 1578 243 1641 τούς
256 1580 359 1651 νόμους]
374 1581 433 1652 Περί
450 1585 493 1634 τοῦ
509 1583 593 1653 μέρους
606 1586 656 1633 τῶν
677 1580 799 1651 ἐπιλόγων
820 1579 897 1649 λέγει,
913 1581 971 1652 ύπερ
1017 1582 1090 1640 σώζει
1105 1577 1149 1644 τήν
1164 1579 1235 1633 πόλιν
1250 1581 1291 1632 καί
1304 1578 1347 1645 τήν
1367 1580 1549 1650 δημοκρατίαν,
1560 1580 1593 1642 ώς
1609 1580 1632 1631 οἱ
1646 1581 1701 1641 τούς
1715 1582 1801 1650 τυράν·

185 1656 251 1710 ἐστίν
267 1658 315 1714 άπδ
326 1665 369 1714 τοῦ
382 1663 497 1733 νομίμου.
511 1659 557 1712 Καί
573 1666 668 1731 πρῶτον
682 1659 781 1731 μὲνάτιδ
793 1664 836 1713 τοῦ
850 1659 970 1727 ἐναντίου,
1015 1678 1071 1720 νους
1086 1658 1272 1729 διαφθείραντες.
1311 1655 1386 1711 (λύδέν
1399 1655 1442 1711 ούν
1457 1657 1553 1721 ἀπεικδς
1571 1659 1704 1721 ἐξισοῦσθαι
1720 1659 1802 1721 αύτοῖς

185 1737 223 1789 δτι
236 1737 290 1801 ἔθος
310 1738 381 1812 ήμῶν
400 1740 509 1810 ἐχόντων
531 1743 603 1811 τιμᾶν
625 1741 680 1802 τούς
694 1739 831 1810 εύεργέτας,
847 1735 917 1801 ούτος
930 1744 972 1794 καί
1016 1737 1057 1788 καί
1070 1737 1132 1790 κατὰ
1145 1736 1186 1799 τδς
1197 1738 1278 1807 τιμάς.
1317 1737 1399 1790 Ταῦτα
1412 1739 1439 1791 δὲ
1454 1740 1587 1809 γέγραπται
1604 1739 1651 1792 ύπδ
1666 1740 1801 1810 Διαφάντου

184 1817 298 1881 κολάζειν
310 1821 462 1892 προστάττει
480 1819 505 1873 ἐν
517 1817 590 1892 ᾧκαί
604 1819 668 1872 ἄλλο
678 1819 742 1873 ἐστίν
755 1820 920 1891 ἐπιχείρημα,
933 1822 972 1873 ότι
1016 1816 1041 1870 ἐν
1055 1817 1150 1890 στήλη,
1164 1815 1257 1888 εἰρητκι
1269 1817 1295 1870 δέ
1314 1817 1360 1870 ύπδ
1373 1822 1415 1871 τοῦ
1425 1820 1522 1887 πρώτου
1532 1818 1633 1890 ῥήτορος
1643 1820 1799 1889 Φορμίωνος.

185 1897 320 1969 εύεργετεῖν
336 1899 378 1971 μέν
397 1898 473 1962 ἐξεστι
489 1898 551 1953 κατά
564 1899 620 1963 τούς
640 1902 743 1969 νόμους,
763 1897 840 1951 αἰτεῖν
858 1898 884 1952 δὲ
898 1900 971 1970 χάριν
1014 1899 1094 1952 ch.

184 1976 230 2030 ούκ
249 1977 326 2041 ἐξεστι
345 1980 407 2033 κατά
421 1981 463 2033 τὸν
482 1981 599 2033 Λεπτίνου
613 1982 699 2051 νόμον.
737 1976 801 2032 Είτα
816 1984 851 2051 τῷ
869 1978 969 2050 ἀτόπῳ,
1052 1981 1113 2040 506,
1129 1977 1155 2029 3.
1170 1974 1205 2028 Ού
1217 1974 1265 2047 γάρ
1275 1976 1368 2029 ἐνεστιν
1380 1976 1506 2047 εύορκεῖν]
1517 1975 1697 2047 ’Λποφαίνεται,
1708 1978 1751 2030 ίνα
1766 1979 1799 2048 μη

186 2057 255 2113 ἀλλά
271 2063 416 2133 μνησθέντες
428 2066 477 2114 τῶν
494 2065 584 2130 καιρῶν
602 2061 658 2130 παρ’
673 2060 714 2121 οθς
731 2058 756 2110 οί
769 2059 914 2120 πεπονθότες
932 2052 968 2113 εύ.
1016 2058 1146 2127 μερισθῶσι
1162 2054 1206 2122 τήν
1216 2058 1320 2128 γνώμην
1330 2055 1489 2120 οίδικασταλ,
1502 2057 1535 2119 ώς
1546 2056 1592 2129 άρα
1604 2055 1669 2110 ἐστὶν
1680 2056 1799 2128 εύορκεῖν,

184 2139 249 2194 Εἶτα
260 2147 295 2213 τῷ
308 2140 356 2196 ἀπδ
368 2145 411 2195 τοῦ
431 2142 557 2212 μείζονος,
572 2141 610 2193 ύτι
624 2138 653 2207 νὴ
665 2140 710 2192 Δία
723 2138 792 2193 τουτί
806 2144 916 2192 τοιοῦτον
929 2138 970 2192 ἐλ-
1015 2138 1061 2188 κάν
1079 2137 1162 2206 ἔτερόν
1176 2155 1200 2189 τι
1212 2137 1344 2205 δράσασιν.
1358 2137 1438 2189 TCV.

184 2221 248 2282 πίζει
262 2223 347 2293 πόρον.
385 2221 433 2273 Καὶ
452 2221 563 2292 γίγνεται
581 2219 643 2273 κατά
659 2218 704 2285 τὴν
723 2218 883 2286 πηλικότητα·
906 2217 969 2271 ἴδιον
982 2276 985 2285 ,
1052 2216 1111 2279 506,
1124 2221 1149 2279 4,
1162 2215 1212 2268 θύκ
1226 2215 1355 2268 ἐνιτοῦτον
1370 2212 1437 2284 ἐχειν
1447 2213 1543 2284 καλῶς]
1555 2213 1703 2284 βουλόμενος
1715 2213 1801 2277 αύτούς

184 2299 330 2371 γὰρποιότης
342 2299 382 2352 καί
398 2303 481 2370 μειοῦν
499 2298 540 2351 καί
552 2297 640 2358 αὔξειν.
682 2296 747 2351 Ἀλλ’
768 2297 811 2351 ούκ
829 2297 881 2350 ἐστι
895 2298 969 2351 πόλε·
1014 2300 1049 2366 τῷ
1066 2294 1152 2365 ἀδήλῳ
1165 2300 1208 2347 τοῦ
1224 2294 1357 2365 μέλλοντος
1372 2292 1405 2355 είς
1420 2291 1527 2362 ἀγωνίαν
1542 2291 1583 2344 καί
1597 2290 1706 2363 ταραχήν
1720 2292 1796 2365 ίμδα-

186 2399 231 2449 μσς
241 2379 405 2450 ούδ’δκαιρδς
419 2378 528 2449 φοόερός.
566 2378 654 2448 Διόπερ
670 2376 726 2431 οθδέ
739 2378 861 2449 μεγίστων
878 2377 970 2448 εύεργε.
1013 2373 1067 2426 λεῖν
1082 2375 1181 2445 συνάγει
1197 2374 1252 2435 τούς
1271 2374 1315 2425 δύο
1329 2374 1432 2444 χρόνους
1456 2371 1519 2424 κατά
1537 2371 1580 2425 τδν
1604 2373 1700 2443 νόμον,
1717 2371 1798 2443 ἀρχὴν

183 2460 300 2530 τημάτων
317 2458 417 2524 ἡπόλις
434 2458 522 2510 δεῖται.
563 2455 609 2510 Ἐν
624 2453 645 2528 ᾧ
661 2455 820 2522 τδκατάτὴν
834 2450 910 2522 ήτταν
923 2461 969 2509 Λα-
1014 2453 1080 2524 αύτῷ
1092 2458 1136 2507 τοῦ
1151 2455 1295 2524 πράγματος
1315 2452 1424 2506 ἐντεῦθεν
1437 2451 1591 2522 ποιούμενος.
1629 2451 1701 2505 Ἔστι
1714 2450 1800 2506 δέἀπδ

182 2538 344 2609 κεδαιμονίων
359 2536 403 2603 τήν
423 2537 448 2589 ἐν
461 2535 588 2606 Λεύκτροις
604 2536 645 2589 καί
659 2535 687 2589 τδ
701 2535 763 2588 κατά
783 2536 909 2588 Διονύσιον
923 2556 968 2590 πα-
1013 2538 1057 2586 τοῦ
1070 2535 1176 2604 νομίμου
1190 2533 1322 2604 κεφαλαίου
1331 2533 1362 2584 τδ
1374 2531 1491 2602 ἐννόημα.
1530 2530 1742 2604 Συντρέχειδέτῷ
1755 2552 1801 2586 πα-

182 2617 319 2687 ράδειγμα,
346 2617 384 2668 ότι
404 2617 446 2668 δεῖ
464 2613 604 2686 ἀνθρώπους
625 2615 697 2676 όντας
720 2616 856 2684 προσδοκᾶν
876 2616 917 2667 καί
939 2614 969 2668 τά
1014 2612 1125 2682 ρελθόντι
1139 2614 1228 2678 δῆθεν,
1242 2612 1286 2664 ἵνα
1300 2610 1333 2682 μὴ
1349 2612 1428 2663 δοκῶν
1443 2612 1506 2681 άγαν
1522 2610 1670 2681 φιλονεικεῖν
1686 2610 1733 2685 ἔχῃ
1747 2632 1800 2665 πει·

182 2701 295 2749 τοιαῦτα.
343 2693 415 2747 Μετά
429 2694 455 2747 δέ
471 2692 515 2760 τὴν
528 2693 703 2765 συμπλήρωσιν
718 2694 810 2747 τούτων
826 2700 874 2747 τῶν
887 2697 968 2747 τόπων
1013 2693 1130 2763 θομένους
1146 2691 1257 2762 περὶτοῦ
1278 2689 1430 2761 μέλλοντος,
1446 2688 1543 2760 λέγων,
1567 2689 1625 2758 μηδ’
1644 2690 1674 2741 δν
1693 2692 1802 2745 τοιοῦτοί

184 2771 334 2833 ἀντεξέτασιν
346 2771 475 2836 πεποίηται
489 2769 530 2823 καί
547 2770 732 2839 ἀντιπαράθεσιν
749 2776 798 2822 τῶν
817 2771 970 2842 συμόησομέ
1013 2789 1076 2833 τινες
1095 2773 1224 2842 γένωνται,
1263 2770 1299 2821 Δι’
1312 2765 1349 2821 ὧν
1362 2767 1410 2839 γάρ
1424 2770 1556 2839 συνέδραμε
1573 2771 1604 2838 τῇ
1626 2767 1701 2839 ἀρετῇ
1720 2768 1799 2821 αύτῶν

184 2870 233 2904 νων
247 2851 271 2913 ἐξ
283 2849 395 2920 ἐκατέρου
410 2849 495 2920 νόμου·
512 2842 541 2914 ής
552 2849 705 2919 παραθέσεως
717 2848 733 2914 ή
745 2846 809 2919 ἀρχή
825 2871 836 2898 ιι
851 2850 968 2921 σκέψασθε
1012 2846 1043 2902 τά
1057 2850 1173 2921 πρεσόεῖα
1187 2850 1314 2913 δεδωκώς,
1328 2848 1368 2899 διδ
1378 2848 1470 2900 τούτων
1480 2847 1641 2909 άπαιτεῖτοῖς
1652 2847 1682 2900 τά
1695 2847 1736 2900 ίσα
1746 2849 1798 2902 ἐπι-

185 2951 199 2978 ιι
216 2929 366 3000 παράλληλα
376 2928 418 2981 καί
431 2928 563 2999 λογίσασθε
576 2927 632 2997 παρ’
643 2926 703 2998 ύμῖν
715 2927 807 2990 αὐτοῖς.
825 2951 836 2978 ν
850 2929 931 2981 TCV.
1011 2929 1175 2998 δεικνυμένοις
1185 2928 1214 2980 τδ
1226 2928 1330 2980 δίκαιον.
1345 2927 1422 2979 TCV.

220 3012 282 3076 504,
298 3016 339 3065 16.
356 3009 507 3077 Ἓνέκάοτῳ
519 3010 617 3079 τίμημα
625 3007 744 3080 ύπάρχει]
763 3007 826 3062 ’Λντί
839 3013 882 3063 τοῦ
892 3028 967 3062 κατα·
1049 3009 1110 3073 506,
1125 3025 1167 3061 10.
1178 3007 1252 3071 Ὅτι,
1269 3004 1299 3071 νὴ
1313 3007 1374 3070 Δία,
1390 3006 1472 3075 πόρρω
1495 3007 1538 3057 τοῦ
1553 3004 1597 3075 τι]
1617 3001 1683 3056 ’Λλλ’
1702 3000 1756 3073 ἐρεῖ
1765 3003 1798 3065 ὡς

181 3089 237 3157 δίκη
255 3092 308 3152 τοῖς
321 3091 497 3160 κακουργοῦσι,
512 3085 588 3159 μηδέν
609 3085 695 3140 πλέον.
733 3087 763 3139 Οί
777 3087 803 3140 δέ
823 3086 865 3149 τάς
878 3088 969 3159 δωρεάς
1010 3086 1056 3139 ούκ
1068 3086 1120 3140 ἐστι
1131 3086 1254 3157 πόλεμος,
1276 3082 1331 3136 ούδὲ
1346 3083 1427 3154 καιρδς
1444 3081 1598 3151 παρενοχλεῖ
1606 3081 1729 3150 χαλεπὸς,
1743 3080 1799 3133 ούδέ

182 3166 305 3232 αἰτοῦντες
320 3169 395 3223 πλέον
409 3173 458 3220 τῶν
471 3167 612 3237 κακούργων
626 3165 783 3228 κολάζονται.
823 3166 966 3237 Κάκεῖμέν,
1011 3162 1135 3227 κίνδυνος·
1160 3165 1216 3217 ύθεν
1238 3161 1266 3215 ού
1284 3164 1363 3214 δεῖται
1385 3162 1502 3214 τοιούτων
1528 3158 1659 3230 εύεργετών
1680 3157 1695 3225 ή
1717 3158 1796 3220 πόλις,

180 3246 224 3301 ἐάν
237 3249 377 3312 τιςδικαίως
386 3246 527 3319 ἀποκτείνῃ,
539 3246 640 3308 ἐξέστω
653 3245 756 3300 ἐνταῦθα
765 3246 801 3311 δέ,
815 3248 859 3299 κᾶν
870 3248 967 3309 δικαίως
1013 3244 1089 3314 Βαρδς
1102 3241 1211 3312 όλόγος·
1227 3240 1256 3292 ού
1275 3238 1323 3309 γάρ
1338 3236 1392 3292 εἷπε
1407 3240 1489 3309 πόρρω
1508 3242 1551 3290 τοῦ
1567 3256 1591 3290 τι
1603 3237 1690 3290 παθεῖν
1707 3236 1796 3307 ἐσμέν,

182 3347 217 3391 τις
229 3328 335 3403 αἰτήσῃ,
350 3328 501 3391 κολαζέσθω.
512 3327 594 3380 Tw.
1011 3321 1079 3373 ἀλλὰ
1101 3324 1145 3374 τοῦ
1168 3318 1292 3382 ἐλπίζειν,
1313 3318 1357 3370 ίνα
1372 3317 1421 3389 ἔχῃ
1438 3318 1511 3369 λῦσαι
1536 3318 1589 3377 τοῖς
1605 3315 1796 3386 παραδείγμασι.

218 3409 279 3473 504,
297 3426 342 3462 22.
365 3407 462 3477 ’Λτιμος
482 3405 561 3470 ἔστω,
576 3405 653 3475 φησί,
673 3404 750 3471 καίή
772 3403 842 3457 ούσία
859 3405 967 3475 δημοσία
1007 3401 1091 3454 ch.

182 3485 266 3559 ἔστω]
286 3484 316 3540 ‘0
329 3487 370 3540 καί
383 3486 515 3556 σύνδεσμος
529 3483 584 3537 ἀντὶ
600 3483 670 3550 τούῆ
686 3485 852 3545 διαζευκτικοῦ
870 3486 965 3549 κεῖται,
1047 3479 1109 3540 506,
1127 3494 1168 3530 ιι.
1185 3474 1231 3527 Kal
1244 3470 1329 3544 είημέν
1344 3491 1389 3542 γε,
1403 3469 1425 3525 ὦ
1438 3472 1523 3542 ἄιδρίς
1545 3468 1684 3541 Ἀθηναῖοί]
1700 3469 1797 3532 Ηθξαῑῠ

180 3566 224 3619 ἵνα
237 3563 266 3639 ή·
283 3565 393 3637 ἀτιμοςή
410 3563 506 3631 ήούσέα
519 3564 636 3634 δημοσία.
651 3564 732 3616 TCV.
1011 3557 1054 3629 μέν
1066 3557 1107 3609 διδ
1117 3556 1146 3609 τδ
1159 3556 1276 3627 μέγεθος,
1291 3552 1324 3614 ώς
1336 3551 1480 3622 φιλόπολις,
1495 3549 1604 3635 ἐμφαίνει
1619 3550 1645 3601 δέ
1659 3550 1697 3602 ότι
1712 3548 1795 3620 εθχῆς,

218 3644 279 3709 504,
295 3645 339 3699 23.
351 3641 427 3697 Εἶναι
437 3641 463 3695 δέ
475 3642 516 3695 καὶ
530 3641 639 3704 ἐνδείξεις
652 3642 693 3694 καὶ
702 3639 852 3711 ἀπαγωγὰς]
867 3639 965 3693 Ἔνδει-
1010 3637 1039 3691 ού
1056 3640 1150 3708 νόμου,
1169 3636 1270 3705 δύναμις
1283 3632 1314 3686 τά
1325 3634 1374 3685 τῶν
1389 3631 1516 3702 λογισμῶν
1532 3628 1593 3683 ἐστί.
1607 3629 1688 3682 TCV.

180 3722 229 3788 ξις,
245 3723 384 3794 ἀπολογία,
399 3718 515 3783 καίεἰδος
527 3722 687 3793 κατηγορίας·
704 3719 826 3791 ἀπαγωγὴ
841 3719 898 3787 δὴή
917 3727 965 3773 τῶν
1046 3719 1106 3780 506,
1123 3732 1165 3769 εκ.
1181 3712 1257 3767 ’Λλλά
1274 3711 1323 3783 χρή
1337 3731 1366 3783 γε
1381 3709 1520 3781 ἀνθρώπους
1535 3708 1622 3779 ὄντας]
1644 3705 1715 3759 Μῐτέ
1727 3706 1797 3777 φῑδῦ·

180 3803 325 3874 κακούργων
342 3803 402 3873 πρδς
414 3802 470 3863 τούς
493 3801 581 3854 ἕνδεκα
600 3802 741 3872 παράδοσις.
778 3799 809 3852 Οί
833 3799 859 3852 δέ
880 3800 966 3852 ἐνδεκα
1009 3797 1093 3868 σοφίας
1108 3794 1137 3848 τά
1158 3792 1318 3864 ἐνθυμήματα
1337 3790 1379 3843 καί
1399 3788 1558 3858 ἀνθρωπίνων
1578 3785 1796 3855 λογισμῦν,όταν

180 3883 301 3954 ἄρχοντες
316 3881 457 3948 Ἀθήνησιν,
471 3876 676 3952 οίςπαρεδίδοντο
688 3880 712 3932 οί
726 3878 759 3941 εἰς
773 3881 878 3933 θάνατον
892 3898 966 3932 κατα·
1011 3875 1133 3937 αἰτοῦντες
1144 3873 1175 3926 τά
1194 3870 1276 3944 ἀγαθά
1287 3870 1328 3923 καί
1339 3869 1394 3939 περί
1409 3874 1457 3921 τῶν
1472 3866 1589 3921 ἐναντίων
1602 3862 1636 3935 μή
1657 3863 1794 3925 ἀπελπίζω-

179 3963 342 4027 δικασθέντες,
358 3962 436 4018 BFY.
452 3953 569 4022 Ἔνδειξις
586 3961 667 4031 ὄνομα
687 3960 754 4027 δίκης
765 3958 828 4013 κατά
842 3964 891 4012 τῶν
913 3957 964 4012 ἀτί·
1012 3974 1071 4027 μεν·
1088 3954 1179 4025 νεμεσᾷ
1191 3948 1386 4023 γάρόδαίμυιν,
1399 3949 1457 4000 ὅταν
1472 3943 1667 4014 δῑαῐῑθῶμὸθθκ
1682 3940 1796 3996 omme

180 4062 234 4113 μων
253 4044 295 4096 καὶ
313 4042 478 4096 οίδικούντωνΙ
498 4040 619 4112 ἐπαγωγὴ
638 4039 664 4092 δέ
687 4038 749 4093 κατά
772 4044 820 4093 τῶν
842 4037 964 4091 κλεπτῶν.
1008 4036 1102 4106 φαῦλον
1116 4031 1206 4104 [ούδένή
1219 4028 1458 4101 πεισόμενοι.Τ(Ν.

178 4124 260 4178 Τίζν,
1047 4116 1108 4179 506,
1129 4117 1170 4171 14.
1196 4109 1359 4182 Προσδυκοῖν]
1378 4107 1519 4175 Σημείωσαι
1543 4103 1582 4155 δτι
1603 4099 1739 4169 ἀδιαφόρως
1761 4102 1796 4168 τῷ

217 4201 277 4266 504,
294 4220 338 4271 ²7.
353 4201 447 4255 Ούκοῦν
459 4203 514 4274 τρία
527 4203 654 4274 τιμήματα
667 4204 762 4270 ταῦτα]
775 4201 919 4271 Σορίζεται,
934 4200 963 4253 τδ
1010 4194 1147 4266 προσδοκᾶν
1161 4192 1202 4244 καί
1213 4196 1249 4262 τῷ
1262 4189 1368 4249 ἐλπίέῑῑί
1383 4189 1484 4255 mm·
1500 4183 1550 4236 BP·

180 4281 207 4333 ἓν
219 4282 274 4350 τρία
284 4287 371 4334 ποιῶν.
385 4283 467 4335 TCV.
1016 4280 1018 4283 ’
1046 4276 1106 4337 506,
1129 4273 1169 4326 ι5,
1185 4271 1270 4323 Πάντα
1284 4266 1438 4336 ἀνθρώπινα]
1452 4266 1480 4317 τδ
1493 4261 1567 4331 μηδὲν
1583 4256 1738 4318 ἐπελπίίῑῑθι
1755 4255 1794 4307 θῐῑ

217 4362 278 4425 505,
295 4364 337 4424 14.
351 4360 481 4432 Χέρνιόος]
495 4360 523 4412 ού
535 4364 579 4414 τοῦ
592 4360 696 4425 ύδατος,
719 4359 786 4412 ἀλλά
796 4364 839 4413 τού
851 4358 963 4431 ἀγγείου.
1010 4353 1041 4405 τέ
1055 4352 1194 4423 ἀνθρώπινα
1210 4347 1372 4419 εύμετάύολα,
1385 4345 1460 4397 ΒΥΡ.
1769 4413 1775 4429 γ

179 4441 261 4495 TCV·
1047 4435 1108 4495 506,
1125 4436 1166 4484 τό.
1181 4428 1243 4481 (55δέ
1259 4426 1306 4498 γάρ
1316 4427 1345 4476 ἀν
1357 4419 1544 4492 Λακεδαιμόνιοί
1557 4419 1632 4484 ποτε]
1645 4416 1724 4468 Τοῦτο
1736 4431 1795 4482 προς

217 4519 339 4588 505,19.
359 4515 424 4571 Εἶτα
443 4516 641 4588 άποκτεῖναιμέν
657 4518 771 4589 δικαίας]
798 4516 965 4589 Ἐπιχείρημα
1010 4515 1038 4567 τδ
1060 4505 1236 4578 άνωέχειτὴν
1258 4503 1397 4575 ἀναφοράν,
1420 4501 1446 4555 ἐν
1468 4496 1490 4571 ᾧ
1515 4498 1560 4569 ἔφη
1582 4519 1593 4547 ν
1618 4496 1794 4591 πόρρωτνῧτῑ

180 4594 230 4651 ἐπδ
246 4599 290 4650 τοῦ
308 4594 419 4649 ἐναντίου
432 4595 485 4647 κατ’
510 4594 596 4665 ἀμφω·
623 4595 664 4647 καί
678 4595 716 4647 δτι
732 4593 800 4656 ἐθσυς
819 4596 889 4657 ὄντος
910 4596 966 4656 τούς
1014 4616 1024 4641 ι
1047 4595 1156 4645 τοιοῦτον
1171 4588 1277 4648 ἐλπίζειν
1294 4583 1380 4655 ἐσμὲν,
1395 4604 1405 4630 ι
1419 4582 1462 4633 ἵνα
1476 4579 1635 4649 ἆπῡόρίθθταῑ
1652 4596 1663 4624 “
1679 4571 1794 4675 mmm·

180 4673 408 4747 ῑθῑρῖἐῐαςῗῳᾶθν
426 4669 497 4734 Οὗτοί
516 4673 557 4726 καί
569 4672 683 4734 κολάζειν
697 4674 854 4742 κρυστάττει,
872 4674 913 4725 καί
927 4675 965 4726 ότι
1013 4696 1023 4716 ι
1044 4673 1074 4722 ἂν
1087 4665 1276 4738 Λακεδαιμόνιοί
1298 4680 1356 4717 ποτε
1372 4661 1475 4728 ήλπιζον
1497 4657 1530 4752 τίς
1551 4660 1652 4752 τοιαῦτα
1670 4655 1785 4725 πράγματ

180 4755 289 4828 ἀναιρεῖν
303 4754 380 4817 ἐξεστι
392 4752 456 4806 κατά
470 4752 524 4815 τούς
535 4752 624 4820 νόμους
635 4752 761 4804 Λεπτίνου.
777 4751 855 4805 TCV.
1012 4773 1023 4799 ι
1044 4749 1181 4821 ἀφίξεσθαι,
1197 4768 1207 4793 ν
1226 4743 1301 4813 ἀούγΙ
1312 4743 1419 4815 ήρμοττε
1432 4738 1473 4790 διά
1487 4756 1531 4802 την
1546 4736 1698 4799 ευνοιαν-τής
1707 4732 1792 4802 πατρί-

183 4884 184 4887 ,
216 4836 277 4903 505,
293 4852 337 4889 21.
353 4833 415 4887 Ούτι
429 4832 527 4894 δικαίως
544 4830 594 4885 οὔθ’
613 4830 745 4897 διαυσοῦν]
759 4831 794 4882 Τδ
811 4829 853 4900 μίν
867 4827 907 4882 ἐπὶ
921 4831 964 4881 τοῦ
1010 4832 1051 4892 δος
1065 4828 1132 4890 εύθύς
1144 4825 1318 4896 ἀποκρίνασθαι
1332 4822 1372 4874 διά
1384 4821 1412 4874 τδ
1426 4818 1563 4889 δύσφημον.
1600 4815 1737 4882 Τοιγαροῦν
1746 4830 1793 4865 πα·

179 4918 273 4971 δικαίου
290 4916 387 4982 δῆλον,
403 4913 432 4967 τδ
447 4913 473 4966 δέ
486 4911 538 4966 οὔθ’
552 4910 663 4965 δπωσούν
677 4911 711 4972 ώς
726 4910 802 4963 ἐνίοτε
816 4910 910 4979 θαρρῶν
924 4908 965 4960 καί
1010 4908 1139 4981 ρεμόαλὼν
1167 4904 1256 4972 ἠθικῶς
1274 4902 1305 4956 τά
1329 4906 1413 4972 πρῶτα
1432 4898 1488 4951 τότε
1515 4894 1544 4949 τδ
1566 4894 1659 4947 λυποῦν
1683 4890 1793 4986 ἐπήγαγε

179 4997 281 5069 σαράτδ
289 4999 383 5051 δίκαιον
399 4992 439 5046 διά
448 4994 476 5047 τδ
486 4993 606 5063 συμφέρον
619 4991 760 5053 αἰτοῦντος,
774 4988 868 5060 ἀνάγκη
880 4989 964 5041 δοῦναι
1009 4989 1151 5041 λανθάνων
1163 4983 1342 5056 ἀναμιμνήσκει
1354 4980 1380 5033 δέ
1390 4983 1432 5045 τῆς
1443 4978 1468 5032 ἐν
1483 4977 1610 5045 Λεύκτροις
1617 4991 1740 5044 συμφοράς
1752 4974 1795 5035 τῆς

179 5074 220 5128 διδ
230 5076 273 5129 τδν
286 5076 404 5128 κίνδυνον.
416 5072 496 5127 TCV.
1009 5067 1158 5133 καθελούαης
1172 5064 1216 5130 τὴν
1229 5063 1343 5142 Σπάρτην
1355 5059 1397 5113 καί
1412 5064 1461 5111 τῶν
1473 5055 1535 5108 κατὰ
1547 5055 1603 5115 τούς
1616 5051 1790 5120 Συρακοσίους·

216 5154 278 5218 505,
300 5172 345 5209 κε.
372 5154 518 5225 Μηδαμῶς,
533 5148 556 5205 ὦ
573 5150 658 5221 ἄνδρες
681 5147 818 5218 Ἀθηναῖοι]
835 5146 916 5208 Λείξας
933 5150 964 5217 τῇ
1009 5147 1163 5217 πανταχόθεν
1178 5143 1204 5196 δέ
1218 5139 1335 5203 αύξεικαί
1348 5139 1464 5200 τούτους,
1482 5133 1610 5203 ἐπειδήπερ
1624 5129 1792 5225 ἐπίγΛακοδτι.

180 5234 309 5303 παραθέσει
326 5240 374 5287 τῶν
392 5234 493 5286 δικαίων
507 5231 551 5298 τὴν
572 5230 675 5285 ἀτοπίαν
693 5234 736 5282 τοῦ
754 5230 845 5299 νόμον,
869 5230 963 5298 θαρρῶν
1010 5227 1101 5299 μονίων
1119 5225 1152 5286 ώς
1166 5225 1244 5277 όντων
1259 5221 1389 5292 γνωρίμων
1409 5215 1453 5271 ούκ
1472 5214 1578 5269 ἐδέετο·
1604 5210 1634 5264 Ἦ
1649 5212 1675 5263 δε
1697 5208 1793 5273 ούξησις

181 5311 326 5385 ‘ww‘
340 5313 437 5369 mov.
475 5311 521 5366 Δῑέ
534 5315 607 5366 τθῦἲν
620 5311 647 5364 δέ
661 5306 735 5381 ‘Hbc
747 5313 791 5362 τοῦ
805 5308 923 5379 μηδαμῶς
935 5308 964 5361 τδ
1009 5305 1057 5359 ἀπὸ
1067 5304 1181 5358 πολλῶν·
1196 5297 1441 5370 ἀπδτοῦλαμόάνειν
1450 5295 1537 5364 φόρους
1545 5290 1593 5345 ἀπδ
1605 5286 1791 5428 Κρρχηδσνίων,
