3967 5967
732 437 812 499 κει.
838 438 940 500 xm
963 437 1133 502 νοιιιον.
1555 402 1561 413 ’
1675 452 1732 507 ιιι

138 562 312 634 Ἐνιίλλαξεδί
329 565 371 621 τδν
386 567 480 639 καιρδν,
494 566 537 621 ίνα
551 564 595 635 τήν
616 563 702 623 ίαυτυθ
714 569 860 643 φιλοτιμίαν.
870 568 913 623 αύ-
956 592 959 597 ·
994 571 1055 637 566,
1071 588 1111 624 ετ.
1131 568 1205 624 Ἀλλά
1218 567 1248 638 νκ]
1259 570 1304 624 Δία
1319 568 1423 642 τριήρη]
1435 566 1517 626 Διεῖλε
1529 572 1571 635 τὰς
1584 573 1736 646 λειτουργίας

134 642 205 719 ἓήση.
241 646 296 700 Τῶν
311 646 359 719 γάρ
373 646 507 718 ἓπιτρόεαον
523 645 648 718 λεγόντων
660 646 699 701 ότι
714 648 747 711 εἰς
757 647 802 715 τήν
817 668 911 721 συμμο·
956 648 999 711 τάς
1013 649 1057 721 μίν
1071 649 1104 712 εἰς
1117 651 1146 705 τδ
1158 649 1309 722 ἀναγκαῖον,
1321 651 1365 714 τάς
1374 650 1401 705 δί
1415 650 1449 714 είς
1462 651 1491 705 τδ
1505 651 1631 717 ίκούσιον,
1645 654 1736 716 αίτινες

132 725 188 794 ρίαν
205 724 345 794 ἰξαναλώθη
365 725 397 779 τά
416 726 534 797 χρήματα
547 725 754 798 λειτουργούντων
770 728 841 800 ἡμῶν
854 728 913 800 θπίρ
955 728 998 781 καί
1005 729 1142 802 φιλοτιμίαι
1153 729 1278 801 λίγονται.
1315 731 1433 802 Διασύρας
1443 726 1486 785 οδν
1500 730 1574 785 αύτδν
1585 732 1618 795 εἰς
1633 732 1734 797 ἰκείνας,

133 805 177 869 τῆς
195 806 238 871 σῆς
257 802 347 867 οἰκίας,
363 804 520 875 Δημοσθίνης
534 805 608 875 φησίν
629 806 667 859 ότι
684 804 726 861 ότε
745 804 911 879 ἀπεστερήθην
956 804 1070 879 βούλεται
1084 808 1191 881 καλπερί
1205 813 1249 877 τῆς
1262 808 1392 873 ίπεδόσεως
1407 809 1494 867 εἰπεῖν.
1532 812 1648 866 Λυπεῖδί
1661 812 1735 866 αύτδν

132 886 181 934 τῶν
191 883 335 954 χρημάτων,
351 882 407 936 τότε
419 879 530 954 ἠρξάμην
541 883 702 956 λειτουργεῖν.
954 882 972 952 ί]
983 885 1127 958 φιλοτιμία,
1147 889 1190 941 καί
1202 888 1242 941 διὰ
1256 892 1329 942 τοῦτο
1343 887 1461 960 ἀπίτεμιν
1475 889 1550 956 αύτήν
1563 890 1613 945 ἀπδ
1623 897 1672 946 τῶν
1688 892 1735 944 ἀλ·

168 961 241 1023 565,
260 964 300 1017 τό.
315 959 362 1013 Καί
376 956 414 1015 ών
427 960 521 1015 δίκαιον
535 955 566 1028 ήν
585 981 616 1035 με
628 962 824 1037 δοκιμασθίντα]
837 964 910 1018 Δακι·
954 963 1007 1018 λων
1024 965 1199 1038 λειτουργιῶν,
1221 966 1265 1019 ίνα
1278 968 1436 1038 γυμνωθιῖσα
1454 970 1509 1022 καθ’
1528 969 1616 1037 ίαυτην
1635 970 1735 1025 ἀοθενε·

131 1039 254 1108 μασθίντα
267 1039 322 1095 ἀντί
333 1044 377 1094 τοῦ
389 1038 423 1102 εἰς
434 1038 522 1111 ἀνδρας
534 1041 656 1111 ταχθίντα
669 1041 755 1096 λαθεῖν
770 1043 801 1098 τά
811 1048 911 1116 πατρῷα
954 1044 1026 1116 στίρα
1038 1047 1159 1119 φανῇκαί
1179 1044 1240 1118 μηδί
1256 1047 1384 1117 πρόσχωσι
1397 1052 1433 1119 τῷ
1446 1050 1559 1102 δοκοῦντι
1572 1050 1679 1122 λαμπρῷ
1691 1055 1736 1104 τοῦ

130 1117 196 1187 παρὰ
214 1124 264 1173 τῶν
281 1118 426 1190 ίπιτρόπυν.
452 1119 514 1173 Τότε
525 1119 573 1192 γάρ
586 1120 743 1194 ἀπελάμ5σνε
757 1120 801 1189 τήν
813 1122 908 1188 ούαίαν,
954 1122 1067 1179 Μειδίου.
1104 1125 1168 1196 [ίρός
1181 1125 1275 1187 τούτοις
1288 1124 1330 1178 καί
1347 1122 1393 1190 τήν
1409 1126 1551 1198 φιλοτιμίαν
1571 1128 1687 1183 καθεῖλεν
1708 1127 1735 1182 ἰκ

129 1196 172 1250 δτι
183 1198 239 1260 τούς
250 1198 351 1270 δφήθους
361 1198 516 1270 ίδοκίμαζον.
953 1201 1075 1256 πλειόνων
1088 1203 1172 1256 τόπων
1185 1202 1226 1256 καί
1240 1202 1356 1256 δείκνυσιν
1369 1203 1408 1257 ότι
1426 1203 1455 1258 ού
1472 1206 1600 1279 φιλοτιμία
1612 1207 1642 1261 τδ
1658 1226 1735 1281 γεγο-

167 1275 232 1341 565,
248 1294 292 1332 τε.
305 1279 347 1341 Τίς
356 1273 400 1331 οθν
413 1276 429 1344 η
442 1277 601 1350 λαμπρότης]
616 1277 688 1350 Ἄπιρ
701 1279 812 1347 ὤκνησεν
827 1278 851 1341 ίξ
866 1278 909 1352 ἀρ·
954 1278 1010 1345 νδς,
1024 1279 1089 1332 ἀλλά
1102 1281 1177 1350 τίχνη
1192 1279 1233 1334 καί
1244 1282 1360 1352 σόφισμα

129 1356 190 1422 χῆς,
205 1356 243 1408 ότι
255 1356 296 1408 δια
307 1355 351 1423 τήν
366 1358 518 1429 περιφάνειαν
530 1358 573 1410 καί
586 1356 631 1424 τήν
643 1357 805 1430 λαμπρότητα
817 1360 910 1413 δίκαιον
979 1359 1051 1424 Ι566,
1065 1375 1107 1412 12.
1118 1357 1256 1431 θρυλήσει]
1271 1358 1384 1429 Συνεχῶς
1396 1358 1469 1421 λίξει.

129 1431 202 1487 αύτδν
217 1434 371 1504 αίδισθῆναι,
385 1441 462 1491 ταῦτα
472 1440 515 1489 νῦν
530 1433 609 1500 εἰπιν,
623 1438 665 1491 ότι
678 1435 798 1500 ἀπίδειξεν
815 1438 854 1492 ότι
865 1438 911 1509 μά·
990 1436 1051 1502 566,
1070 1440 1112 1495 18.
1126 1437 1156 1489 Εἰ
1172 1437 1198 1490 δί
1211 1434 1242 1503 δὴ
1256 1437 1347 1500 δειλίας
1360 1439 1401 1491 καί
1420 1437 1562 1508 ἀνανδρίας]
1581 1436 1666 1505 Λύτήν
1688 1437 1735 1505 τὴν

129 1528 173 1576 την
192 1510 287 1583 ἔχουσι.
323 1516 403 1569 Τοῦτο
424 1515 479 1586 [δί]
494 1518 662 1587 περιττότερον
686 1515 740 1587 ἔχει
755 1516 770 1569 ό
787 1516 843 1587 περί
861 1522 909 1571 τῶν
953 1512 1061 1569 ίπίδοσιν
1075 1515 1119 1569 ούκ
1133 1516 1199 1588 ίχων
1214 1518 1349 1588 μίμφεσθαι
1363 1516 1410 1572 ἀπό
1423 1523 1473 1573 τῶν
1484 1518 1735 1588 παρακολουθούντων

124 1588 286 1664 Ιλειτουργιῶν
297 1596 371 1659 τόπος
382 1601 431 1649 τῶν
443 1596 633 1667 προειρημίνων,
655 1597 694 1649 δτι
714 1595 738 1649 ἰν
753 1593 853 1657 ίκιίνοις
866 1594 909 1667 μὲν
953 1591 1028 1659 αύτήν
1050 1595 1176 1665 καθαιρεῖ,
1196 1594 1239 1648 καί
1259 1595 1425 1667 παράγγελμα
1440 1594 1502 1666 ἡμῖν
1529 1598 1650 1667 παρίσχεν
1670 1598 1736 1660 δπως

129 1666 244 1729 ίκθάλλει
255 1671 300 1741 τὴν
319 1673 381 1728 αἰδῶ
386 1714 396 1740 ,
411 1674 437 1729 ἰν
450 1673 544 1737 τούτοις
553 1674 580 1728 δί
597 1674 639 1728 καί
649 1676 738 1745 φθόνον
756 1673 822 1745 αύτῷ
834 1692 909 1728 κατα·
953 1673 996 1724 δεῖ
1007 1672 1062 1742 περί
1079 1678 1128 1726 τῶν
1148 1673 1286 1728 δοκούντων
1299 1675 1382 1728 καλῶν
1401 1677 1508 1729 ποιεῖθαι
1521 1674 1564 1737 τάς
1577 1676 1734 1746 κατηγορίας.

128 1753 252 1819 σκευάζει,
268 1753 306 1817 οἷς
320 1754 403 1809 πολλὰ
416 1754 533 1826 χρήματα
544 1755 690 1824 κεκτημίνος
705 1752 738 1817 εἰς
752 1753 795 1824 μίν
809 1752 853 1820 τήν
864 1755 909 1808 πό·
954 1749 1019 1805 Αύτίι
1031 1750 1074 1822 μὲν
1085 1751 1134 1822 γὰρ
1144 1751 1172 1805 ού
1180 1751 1297 1823 προσήκει
1311 1754 1446 1824 μίμφεσθαι
1460 1752 1641 1823 (ἀναίσχυντον
1656 1753 1734 1824 γάρ),

128 1826 167 1880 λιν
187 1829 313 1903 ούδαμῶς,
332 1833 388 1904 περί
408 1832 434 1887 δί
448 1832 491 1896 τάς
510 1830 598 1903 τρυφάς
614 1830 657 1895 τὰς
676 1831 763 1887 ίαυτού
782 1832 911 1904 φιλότιμός
952 1828 1002 1884 όπδ
1013 1829 1040 1884 δὲ
1051 1836 1100 1884 τῶν
1113 1837 1285 1903 περεστατικῶν
1299 1832 1451 1888 δεαθάλλειν.
1488 1833 1560 1887 Οότω
1570 1833 1618 1906 γάρ
1632 1831 1736 1887 ἐνταῦθα

128 1905 204 1962 ίοτιν.
953 1907 1062 1980 όρήτωρ
1074 1907 1200 1977 ἰποίησεν,
1215 1909 1264 1965 ἀπδ
1277 1913 1320 1977 τῆς
1334 1909 1411 1972 αἰτίας
1427 1910 1555 1982 φαυλίσας.
1591 1909 1637 1963 Διά
1647 1910 1696 1982 γδρ
1706 1911 1738 1964 τδ

164 1985 232 2053 565,
247 1992 291 2052 μή.
313 1987 400 2043 Οἰκίαν
418 1990 577 2062 ᾠκοδόμηκεν
600 1987 742 2059 Ἐλευσῖνι]
761 1990 909 2061 Τυραννικόν
952 1987 1022 2051 δίος,
1036 1988 1124 2059 φησίν,
1139 1989 1209 2060 ώφόη
1229 1988 1373 2060 φιλότιμος,
1389 1988 1437 2043 ἀπδ
1450 1993 1494 2056 τῆς
1509 1992 1611 2061 γνώμης
1623 1990 1676 2060 μεθ’
1692 1983 1735 2056 ἧς,

127 2064 157 2118 εδ
171 2063 286 2139 ἔγκλημα
299 2069 341 2121 καί
353 2068 383 2123 τί
396 2073 439 2137 τῆς
449 2069 573 2132 πολιτείας
584 2064 642 2136 ἦθος
656 2067 820 2131 ίκύαίνοντος.
857 2067 909 2122 Ούκ
953 2064 1104 2137 ἀπδχρόνου
1118 2068 1193 2144 πότι,
1207 2067 1256 2123 ἀπδ
1270 2072 1314 2134 τῆς
1328 2067 1449 2132 ίκθάσεως
1465 2070 1490 2122 τί
1509 2069 1538 2123 τδ
1552 2068 1664 2140 συμθάνς

127 2142 157 2213 ίᾷ
167 2144 216 2216 γάρ
228 2147 356 2218 γίγνεσθαι
366 2145 411 2213 τήν
425 2150 492 2213 θίαν,
504 2145 679 2203 ίπισκοτούσαν
690 2150 749 2201 ποῖοι
760 2148 802 2201 καί
813 2146 911 2219 ίφελκο-
990 2144 1052 2211 566,
1068 2161 1113 2201 21.
1129 2146 1234 2201 ’ἀνωθεν
1246 2146 1288 2212 δί,
1302 2148 1394 2218 βραχύς
1407 2147 1455 2219 γάρ
1470 2147 1521 2202 ἔσθ’
1537 2147 1552 2202 δ
1565 2147 1656 2219 λόγος]
1674 2147 1736 2200 Bos-

128 2224 201 2292 μάνην
215 2231 264 2279 τῶν
278 2226 363 2281 ἀλλων
382 2228 439 2291 τοδς
455 2227 638 2300 δφθαλμοθςιίί
659 2233 695 2299 ‘ff’
707 2226 861 2299 ἀφαιρεῖσθαι
873 2233 910 2301 τῷ
953 2223 1023 2278 λεται
1035 2224 1110 2279 πάλιν
1127 2224 1173 2292 τὴν
1183 2227 1291 2282 ἐπίδοσιν
1301 2225 1347 2293 τὴν
1359 2226 1448 2281 ίαυτοῖι
1460 2232 1492 2301 τῇ
1504 2227 1661 2282 ίπιδόοιιτοῦ
1674 2229 1735 2281 Μει·

126 2301 178 2373 θψει
190 2307 233 2371 τῆς
243 2304 394 2376 οἰκοδομίας.
952 2304 1006 2357 δίου
1021 2306 1167 2377 συγκρῖναι,
1182 2308 1224 2360 καὶ
1234 2305 1275 2360 διά
1286 2310 1360 2361 τούτο
1371 2306 1541 2380 ἀναλαμδάνει
1553 2308 1610 2369 τούς
1620 2309 1734 2378 χρόνους,

163 2382 230 2448 565,
251 2390 296 2439 τό.
313 2386 362 2440 ίίάν
376 2385 469 2440 mod
485 2406 527 2441 ποι
547 2385 684 2456 βούληται]
697 2384 732 2437 Ἢ
745 2386 804 2457 πρός
821 2405 909 2456 συγγε-
952 2384 1031 2438 δοκῶν
1047 2385 1091 2456 μὲν
1108 2384 1237 2458 εύκρινείας
1255 2388 1327 2441 ίνεκα
1342 2390 1415 2441 τοῦτο
1430 2390 1528 2453 ποιεῖν,
1542 2390 1575 2460 τῇ
1594 2384 1736 2460 δίάληθείφ

44 2526 47 2531 Ι
126 2462 187 2524 νεῖς,
202 2461 464 2536 ήιίςχωρία,ίναμὴ
478 2466 510 2519 δι’
524 2464 656 2530 εύσίθιιαν,
671 2463 738 2518 ἀλλά
758 2464 798 2517 διά
812 2463 904 2536 τρυφὴν
953 2462 993 2519 ίπί
1008 2464 1052 2518 τὸν
1066 2466 1150 2536 καιρδν
1163 2464 1313 2538 ἀναδραμεῖν
1328 2463 1615 2539 βαυλόμενος,ίνῷτήν
1629 2466 1736 2522 ίπίδοσιν

126 2539 224 2609 μᾶλλον
235 2543 347 2614 γίγνοιτο
363 2543 380 2611 ί]
397 2547 490 2610 κτῆσις.
952 2541 1024 2604 αύτδς
1038 2543 1155 2610 πεποίηκε
1168 2543 1272 2597 τούτων.

163 2619 229 2686 565,
244 2637 288 2690 ²7·
307 2620 365 2675 Ἐπί
384 2626 428 2675 τοῦ
441 2622 529 2675 λευκοῦ
549 2621 651 2692 ζεύγους
666 2624 710 2675 τοῦ
729 2620 756 2674 ίκ
770 2621 906 2691 Σικυῶνος]
988 2622 1051 2687 566,
1063 2637 1108 2676 22.
1128 2621 1260 2695 Ἐγένοντο
1272 2621 1305 2684 εἰς
1315 2620 1420 2675 Βύδοιαν
1432 2621 1565 2695 διαδόσεις]
1584 2620 1736 2695 Ἀπαριθμεῖ-

127 2694 173 2748 ίίαί
184 2701 258 2751 τοῦτο
267 2702 355 2769 τρυφῆς
363 2699 427 2770 όμοῦ
440 2700 482 2752 καί
494 2702 637 2769 τυραννικῆς
654 2697 746 2760 ίννοίας
759 2700 905 2770 τεκμήριον·
951 2719 992 2755 ται
1003 2700 1105 2756 πολλῶν
1120 2701 1180 2756 ἰτῶν
1195 2701 1312 2773 είοφορίιίν
1325 2700 1367 2754 καί
1385 2699 1517 2755 ἰπιδόσιων
1530 2702 1643 2773 καιρούς,
1659 2701 1685 2756 ἰν
1698 2701 1737 2765 οίς

125 2779 214 2846 τρυφῆς
226 2776 279 2847 μίν,
292 2779 332 2832 ότι
341 2778 383 2831 κεί
394 2781 481 2851 ζεῦγος
491 2778 533 2833 καί
544 2776 642 2842 λευκόν,
657 2777 731 2832 όπότι
744 2778 786 2831 καί
796 2778 826 2833 τδ
840 2778 910 2832 ίππο-
953 2779 984 2834 οδ
1001 2782 1112 2851 φαίνεται
1125 2781 1229 2844 ἐνδείξας
1242 2780 1330 2834 ίεωτοῦ
1342 2777 1387 2845 τήν
1397 2779 1540 2850 φιλοτιμίαν
1558 2781 1668 2843 Μειδίας.
1705 2781 1739 2834 Εἰ

127 2857 226 2926 τροφεῖν
247 2856 303 2910 τότε
322 2856 444 2927 χαλεπδν,
464 2857 606 2928 τυραννικόν
626 2856 653 2911 δί
673 2856 702 2911 εδ
725 2855 752 2910 ίκ
770 2857 906 2919 Σικυῶνος·
952 2857 978 2911 δί
994 2857 1020 2913 ίν
1036 2858 1136 2922 ίκιίνοις
1148 2857 1267 2923 ίπίδωιιε,
1283 2857 1336 2912 νυνί
1348 2857 1375 2912 δί
1386 2860 1461 2912 τοῦτο
1475 2857 1589 2926 ίποίησε,
1606 2860 1735 2913 ωιίττεσθε

128 2933 281 3004 ίτυραννεῖτο
294 2935 343 3007 γίιρ
361 2934 462 3003 ἡπόλις
476 2935 574 3005 ίκιίνη,
592 2935 655 2990 οίδί
673 2941 766 3006 πρῶτοι
778 2938 909 3009 γενόμενοι
952 2935 997 3005 τήν
1014 2936 1111 3004 αἰτίαν,
1130 2939 1162 2991 δι’
1176 2939 1206 3006 ἣν
1227 2936 1372 3010 ἠναγκάσθη
1391 2940 1466 2991 τοῦτο
1481 2939 1570 2992 ποιεῖν.
1608 2938 1664 3000 ίίῶς
1681 2938 1737 2993 ίπέ·

125 3013 238 3084 τύραννοι
250 3013 276 3068 ἐν
290 3015 394 3069 Σικυῶνι
407 3015 504 3078 λευκοῖς
514 3014 626 3088 ἡμιόνοις
639 3012 786 3087 ίχρήσαντο.
814 3016 908 3071 Ούκούν
951 3018 1046 3083 δωκενς
1060 3018 1118 3090 λίγι
1133 3038 1189 3090 μοι,
1203 3017 1278 3088 φησί,
1294 3016 1337 3070 τδν
1350 3017 1440 3088 τρόπον
1451 3020 1495 3083 τῆς
1504 3015 1643 3079 ἐπιδόσεως.

126 3093 255 3160 συνήθειαν
268 3090 339 3156 οὗτος
350 3097 438 3149 κτᾶται
453 3095 512 3166 πρδς
524 3095 581 3157 τούς
600 3095 744 3167 τυράννους,
759 3096 834 3168 ζεύγη
851 3098 907 3169 παρ’
988 3096 1050 3159 566,
1061 3097 1106 3149 23.
1119 3095 1218 3148 Τούτων
1233 3088 1318 3162 ούκήν
1332 3093 1448 3159 Μειδίας,
1463 3093 1522 3146 ἀλλ’
1536 3093 1602 3166 ἰγίυ]
1616 3094 1736 3149 Τδνσκο-

125 3171 363 3246 αύτῶνιίνούμενος.
951 3174 997 3229 πδν
1008 3172 1033 3237 it
1045 3173 1154 3246 ἀνάγκης
1165 3173 1317 3245 ἰπλήρωσεν.
1355 3169 1622 3245 Σίπεγίιρίτιυίκήν
1635 3173 1737 3237 Μειδίας

162 3252 208 3305 ίίαί
221 3255 285 3324 τρεῖς
297 3252 463 3325 ἀκολούθους]
475 3251 527 3307 Ούκ
540 3251 596 3321 ἰξήν
616 3252 680 3325 παρὰ
693 3254 747 3316 τοῖς
774 3251 908 3321 Ἀθηναίοις
952 3253 1088 3320 όίπιδοίις,
1103 3257 1184 3325 ῶσπερ
1202 3251 1415 3322 δίίπιζητοῦντος
1427 3257 1472 3307 τοῦ
1489 3251 1623 3325 ἀκροατοῦ,
1642 3255 1679 3317 τίς
1690 3248 1736 3307 οδν

125 3328 202 3401 ἀργόν
222 3333 315 3403 τρίφειν
335 3330 442 3399 οίκίτην,
460 3331 544 3402 διόπερ
557 3330 582 3384 υί
597 3330 640 3403 μίν
659 3331 822 3398 αύλοπυιούς,
841 3332 866 3387 οί
881 3333 908 3388 δί
951 3328 999 3401 ἦν,
1014 3335 1161 3404 τιροσίθηκεν
1178 3332 1263 3386 «ἀλλ’
1273 3332 1333 3405 ίγώ.
1353 3354 1366 3384 ν

127 3410 318 3480 μαχαιροποιοδς
330 3409 403 3482 εἰχον
417 3409 473 3472 τοίις
487 3409 606 3476 δούλους,
621 3409 722 3472 Μειδίας
733 3409 760 3465 δί
779 3412 909 3476 τοσούτους
987 3412 1048 3477 566,
1068 3415 1113 3476 τί.
1139 3411 1186 3464 Μαί
1199 3410 1386 3482 συντριήραρχος
1403 3405 1435 3477 ἦν
1449 3430 1491 3482 μοι
1505 3409 1627 3484 Φιλῖνος]
1641 3410 1736 3484 Ὥσπερ

126 3486 215 3559 ἀργούς
226 3491 349 3562 περιάγων
362 3491 418 3554 τοδς
430 3491 560 3562 τυράννους
571 3494 692 3563 μιμεῖται,
703 3492 908 3566 δορυφορούμενος
950 3490 1092 3562 προσθήκην
1102 3490 1158 3544 τινὰ
1174 3490 1218 3545 τδν
1231 3489 1339 3543 Φιλῖνον
1354 3489 1469 3557 ίποίησε,
1481 3490 1593 3561 δεντίρου
1604 3492 1734 3562 μνησθείς,

125 3564 173 3619 ύπδ
185 3571 234 3620 τῶν
249 3566 359 3622 οἰκετῶν.
950 3569 984 3631 ώς
994 3568 1068 3623 αἰτοῦ
1078 3569 1122 3642 μίν
1134 3569 1258 3632 ίπιδόντος
1269 3567 1315 3635 τήν
1329 3572 1390 3621 ναῦν
1397 3607 1406 3632 ,
1417 3567 1510 3622 ίκείνου
1521 3568 1548 3623 δί
1560 3568 1735 3642 ἀπλῶςσυνερ·

163 3644 228 3708 565,
240 3648 286 3701 αθ.
298 3645 345 3698 Διά
357 3649 401 3712 τῆς
415 3644 507 3717 ἀγορᾶς
527 3645 614 3717 συόεῖ]
632 3645 669 3699 Τδ
686 3644 819 3718 ίνθρυπτον
833 3649 908 3704 αύτοῦ
950 3652 1064 3719 γοῦντος.

126 3724 168 3776 καί
179 3722 303 3794 βλωιῶδις
314 3724 451 3778 δεαθάλλει.
487 3722 539 3792 Τήν
550 3724 644 3796 ἀγοράν
655 3725 763 3797 θορνῦῶν
777 3728 907 3782 καίαο5ῶι
988 3727 1050 3793 566,
1064 3730 1109 3781 26.
1135 3726 1220 3780 Καίτοι
1240 3727 1283 3780 τόν
1301 3745 1331 3799 γε
1345 3725 1375 3794 δε]
1389 3725 1538 3799 φιλότιμον]
1553 3727 1608 3790 Πῶς
1620 3726 1693 3790 αύτδς
1709 3727 1736 3782 ίν

126 3800 182 3862 τούς
203 3798 369 3864 ἀπαντῶντας.
405 3802 441 3855 Τδ
454 3801 482 3856 δί
502 3823 514 3853 ε
536 3801 610 3856 συδεῖ
626 3796 638 3853 ιι
656 3806 776 3873 συνεχοῦς
791 3804 909 3870 κινήσεως
951 3807 1039 3869 πάσαις
1055 3804 1195 3878 μηίπιδοίις
1210 3807 1294 3878 ίτιρον
1315 3808 1448 3878 μίμφιταις
1466 3808 1505 3860 δτι
1518 3806 1621 3861 πλείονα
1632 3808 1736 3876 πεποίη-

126 3880 266 3950 τεκμιίριον,
280 3880 349 3935 ίνθεν
359 3881 402 3934 καί
413 3881 501 3944 σόθους
510 3881 567 3944 τοῦς
575 3879 689 3952 σατύρους
699 3879 764 3952 παρά
772 3880 803 3937 εδ
813 3883 905 3936 σοθεῖν
951 3906 992 3941 ται
1005 3884 1113 3953 σπουδήν
1124 3886 1203 3949 δείξαι
1218 3887 1262 3940 τόν
1276 3886 1379 3940 Μειδίαν
1390 3885 1424 3959 μή
1437 3887 1499 3941 ὄντα
1517 3887 1663 3960 φιλότιμον,
1675 3887 1735 3940 ἀλλ’
1810 3912 1814 3919 ·

126 3961 316 4026 κινητικώτατον
327 3961 376 4032 γάρ
386 3960 451 4015 ίστιν
461 3960 487 4016 ίν
498 3963 551 4023 τοῖς
561 3962 650 4033 ζώοις·
664 3960 707 4013 καί
722 3959 764 4013 διά
783 3966 856 4017 τοῦτο
867 3964 909 4017 καί
952 3963 1047 4020 ίεείνου
1060 3964 1146 4019 ίαυτδν
1159 3965 1357 4037 φιλοτιμότερον.

126 4040 198 4103 τοδςσ
208 4041 308 4113 σαύρους
319 4041 405 4105 αθτοίυς
416 4042 491 4104 σόδας
504 4041 610 4113 ίχοντας
621 4040 764 4112 γράφουσιν.
988 4044 1050 4109 566,
1064 4048 1109 4100 κθ.
1122 4045 1206 4116 Τρίται
1216 4047 1297 4099 τοίνυν
1310 4040 1381 4099 αόται
1395 4047 1403 4117 ]
1419 4045 1528 4111 (λύκοῦν,
1540 4043 1611 4109 εἷπε,
1628 4046 1670 4100 καί
1689 4044 1736 4111 τήν

163 4120 225 4186 565,
238 4137 283 4191 29.
297 4121 393 4194 ίίυμδία
403 4122 446 4175 καί
455 4120 514 4193 μετὰ
523 4120 565 4174 καί
572 4119 676 4192 φιάλας]
686 4119 780 4191 Τρυφῆς
789 4118 909 4193 θπερθαλιι
950 4122 1093 4196 φιλοτιμίαν
1107 4123 1140 4176 δι’
1161 4123 1204 4196 lp}
1219 4126 1349 4192 πεποίηκε.
1384 4123 1435 4192 Τήν
1454 4124 1503 4196 γάρ
1519 4123 1582 4196 ἐμήν
1598 4126 1667 4178 δόσιν
1681 4124 1735 4196 ἰμι·

127 4197 218 4266 λούσης
229 4196 333 4270 σημεῖον
346 4201 377 4254 τδ
387 4200 429 4254 καί
439 4199 471 4255 τὰ
487 4198 540 4268 εἰδη
555 4205 604 4254 τῶν
618 4197 769 4270 ίκπωμάτων
781 4201 908 4273 πιριεργά·
953 4200 1058 4271 μήσατο.

128 4278 221 4338 ζεσθαι.
263 4277 337 4332 ‘Pura
352 4279 379 4333 δί
392 4279 498 4351 ίπιμήκη
512 4279 617 4351 ποτήρια
628 4279 784 4350 κιρατοιιδῆ,
799 4277 851 4334 ἀνω
865 4279 908 4352 μίν
992 4277 1116 4333 Ἐνταῦθα
1132 4278 1253 4351 ίπίδωκε]
1270 4278 1327 4333 ’ίπδ
1338 4284 1382 4332 τοῦ
1401 4280 1492 4350 τρόπου
1505 4282 1616 4350 πειρᾶται
1632 4278 1736 4332 διαόάλ-

128 4355 292 4426 εύρυνόμενα,
304 4356 337 4420 είς
349 4356 391 4420 δξίι
405 4358 431 4412 δί
442 4358 564 4429 λήγοντα.
952 4358 1015 4413 λειν.
1053 4359 1088 4413 Τό
1108 4358 1157 4431 γάρ
1173 4381 1184 4409 ι
1200 4365 1252 4422 πῶς
1269 4381 1280 4408 ν
1296 4359 1352 4429 περί
1367 4359 1410 4413 τδν
1434 4359 1524 4429 τρόπον
1539 4359 1683 4430 θεωρεῖσθαι
1693 4360 1736 4413 πί-

164 4433 226 4498 566,
240 4451 264 4488 ι.
275 4433 352 4488 Ὥστε
365 4436 421 4498 τούς
428 4437 557 4507 παριόντας
567 4434 662 4490 ἀκούειν
672 4436 785 4508 ]Ούκοῖιν
797 4435 908 4490 ίκκαλεῖ·
951 4456 1036 4510 φοκεν.

128 4532 169 4566 ται
182 4512 222 4564 διά
235 4513 328 4566 τούτων
342 4513 375 4576 είς
387 4516 509 4586 συμπόσια
521 4516 576 4576 τοίνς
588 4515 766 4587 βουλομίνους,
779 4513 908 4587 ίκσυμπο-
988 4518 1050 4580 566,
1063 4532 1109 4586 29.
1123 4516 1193 4582 Πῶςς
1210 4515 1280 4588 ίντῇ
1294 4515 1372 4590 βουλῇ
1383 4516 1552 4588 γιγνομίνων]
1564 4514 1600 4567 Ού
1613 4514 1654 4568 διὰ
1664 4515 1736 4586 φιλο·

129 4594 190 4646 σίων
202 4593 247 4665 [δ’]
258 4591 360 4664 ίταιρίαι
369 4593 411 4647 καί
420 4594 578 4665 συνωμοσίαι·
592 4593 653 4666 μετά
663 4599 739 4649 ταῦτα
751 4594 778 4648 δί
788 4596 907 4666 τυραννίς.
953 4597 1037 4667 τιμίαν
1055 4593 1187 4649 ἔπίδωκεν·
1205 4594 1281 4667 ἰχρῆν
1294 4594 1343 4668 γίρ
1362 4592 1388 4648 ίν
1407 4597 1461 4656 ταῖς
1480 4595 1586 4666 πρώταις
1599 4594 1736 4649 ἔπεδόσεσιν

165 4673 227 4737 566,
238 4672 264 4728 5.
279 4672 314 4725 05
326 4671 409 4739 δήδεῖ
419 4672 450 4726 τά
460 4675 578 4744 τοιαῦτα]
594 4673 716 4726 Ἔστικαί
727 4675 819 4727 τούτων
832 4673 909 4729 ίνίοτε
953 4673 1087 4728 ἐπιδοῦναι.
1124 4672 1172 4726 ίίαί
1190 4673 1243 4726 ἔστι
1256 4677 1329 4727 τούτο
1349 4672 1398 4728 ἀπδ
1415 4677 1460 4728 τοῦ
1480 4673 1587 4744 χρόνον·
1611 4674 1736 4744 δυνάμεθα

130 4750 228 4821 καιρδς,
244 4742 419 4815 ἀλλάτδάεἰ,
437 4751 515 4823 φησί,
529 4756 607 4805 ταῦτα
620 4756 693 4825 τιμᾶν
710 4752 739 4805 ού
752 4753 909 4819 καλὸν,ούδ’
938 4752 1001 4826 γὰρ
1019 4753 1189 4822 καθαιροῦντες
1207 4752 1288 4824 λέγειν
1314 4752 1414 4807 εούδίν
1438 4755 1502 4825 μίγα
1524 4752 1553 4806 τδ
1569 4753 1732 4824 γιγνόμενον·

130 4828 170 4884 ἰπί
181 4836 236 4893 ταῖς
256 4828 327 4892 ἰδίαις
342 4829 491 4902 φιλοτιμίαις
510 4831 670 4901 αεμνύνεσθαί
684 4850 738 4885 τινα
758 4835 907 4903 συγχωρεῖν.
955 4856 967 4884 ι
988 4830 1124 4903 ἀχρῆνγάρ
1137 4830 1210 4885 αἰτόν
1223 4831 1248 4885 ίν
1262 4833 1330 4904 λιμῶ
1338 4833 1485 4903 χαρίσασθαι
1497 4830 1611 4903 μᾶλλον,
1624 4832 1663 4885 ότι
1674 4830 1736 4901 σύμ·

16 4944 33 4965 ι
130 4908 161 4961 (θί
176 4908 224 4980 γάρ
238 4910 338 4976 πίνητες
358 4908 510 4981 εύδαιμονίας
521 4909 563 4962 καί
582 4908 664 4970 αἰδοῦς
677 4908 755 4972 ἀξίαις
770 4911 909 4980 νομίζουσιν
956 4934 968 4964 ι
988 4931 1034 4972 πας
1046 4910 1061 4962 ό
1073 4912 1152 4980 δῆμος
1164 4912 1344 4982 διεφθείρετο.»

130 4987 160 5041 ού
175 4988 231 5051 τούς
245 4988 462 5060 λειτουργοῦντας,
475 4986 542 5041 ἀλλά
552 4988 608 5050 τούς
621 4993 768 5059 τρυφῶντας.
990 4992 1053 5060 567,
1070 5005 1094 5041 ι.
1108 4989 1198 5059 Παρὸν
1209 4988 1254 5043 ούκ
1269 4988 1395 5059 ίπεδίδου]
1409 4989 1444 5042 Τδ
1458 4987 1502 5060 μίν
1519 5010 1530 5038 ε
1546 4990 1630 5059 παρών
1645 5010 1656 5038 ε
1675 4991 1735 5059 πρό-

168 5068 229 5131 566,
245 5070 272 5123 8.
297 5066 332 5121 Ἦ
347 5068 491 5139 θεραπαίνας
511 5068 639 5139 τίκτηται]
660 5065 702 5129 Εἰς
722 5065 850 5137 ἀσίλγειαν
869 5068 911 5121 καί
954 5087 1064 5134 σκειται,
1078 5068 1122 5120 θνα
1144 5066 1254 5141 μήλίγη
1267 5069 1300 5131 ώς
1320 5067 1454 5140 ἀπεδήμει,
1477 5066 1506 5121 τδ
1524 5066 1550 5120 δί
1564 5066 1590 5120 ἰν
1611 5066 1737 5139 τῇβουλῇ

132 5144 200 5216 δί’φιν
214 5143 384 5213 ἀποτείνεται,
395 5148 468 5214 σκεύη
482 5146 509 5200 δὲ
521 5143 576 5200 εἶπε
588 5146 643 5216 τκρί
654 5151 703 5199 τῶν
719 5145 801 5197 κάδων
817 5145 859 5198 καί
868 5149 911 5213 τῆς
956 5168 990 5220 μη
1005 5148 1150 5201 δεδωκίναι·
1164 5146 1232 5217 ούπω
1243 5146 1291 5218 γάρ
1305 5146 1471 5217 προσίθαλλιν
1482 5146 1497 5198 5
1509 5147 1599 5217 φόθος,
1618 5151 1661 5214 τῆς
1674 5146 1735 5198 ἀνά-

117 5222 261 5299 ’ἀστρόθηί
954 5247 1015 5299 γκης
1025 5231 1069 5280 τοῦ
1081 5226 1165 5288 ίξιίναι
1181 5225 1214 5297 μὴ
1229 5230 1380 5295 καταφανοῦς
1392 5226 1533 5297 γενομίνης.
1572 5225 1633 5280 Ὅτε
1648 5226 1674 5279 δί
1692 5229 1737 5279 τοῦ
