3967 5967
242 468 299 519 658
780 455 925 516 ΣΧΟΛΙΛ
946 456 1011 516 ΕΙΣ
1032 456 1305 517 ΛίΙΛίΟΣθίίΝΗΝ.

242 614 252 640 ε
271 590 428 644 συνανάλιιισε
443 589 483 642 καί
500 590 528 642 τίν
550 590 687 659 μεμνῆσθαι
705 593 735 661 τῇ
755 590 819 663 τύχη
839 587 883 655 τήν
906 590 990 661 χάριν.
1006 612 1017 639 ν
1102 592 1162 653 501,
1178 590 1222 644 23.
1237 588 1283 643 Ιίαί
1301 589 1409 661 μάλιστα
1426 589 1450 642 οί
1470 590 1547 642 δεινοί
1563 589 1663 661 λέγειν]
1677 587 1788 654 Ἐκύολή
1800 593 1851 641 τῶν

241 694 252 720 ι
271 670 323 725 ΒΥ.
345 671 381 723 Δι’
400 667 436 722 ὧν
456 688 491 731 τις
512 670 612 731 κολάζει
631 670 721 740 σρόδρα
744 669 786 722 τδν
809 670 910 741 μοιχόν,
925 671 1018 723 δείκνυ·
1065 671 1205 738 συνηγόρων
1218 672 1261 721 τοῦ
1269 669 1394 722 Λεπτίνου·
1408 668 1503 741 έκάστῳ
1514 668 1641 730 δέοίκείως
1649 667 1754 740 άπαντᾷ.
1765 668 1839 722 ch
1842 706 1850 721 .

238 771 277 805 σιν
298 751 414 823 ώςμισεῖ
426 749 455 802 τό
468 752 580 821 πρᾶγμα·
593 750 622 802 ού
642 750 690 822 γάρ
709 751 807 821 δφιλεῖ
822 770 871 817 τις,
891 756 963 806 τοῦτο
983 772 1019 805 τι·
1101 749 1162 811 500,
1181 766 1202 803 ι.
1216 748 1246 800 Οἱ
1259 750 1331 819 νόμοι
1342 749 1364 799 δ’
1378 748 1422 800 ούκ
1442 749 1499 802 ἐῶσι
1518 749 1577 819 πρδς
1593 748 1636 800 τδν
1657 746 1748 819 αύτδν]
1767 747 1852 816 [ίαρα-

240 836 367 903 ριωρεῖται.
418 830 488 883 Ούτω
508 830 549 881 καί
562 828 610 883 &ab
624 834 667 883 τοῦ
686 829 796 884 ἐναντίου
817 833 949 898 Λεπτίνης,
965 852 1020 885 σεε·
1064 824 1144 897 γραρή
1163 828 1245 880 τελεία
1254 831 1296 894 τῆς
1308 827 1449 888 εύθυδικίας.
1487 825 1649 897 Ούπερλτῶν
1662 819 1795 878 αλτῶνούν
1811 819 1854 877 ού-

237 912 327 982 ρίσκων
341 911 397 974 το“υς
411 909 536 980 εὐεργέτας
551 915 600 962 τῶν
617 916 709 981 τιμῶν,
724 911 799 977 δῆλός
813 910 877 965 ἐστιν
893 913 926 974 ώς
939 912 966 965 οῦ
978 911 1019 964 δύ,
1065 925 1102 958 τοι
1117 905 1274 975 ἐδικάζοντο,
1287 907 1331 958 ἵνα
1343 906 1390 979 ἔχη
1402 906 1508 968 πιθανῶς
1522 905 1650 958 έκόάλλειν
1665 904 1706 957 διά
1716 908 1760 957 τοῦ
1772 905 1854 975 νόμου

238 990 383 1052 ναταίτινας
396 983 521 1042 εύποιτῖν,
538 987 603 1041 Ἰδού
612 988 660 1060 γάρ
669 988 710 1042 καί
722 992 798 1061 νόμον
808 994 918 1044 τοιοῦτον
928 993 1017 1061 τίθησι,
1065 987 1108 1055 τἠν
1123 987 1266 1043 εύθυδικίαν,
1309 986 1339 1040 ‘0
1350 987 1377 1040 δέ
1392 989 1467 1057 νόμος
1477 985 1570 1057 ούπερί
1580 991 1627 1038 τῶν
1637 983 1725 1039 αύτών.
1767 981 1852 1037 Ἐπει·

237 1071 316 1123 Τοῦτο
327 1064 388 1132 οὖν,
401 1068 489 1140 ρησλν,
503 1065 623 1138 ἠγνόησεν
638 1068 652 1119 6
666 1070 812 1138 νομοθέτης,
828 1070 869 1121 καί
880 1070 906 1131 δς
917 1071 1020 1141 ώρειλεν
1065 1071 1140 1140 δήπερ
1155 1066 1189 1132 είς
1203 1075 1250 1121 τών
1262 1066 1476 1138 ἀποστερουμένων
1487 1062 1531 1130 τὴν
1542 1062 1634 1135 δωρεάν
1644 1062 1785 1133 όλαόρίας,
1802 1061 1852 1129 ήδη

238 1148 352 1202 ἁπάντων
369 1146 594 1217 εἶναισορώτερος,
611 1146 815 1217 δπάντεςῖσρσιν
831 1147 926 1219 άγνοεῖ.
952 1152 1021 1220 Λέγω
1065 1148 1091 1202 δέ
1104 1149 1231 1204 ἐδικάσατο
1254 1147 1312 1217 πρός
1337 1144 1443 1199 αθτδνό
1465 1145 1596 1215 Λεωδάμας
1618 1143 1660 1196 καί
1679 1141 1787 1209 ἡττήθη,
1809 1141 1853 1193 διὰ

237 1225 263 1279 δὲ
277 1227 315 1281 ότι
324 1226 356 1279 δι’
365 1223 401 1279 ών
416 1226 547 1297 νομοθετεῖ
560 1223 657 1295 ἐλέγχει
668 1224 711 1291 τὴν
724 1229 827 1298 γνώμην
839 1226 912 1280 αὐτοῦ
926 1227 966 1280 διά
978 1234 1021 1281 τοῦ
1065 1230 1138 1280 τοῦτο
1152 1232 1187 1298 τῷ
1204 1226 1297 1297 Λαόρίᾳ
1313 1225 1353 1277 καί
1371 1224 1427 1285 τούς
1440 1223 1531 1284 ἄλλους
1548 1221 1733 1292 σνλλαμόάνει,
1755 1219 1796 1272 καί
1810 1218 1852 1271 ἐκ·

237 1307 324 1377 νόμον.
360 1307 500 1377 Τοιγαροῦν
514 1304 616 1374 βλάπτει
625 1308 680 1367 τούς
690 1305 814 1377 εύεργέτας
825 1308 866 1359 καί
878 1305 1020 1379 γυμνοῖτήν
1066 1305 1153 1359 όάλλει
1171 1306 1214 1358 τδν
1231 1305 1368 1375 συνήγορον
1389 1307 1432 1355 τοῦ
1445 1303 1537 1371 νόμου,
1558 1301 1655 1372 λέγων,
1677 1300 1713 1362 δίς
1730 1298 1783 1370 περί
1800 1304 1852 1351 τῶν

237 1388 341 1457 γνώμην
354 1382 395 1438 διά
409 1390 452 1438 τοῦ
464 1386 554 1437 τιθέναι
567 1388 679 1437 τοιοῦτον
689 1387 776 1455 νόμον.
789 1387 870 1438 ch.
1065 1384 1144 1437 αύτῶν
1159 1383 1188 1436 ού
1200 1385 1243 1436 δεῖ
1252 1384 1400 1444 δικάζεσθαι.
1414 1382 1495 1434 TCV.

275 1465 470 1533 501,1.Λύτδς
490 1465 615 1536 ἥμαρτεν]
643 1464 728 1536 Ὑμεῖς
742 1466 768 1518 δέ
786 1463 888 1537 ἐγνωτε.
926 1466 1021 1519 ίλύκοῦν
1102 1466 1163 1526 500,
1178 1465 1203 1517 3.
1224 1462 1287 1517 (λύτε
1300 1461 1467 1531 διαδικασίαν]
1485 1456 1658 1524 Διαδικασίαή
1679 1454 1792 1529 ἐπίκρισις
1807 1462 1854 1512 τοῦ

239 1546 281 1599 καί
292 1545 492 1616 ἐπανορθώσασθε
508 1543 595 1608 αύτδν,
609 1544 650 1597 καί
661 1550 740 1615 γνῶτε
753 1544 874 1616 λυομένου
888 1550 932 1599 τοῦ
944 1547 1021 1617 νόμου
1067 1542 1202 1611 ἐπιτηδείου
1215 1545 1273 1613 πρός
1284 1541 1437 1612 λειτουργίαν
1450 1580 1457 1604 ,
1468 1542 1498 1607 ἢν
1512 1539 1639 1592 ποιοῦνταί
1653 1557 1715 1600 τινες
1727 1540 1778 1599 τοῖς
1790 1538 1852 1609 μελ-

236 1625 266 1677 τδ
280 1623 391 1695 σράλμα.
432 1618 492 1675 Ἐάν
506 1620 533 1675 δί
549 1621 662 1692 κυρωθῇ,
679 1622 724 1674 ούα
744 1620 798 1692 έχω
815 1623 880 1684 θπως
892 1621 1019 1676 ἐπαινέσω·
1066 1623 1137 1675 λουσι
1155 1625 1293 1694 χορηγεῖν,
1315 1622 1355 1683 οθς
1376 1622 1405 1672 ἂν
1424 1620 1550 1690 ὁρισθῆναι
1571 1619 1721 1690 βούλωνται,
1740 1622 1799 1672 πότε
1812 1620 1856 1672 δεῖ

238 1712 272 1780 τῷ
288 1706 336 1778 γάρ
347 1711 415 1776 κακῷ
429 1703 632 1773 συναγωνίζεσθε.
650 1701 731 1757 TCV.
1067 1703 1219 1774 λειτουργεῖν
1231 1701 1325 1762 αὐτούς.
1345 1701 1393 1754 ΒΡ.
1405 1700 1562 1752 Φιλονεικίαν
1578 1698 1660 1761 άπλιῦς
1671 1698 1712 1751 καί
1728 1696 1852 1770 άμρισόή-

274 1789 334 1851 501,
355 1789 383 1849 ί.
404 1784 498 1855 Ψέγειν
518 1783 540 1834 δ’
562 1781 591 1835 ού
610 1779 747 1851 βούλομαι]
768 1780 847 1833 καίτοι
865 1779 931 1842 άξιον
950 1782 1019 1834 ὄντα.
1066 1802 1135 1850 τησιν
1150 1788 1198 1835 τῶν
1212 1783 1255 1833 δύο
1269 1782 1416 1850 προσώπων.
1429 1781 1511 1832 TCV.

238 1864 283 1917 Λιόι
292 1865 319 1918 δέ
332 1868 375 1917 τοῦ
390 1862 462 1929 ἤθους
480 1862 554 1916 πλέον
570 1859 643 1913 αύτδν
658 1860 767 1920 κολάζει.
778 1861 860 1912 TCV.
1102 1863 1163 1925 502,
1180 1862 1205 1914 5.
1219 1859 1251 1928 Εἰ
1265 1861 1319 1912 τότε
1332 1858 1375 1930 μὲν
1386 1858 1418 1911 τά
1432 1858 1538 1928 Λαόρίου
1547 1856 1603 1927 παρ’
1615 1855 1673 1928 ύμῖν
1687 1854 1761 1927 ἔργα]
1775 1854 1850 1919 Οίον,

273 1946 334 2009 501,
355 1950 381 1997 6.
404 1938 468 2009 Μήτ’
490 1941 561 2003 αθτδς
582 1939 653 2012 δόξης
674 1939 777 2009 βελτίων
799 1937 881 2010 εἶναι]
907 1933 977 2003 οἷον,
1001 1937 1022 1991 εί
1066 1940 1088 1994 τί
1107 1942 1211 2012 Χαόρίας
1227 1941 1301 2012 μόνος
1323 1941 1481 2011 δικαζόμενος
1503 1937 1598 2004 ἐνίκησε
1609 1937 1651 1989 τόν
1673 1938 1851 2008 Λεωδάμαντα,

236 2022 385 2093 ὠφελεῖσθαι
399 2024 459 2091 γοῦν
475 2020 556 2093 βτερος
575 2017 680 2088 ἔμελλε,
704 2016 810 2088 ρορητδν
833 2011 863 2088 ήν
885 2015 927 2069 τδν
942 2016 1021 2069 άλλυν
1067 2025 1109 2074 νῦν
1133 2021 1302 2092 προστεθέντες
1316 2019 1358 2072 καί
1380 2018 1404 2071 οί
1426 2017 1500 2069 άλλοι
1521 2016 1656 2087 εῦεργέται,
1671 2014 1853 2084 ἡττηθήσονται

237 2100 383 2173 ἁμαρτάνειν
394 2099 434 2151 διά
444 2099 486 2151 τὀν
500 2099 592 2168 ίτερον·
614 2098 655 2149 ότι
670 2095 696 2148 δέ
712 2094 844 2167 άμρότεροι
859 2096 1020 2167 βλάπτονται,
1066 2103 1138 2152 τοῦτο
1148 2100 1169 2152 δ’
1185 2099 1285 2152 άτοπον.
1301 2097 1379 2150 TCV.

236 2180 338 2251 ρευκτδν
352 2180 431 2246 πάντη
446 2179 474 2231 τὸ
488 2180 590 2250 πρᾶγμα
603 2176 754 2228 καθίσταται.
773 2178 854 2229 TCV.
1103 2179 1163 2242 502,
1180 2195 1220 2231 11.
1234 2174 1311 2238 ίλίτος
1320 2175 1401 2246 εύρετο
1412 2172 1457 2240 τήν
1470 2173 1581 2245 δωρεάν]
1596 2172 1642 2224 Καὶ
1654 2169 1702 2243 μήν
1712 2170 1758 2226 σῦκ’
1765 2171 1852 2242 είληρε

272 2266 334 2325 501,
346 2279 371 2328 9.
387 2258 463 2311 Λθτδν
481 2256 515 2309 ἐτ’
534 2256 610 2325 ύντα]
628 2255 671 2307 τόν
684 2254 813 2321 Λεπτίνην.
829 2254 976 2307 Μεταῦαίνει
990 2253 1022 2316 είς
1071 2253 1116 2321 τὴν
1132 2255 1225 2327 δωρεάν
1244 2253 1406 2326 Ἆριστορῶν,
1421 2252 1488 2305 άλλά
1501 2258 1537 2323 τῷ
1550 2252 1629 2305 θέλειν
1645 2252 1688 2305 τδν
1702 2253 1781 2323 δῆμον
1797 2253 1854 2303 δοῦ-

236 2340 318 2410 τρίτον
330 2338 459 2409 πρόσωπον
474 2334 523 2387 άπδ
532 2336 653 2404 δευτέρου.
672 2336 701 2386 Ρ.
1067 2356 1106 2387 ναι
1118 2334 1162 2402 τὴν
1174 2334 1286 2406 δωρεάν,
1302 2329 1371 2395 οὗτος
1390 2334 1517 2404 λογίζεται
1531 2332 1572 2384 καί
1584 2331 1668 2402 λέγει,
1683 2331 1770 2385 έλαόεν
1791 2332 1852 2384 ὅσον

274 2420 334 2483 501,
359 2435 400 2469 10.
425 2414 544 2481 Ἐξῆλθον
568 2419 593 2467 υί
609 2417 652 2480 τῆς
664 2413 764 2483 κρίσεως
780 2412 883 2483 χρόνοι]
906 2413 959 2464 καθ’
982 2411 1023 2473 υθς
1067 2414 1302 2487 είςτὴνπροαίρεσιν
1317 2421 1360 2466 τοῦ
1377 2415 1466 2484 δήμου.
1506 2410 1602 2464 Ἔδωκε
1616 2412 1659 2483 μὲν
1673 2410 1851 2483 γδρόδῆμος,

237 2497 371 2550 ἐκινδύνευε
393 2494 615 2566 κατηγορούμενος.
654 2492 712 2544 Κατ’
730 2490 804 2544 αθτοῦ
823 2490 850 2544 δέ
865 2495 909 2544 τοῦ
927 2494 1020 2561 νόμου,
1066 2490 1135 2557 οὗτος
1147 2496 1173 2548 δέ
1183 2494 1227 2547 οῦκ
1241 2492 1362 2561 ἠθέλησε,
1375 2493 1452 2564 ρησί,
1465 2492 1551 2544 λαόεῖν
1566 2493 1599 2553 ὡς
1612 2489 1701 2552 εὔνους.
1716 2489 1783 2543 ch
1786 2531 1792 2541 .

237 2575 339 2629 ούκατά
353 2573 562 2638 σοῦ,όκίνδυνος.
602 2571 746 2632 ίίαίτσῗνςάν
760 2570 859 2623 δύναιτο
873 2577 1021 2643 κατηγορεῖν
1103 2575 1164 2641 502,
1180 2592 1220 2644 ¹9·
1237 2574 1295 2636 Τοῖς
1307 2572 1331 2627 ἐν
1344 2571 1469 2642 Πειραιεῖ]
1484 2572 1536 2632 τοῖς
1545 2570 1696 2640 δημοτικοῖς.
1723 2566 1769 2617 Καὶ
1778 2562 1853 2627 οὗτος

237 2658 280 2709 τοῦ
289 2653 322 2727 μὴ
330 2654 487 2725 κρινομένους
502 2648 628 2704 Ἐντεῦθεν
637 2649 772 2703 κεκώλυται
782 2653 825 2715 τῆς
835 2651 950 2718 συνήθους
961 2671 1021 2722 παρ·
1066 2653 1107 2718 δέ,
1122 2656 1203 2725 ὥσπερ
1219 2652 1375 2724 Ἐπικέρδης,
1386 2653 1486 2705 δεδώκει
1500 2649 1530 2703 τά
1543 2650 1613 2703 πέντε
1624 2647 1732 2701 τάλαντα
1739 2646 1789 2717 χρή
1807 2665 1852 2698 ου-

238 2736 322 2808 ρησίας
333 2734 347 2787 6
357 2733 447 2806 ῥήτωρ.
461 2734 541 2786 TCV.
1067 2750 1103 2784 σιν
1119 2731 1152 2795 είς
1162 2732 1204 2786 τδν
1214 2732 1276 2786 κατά
1289 2740 1337 2787 τῶν
1350 2733 1474 2803 τυράννων
1484 2729 1603 2799 πόλεμον.
1619 2729 1698 2781 CI'V.

274 2817 336 2880 ύοι,
354 2831 396 2869 τυ.
412 2813 497 2881 Τούτῳ
510 2811 550 2879 δ’]
561 2816 597 2883 τῷ
610 2811 724 2883 Λεπτίνη.
739 2812 770 2864 Ρ.
1103 2814 1163 2877 502,
1179 2819 1224 2867 26.
1239 2812 1284 2865 ίίαί
1302 2810 1350 2884 μὴν
1370 2814 1470 2883 πρόργε
1483 2810 1667 2880 Κηφισόδοτον]
1690 2805 1805 2878 Ἐκάστιμ
1821 2806 1852 2859 τό

274 2894 358 2947 Καίτοι
369 2892 409 2945 καί
423 2889 488 2944 τοῦτ’
507 2887 589 2942 άκούω
600 2907 627 2941 σε
645 2887 741 2959 λέγειν]
755 2884 805 2951 Τήν
817 2888 954 2957 περιουσίαν
970 2894 1019 2941 τῶν
1068 2891 1160 2945 οἰκεῖον
1175 2890 1310 2946 ἀποδίδωσι
1334 2892 1464 2962 προσώπῳ·
1483 2888 1520 2942 ἔτι
1540 2888 1566 2941 δὲ
1580 2888 1664 2959 ἔχεται
1685 2889 1728 2952 τῆς
1748 2885 1852 2952 ὲαῦολῆς

237 2975 409 3044 δικαιωμάτων
424 2971 541 3025 Λεπτίνου
563 2967 595 3030 είς
609 2967 753 3030 άλαζυνείαν
766 2965 871 3020 διέβαλε·
887 2967 1023 3039 μᾶλλονδὲ
1066 2977 1115 3024 τῶν
1129 2973 1280 3043 συνηγόρων.
1295 2972 1372 3024 TCV.

237 3052 373 3124 περιέτρεψε
385 3055 474 3120 πικρῶς
488 3047 521 3110 εἰς
534 3048 667 3112 θπύναιαν,
683 3047 865 3118 καθαψάμενος,
879 3047 911 3108 ὣς
926 3048 954 3099 ἂν
971 3048 1023 3099 ῧῑα·
1104 3054 1165 3119 503,
1184 3070 1211 3106 2.
1227 3051 1256 3104 ssz
1269 3052 1317 3122 γίιρ
1338 3049 1517 3120 ἀπεχθάνεσθαι
1535 3049 1576 3100 δεῖ
1593 3050 1672 3116 τισιν]
1688 3040 1760 3112 Οίον,
1774 3045 1796 3099 εί
1810 3046 1851 3117 βε-

237 3133 375 3205 λυσαμίνου
394 3131 435 3183 καί
447 3128 545 3190 έκόντος
556 3128 722 3189 ύποόαλόντος
734 3126 790 3188 το“υς
803 3124 1024 3198 ἐπαγγειλαμένους
1068 3130 1195 3199 ῦούλησαί·
1207 3150 1274 3192 τινας
1293 3130 1397 3194 λυπεῖν,
1414 3127 1478 3189 όλως
1498 3127 1552 3188 τοῦς
1567 3124 1708 3187 άδιαοῦντας
1729 3124 1851 3196 ώρείλεις,

240 3210 284 3278 τήν
296 3210 456 3282 κατηγορίαν.
468 3210 549 3261 TCV.
1069 3208 1102 3282 μὴ
1115 3213 1198 3281 μέντοι
1212 3210 1268 3271 τούς
1282 3209 1310 3262 τὀ
1326 3208 1445 3278 συμρὲρον
1460 3210 1588 3268 ποιοῦντας
1604 3207 1636 3274 τῇ
1649 3204 1728 3259 πόλει.
1768 3203 1852 3256 Ιίαλδν

275 3293 336 3356 501,
354 3293 395 3344 15.
408 3287 466 3344 Ὅτι
480 3304 507 3340 σε
525 3282 553 3339 οθ
564 3288 714 3352 κατέστησαν
733 3284 767 3346 είς
778 3285 907 3356 κίνδυνον]
923 3283 1024 3346 Πάντως
1068 3290 1116 3361 γὰρ
1126 3294 1156 3362 τῇ
1170 3290 1291 3356 δεινότητι
1305 3286 1337 3349 είς
1352 3287 1381 3339 τ“ο
1395 3286 1517 3357 χρήσιμον
1533 3286 1640 3356 χρῆσθαι
1657 3283 1699 3336 καί
1716 3280 1750 3355 μὴ
1761 3282 1852 3354 zupus.

240 3372 288 3444 γάρ
303 3370 325 3425 εί
343 3368 474 3436 ἐπεξῆλθον
491 3368 547 3420 τότε
560 3367 584 3419 οί
602 3366 826 3435 κατηγορήσαντες,
844 3363 921 3426 έάλως
940 3366 969 3416 άν
982 3365 1024 3417 καί
1068 3372 1150 3424 νεσθαι
1165 3373 1216 3433 τοῖς
1224 3371 1358 3441 πράγμασι.
1376 3366 1452 3419 TCV.

239 3451 395 3512 ίκῑνῧθναυας·
413 3449 496 3502 TCV·
1105 3452 1166 3516 503,
1180 3455 1206 3515 4.
1220 3450 1283 3521 Πρὸς
1294 3449 1373 3502 τοίνυν
1387 3445 1482 3498 Δεινίαν
1494 3439 1565 3506 ούτος
1574 3441 1632 3506 ίσως
1643 3442 1709 3514 ἐρεῖ]
1722 3442 1757 3495 Τό
1772 3462 1783 3491 ι
1795 3442 1854 3504 ἴσως

276 3536 337 3596 501,
356 3548 398 3599 19.
413 3527 446 3580 Εί
464 3546 499 3589 τις
511 3526 528 3592 ἢ
542 3524 715 3594 τετελεύτηκε]
734 3522 783 3574 Τόν
802 3523 928 3576 Βάθιππον
945 3523 1022 3595 λέγει.
1073 3551 1083 3578 ι
1100 3528 1154 3599 ἐρεῖ
1164 3530 1320 3601 τριηραρχίας
1338 3550 1348 3575 ν
1372 3525 1492 3578 δείκνυσιν
1510 3522 1525 3589 ἢ
1544 3524 1582 3576 ότι
1593 3523 1626 3585 ὡς
1639 3520 1682 3575 ούχ
1698 3521 1765 3591 ἔχων
1776 3539 1852 3590 ’²90⁰'

238 3613 319 3667 TCV·
1069 3612 1174 3663 ποιεῖται
1182 3609 1264 3679 λέγειν
1276 3608 1292 3674 ἢ
1305 3608 1343 3659 δτι
1356 3601 1522 3673 ζητεῖλαόεῖν
1537 3601 1630 3673 δωρεάν
1644 3600 1683 3652 διὰ
1695 3601 1723 3652 τό
1731 3601 1853 3670 συμφέρον

276 3693 336 3754 501,
352 3705 399 3741 το.
419 3684 453 3737 Ἲί
469 3683 572 3744 πεισθείς
585 3681 632 3735 ύπδ
646 3676 826 3752 σοῦ]άργυρίῳ
839 3679 964 3747 δηλονότι,
983 3682 1025 3733 καί
1068 3687 1223 3754 τῆςςςόλνννς,
1265 3684 1293 3739 ‘0
1307 3686 1333 3739 δέ
1346 3702 1421 3755 φησι,
1436 3680 1539 3745 κάλλιόν
1554 3680 1605 3733 ἐστι
1616 3684 1659 3745 τῆς
1677 3676 1812 3748 εύεργεσίας
1825 3695 1852 3729 σε

239 3770 280 3822 διά
292 3772 364 3822 τοῦτο
389 3765 496 3831 άπέστη,
517 3762 545 3814 ού
558 3761 599 3814 διίι
616 3763 644 3815 τό
662 3758 695 3832 μὴ
714 3759 831 3814 δύνασθαι
851 3761 928 3823 δεῖξαι
945 3769 1024 3825 κακῶς
1068 3766 1161 3839 δωρεὰν
1174 3765 1251 3818 αἰτεῖν
1265 3766 1281 3832 ἢ
1296 3765 1426 3835 στερίσκειν
1438 3762 1526 3827 ταύτης
1538 3759 1593 3821 τούς
1608 3758 1739 3829 εῦεργέτας·
1752 3755 1852 3824 θστερον

240 3850 331 3920 ἔχοντα
341 3847 384 3899 τόν
393 3846 480 3914 νύμαν-
490 3843 571 3895 TCV·
925 3862 928 3867 ·
1070 3847 1151 3917 μέντοι
1165 3845 1235 3907 τιθείς
1245 3848 1275 3917 τῇ
1289 3843 1353 3905 τάξει
1363 3842 1531 3910 ἀσθενέστερον
1546 3838 1686 3905 πεποίηκεν.
1701 3836 1778 3888 TCV.

276 3926 439 3987 *ίίκαλύλιυς
453 3924 500 3977 ύπδ
519 3925 563 3974 σοῦ
585 3921 785 3991 παρεσκευάσθη]
802 3919 849 3973 θπδ
864 3924 908 3973 σοῦ
926 3919 1024 3987 ἐπείσθη
1106 3926 1166 3989 503,
1181 3943 1207 3995 7,
1232 3922 1274 3987 Ὧς
1292 3924 1378 3994 ἔμοιγε
1391 3923 1472 3990 δοκεῖ]
1497 3917 1656 3990 Ὦμολόγητο
1677 3915 1735 3987 γάρ,
1755 3913 1797 3967 καὶ
1811 3912 1853 3964 διὰ

240 4009 408 4079 κατηγορῆσαι
419 4002 460 4056 καί
469 4002 621 4067 ἆπααῑῆίαῑν
633 4000 677 4052 ἵνα
689 3998 718 4065 ὅθ
730 3999 790 4073 ἕλξις
798 4000 879 4070 λέγειν
894 4001 933 4052 ότι
950 4018 1024 4067 κατη-
1069 4008 1141 4058 τοῦτο
1157 4004 1201 4057 οθκ
1214 4003 1367 4071 ἠναντιώθη,
1382 4001 1425 4053 ίνα
1436 3997 1470 4071 μή
1481 3998 1539 4071 δόξῃ
1551 4000 1583 4069 τῇ
1598 3996 1701 4066 άληθείςι
1717 3993 1851 4066 μάχεσθαι.

240 4088 349 4160 γόρησάν
364 4104 426 4145 τινες
438 4082 485 4151 ήδη
497 4122 506 4149 ,
518 4080 596 4142 ούδείς
606 4080 632 4132 δὲ
649 4079 775 4146 ἐνίκησεν,
790 4079 866 4141 ούτως
884 4081 931 4149 ἄρα
952 4079 1026 4140 καλός
1069 4086 1149 4139 TCV.

240 4168 255 4220 6
271 4171 355 4238 νόμος.
367 4165 449 4218 TCV·
1106 4165 1166 4217 503.
1182 4179 1222 4217 12.
1239 4161 1271 4212 Ὃ
1282 4160 1308 4212 δέ
1315 4158 1345 4224 δή
1354 4160 1467 4228 μέγιστον
1481 4155 1614 4225 άπάντων]
1629 4150 1708 4224 Ὁμοῦ
1716 4151 1853 4204 λειπόντων

277 4249 338 4312 501,
354 4262 399 4299 αι.
417 4242 491 4296 ’Λλλά
509 4244 586 4295 ταῦτα
599 4239 641 4310 μέν
654 4237 710 4292 οθδέ
720 4237 801 4308 λέγειν
813 4236 908 4308 καλδν]
925 4234 1024 4302 Ἐπειδὴ
1070 4244 1242 4316 ,00οηνονοον
1254 4239 1269 4306 ἢ
1280 4236 1435 4309 παραγραφή.
1445 4236 1526 4289 TCV.

242 4318 875 4398 mmm“51052xssxpmfflffisssspsssssslficv·
1108 4322 1169 4376 503.
1201 4324 1241 4372 16.
1266 4317 1317 4370 Ούκ
1342 4315 1381 4367 ἐπί
1413 4315 1506 4373 τούτοις
1528 4310 1617 4376 τεθείς]
1642 4307 1712 4373 οἷον,
1737 4306 1853 4377 άορίστως

278 4408 340 4470 501,
356 4421 389 4458 2²
417 4402 540 4476 ᾟρηνται
559 4400 586 4454 δέ
603 4402 719 4472 τῷνόμιρ
738 4395 1025 4467 σύνδικοι]Ἐπεταιτῇ
1071 4396 1139 4464 ἐτέθη
1158 4397 1200 4449 καί
1212 4395 1255 4447 οῦκ
1267 4392 1376 4459 ἐπίτηδες
1389 4390 1428 4444 ἐπί
1440 4391 1542 4450 τούτοις·
1561 4387 1589 4439 ού
1599 4386 1646 4458 γάρ
1656 4388 1709 4460 ᾔδει
1725 4385 1853 4454 ἐσομέναις

242 4488 354 4552 ποιότητι
368 4487 412 4536 τού
432 4482 563 4552 προσώπου
580 4480 623 4531 καί
648 4477 735 4550 έτέρων
758 4477 894 4548 προσώπων
917 4477 1025 4541 ποιότης.
1071 4480 1165 4541 αὖτοὺς.
1179 4478 1259 4531 TCV.

243 4565 361 4618 Βούλεται
372 4562 420 4634 γάρ
434 4560 625 4632 περιγράψασθαι
643 4559 700 4622 τοίνς
716 4558 864 4627 συνηγόρους
880 4558 924 4607 τοῦ
938 4555 1024 4625 νόμου.
1108 4556 1169 4624 503,
1187 4572 1226 4623 ¹7·
1241 4551 1335 4620 Ὥσπερ
1350 4548 1451 4621 ἐργασία
1464 4566 1499 4608 τις
1518 4541 1552 4619 ᾖ]
1570 4543 1690 4617 Ἔργασία
1707 4543 1747 4595 διά
1759 4544 1787 4595 τό
1798 4544 1853 4611 κίρ·

243 4644 342 4707 Ἔξεστι
352 4641 380 4695 δέ
389 4645 462 4696 τοῦτσ
473 4642 570 4704 ποιεῖν,
583 4639 615 4700 ώς
627 4636 708 4700 ἐοικε,
723 4637 764 4688 καί
777 4632 905 4688 ἐκόάλλειν
919 4632 974 4694 τοῦς
988 4632 1026 4684 αί-
1071 4640 1120 4698 θος,
1135 4635 1216 4687 TCV.

246 4724 353 4792 ρεθίντας
364 4721 410 4776 ύπδ
422 4722 465 4774 τοῦ
477 4716 604 4789 δήμον,εί
613 4717 677 4788 παρά
689 4716 731 4770 τδν
742 4718 817 4787 νόμον
827 4713 907 4781 λέγειν
918 4714 1025 4765 δοκοῖεν,
1108 4715 1153 4769 Καί
1178 4711 1342 4784 συνοραντία]
1367 4707 1463 4780 άρορμὴ
1488 4710 1532 4758 τοῦ
1551 4711 1630 4768 κακῶς
1651 4710 1730 4759 ποιεῖν
1752 4701 1853 4763 ἄλλους.

243 4803 380 4873 Πληρώσας
393 4798 419 4853 δέ
436 4798 479 4853 τόν
497 4798 554 4869 περί
573 4797 703 4863 ποιότητος
723 4800 772 4848 τῖον
793 4794 929 4864 προσώπων
949 4791 1026 4862 λόγον
1071 4797 1151 4850 TCV.

245 4882 385 4953 μεταβαίνει
398 4879 435 4934 ἐπ’
451 4878 515 4931 άλλο
531 4880 601 4948 μέρος
612 4882 660 4929 τῶν
675 4875 814 4945 ἐπιλόγων,
828 4874 886 4942 ὅπερ
901 4869 965 4923 ἐστίν
980 4870 1027 4923 άπδ
1109 4875 1228 4937 50318.
1253 4867 1600 4937 Σονδικῆσαι]συμρωνῆσαι,
1639 4860 1686 4912 Καί
1703 4856 1856 4910 σύνδικοιοί

244 4966 289 5015 ταΰ
303 4960 417 5032 νομίμου.
454 4957 485 5010 θί
494 4956 542 5028 γὰρ
553 4955 665 5025 ἔπίλαγαῑ
674 4953 701 5008 θα
714 4958 762 5007 τῶν
773 4953 875 5005 τεόῑαῶν
889 4948 1027 5020 κεφαλαίων
1073 4954 1097 5007 έν
1111 4956 1163 5014 ταῖς
1176 4953 1252 5011 δίκαις
1267 4947 1362 5019 βοηθοί.
1376 4945 1451 4998 BFY.
1466 4943 1496 4995 Οἱ
1512 4944 1658 5014 συνήγοροι,
1673 4938 1732 4993 όταν
1746 4936 1857 4997 πλείονες

245 5041 425 5112 λαμῦάνονται.
465 5036 586 5089 Ἐνταῦθα
604 5035 685 5088 τοίνυν
699 5033 814 5105 προτερεῖ
832 5029 874 5102 μέν
897 5029 912 5081 6
934 5032 976 5080 τοῦ
991 5030 1028 5079 δι·
1072 5038 1164 5104 παρῶσι
1178 5031 1355 5102 ςῷπράγματι.
1368 5026 1395 5077 B.

246 5113 660 5188 uleyog-&oeffipmpltfig
674 5110 796 5175 θίίαέῒθῦ
810 5109 939 5180 προσώπω
953 5106 1027 5159 5²⁵&-
1110 5113 1170 5175 503,
1186 5096 1761 5177 σο.Τοῖςῦπάργουσινόμοιςδεῖπειθομένους]
1775 5093 1857 5155 Είςτδ
1971 5128 1972 5171 3

247 5214 331 5261 εκται,
355 5200 431 5249 ταῦτα
449 5196 478 5248 άν
503 5192 540 5261 τίη
561 5193 590 5247 τδ
603 5194 742 5256 δίκαιον-,
765 5191 848 5244 ἕπεται
861 5186 886 5240 δέ
902 5186 931 5240 τδ
945 5185 971 5239 ἐκ
985 5190 1028 5239 τού
1073 5191 1164 5244 ἄτοπον
1177 5189 1318 5259 ἀπήγαγεν,
1337 5187 1375 5238 ὅτε
1387 5185 1441 5245 τους
1460 5184 1636 5251 συνεργοῦντας
1650 5178 1720 5248 νόμῳ
1732 5174 1857 5227 πείθεσθαι

247 5272 363 5349 νομίμου.
376 5276 458 5328 TCV.
1050 5306 1056 5332 ν
1074 5270 1150 5325 καλδν
1161 5271 1211 5331 τοῖς
1219 5267 1371 5337 ύπάρχουσι,
1383 5264 1424 5317 καί
1435 5260 1467 5335 μὴ
1480 5259 1635 5332 παραόαίνειν
1647 5254 1742 5318 αύτούς.
1755 5250 1832 5314 θύτας
1841 5251 1858 5304 δ
1971 5270 1972 5335 γ
