3967 5967
643 542 1168 756 praxinus.

761 885 1043 922 4-

486 1144 509 1203 Ι.

331 1297 436 1358 ΚΑΤΑ
456 1296 663 1358 ΤΙΜΑΡΧΟΥ.

106 1511 143 1582 (Π
183 1508 218 1583 Ὦ)
417 1592 580 1640 inuentis.

102 1733 221 1790 Ἀθηναῖοι
233 1733 411 1796 πολεμήσαντες
420 1735 476 1798 πρὸς
485 1734 603 1785 Φιλιππου
611 1733 651 1783 τόν
662 1730 812 1782 Ὀλυνθιακὸν
820 1728 888 1778 πόλε-

138 1819 193 1864 μον,
204 1802 301 1866 ὕστερον
311 1802 381 1858 δόξαν
391 1803 469 1860 αὐτοῖς
481 1805 571 1866 είρήνην
581 1803 721 1860 ἐποιήσαντο
732 1802 788 1863 πρός
801 1799 887 1849 otien-

137 1887 194 1930 πον,
204 1872 246 1919 καί
256 1870 398 1933 συμμαχίαν
415 1872 479 1933 αὐτῷ
495 1873 535 1919 καί
547 1874 594 1925 τοῖς
612 1869 716 1931 ἐγγόνοις
730 1867 886 1931 ψηφισάμενοι

139 1943 246 2003 ίπεμψαν
265 1943 323 2005 πρδς
342 1942 413 1990 αίπδν
431 1943 489 1990 δι’κα
507 1942 613 2004 πρέσόιις
628 1942 681 1996 τοὺς
697 1938 887 2001 ἀποληψομένους

139 2011 195 2073 παρ’
207 2011 279 2059 αῦιοῦ
296 2012 351 2067 τοῦς
368 2011 464 2072 ὅρκους,
482 2012 506 2060 ἐν
518 2012 552 2067 ui<
567 2010 628 2069 ἦσαν
645 2009 793 2072 Δημοσθένης
810 2023 836 2055 τε
848 2007 888 2055 καί

141 2077 262 2141 Αίσχίνης.
282 2079 460 2138 Ἐπανηκοῦσης
470 2080 494 2129 δὲ
504 2086 544 2139 τῆς
552 2079 674 2142 περιοδείας
683 2078 807 2141 γράφονται
816 2092 887 2138 παρα·

140 2148 265 2210 πρεοόείας
277 2149 390 2212 Αἰσχίνην
405 2150 550 2211 Δημοσθένης
564 2165 589 2198 τε
601 2150 614 2197 ό
628 2149 703 2211 ῥήτωρ
719 2148 760 2196 καὶ
772 2146 889 2208 Τίμαρχος

141 2216 257 2280 Ἀριζήλου
269 2219 395 2279 Σφήττιος,
407 2219 520 2280 διάσημος
530 2219 563 2266 ὢν
572 2218 597 2266 iv
610 2223 639 2279 τῇ
650 2215 756 2280 πολιτεία
764 2216 805 2264 καὶ
816 2216 888 2276 δημη·

143 2291 221 2348 χορῶν
231 2289 271 2334 καί
279 2288 368 2344 πλέονή
378 2288 460 2337 ἑκατὸν
473 2288 611 2350 ψηφίσματα
622 2286 748 2349 γεγραφώς.
763 2284 890 2346 Ἐτῦγχανε

144 2353 172 2404 di
180 2357 263 2403 νεωστί
273 2357 391 2417 γεγραφὼς
400 2357 507 2418 ψήφισμα
517 2355 643 2419 βουλεύων,
652 2357 691 2404 τόν
698 2356 821 2417 ἐκφέροντα
829 2353 890 2401 ὅπλα

142 2423 202 2487 πρὸς
212 2425 329 2474 Φίλιππον
344 2424 436 2487 θανάτῳ
451 2427 597 2487 ζημιοῦσθαι.
628 2424 786 2480 Ἀποτεθείσης
796 2420 837 2471 uiis
849 2426 889 2480 τῆς

143 2500 247 2558 γραφῆς,
258 2496 311 2558 πρὶν
321 2495 361 2543 τόν
373 2495 454 2557 άγῶνα
464 2497 583 2555 εἰσελθεῖν,
600 2494 716 2557 ίγράθατο
728 2491 840 2555 Αἰσχίνης
848 2492 889 2540 τὸν

143 2566 266 2629 Τίμαρχον
277 2566 308 2618 ὡς
319 2564 494 2627 δημηγοροῦντα
504 2564 567 2628 παρὰ
580 2565 633 2620 τοὺς
644 2564 741 2626 νόμους·
756 2563 799 2611 οῦκ
809 2562 889 2618 ίξεῖναι

143 2637 191 2697 γὰρ
200 2634 263 2696 αὐτῷ
273 2634 410 2696 δημηγορεῖν
419 2634 562 2697 ήταιρηκότι.
594 2633 668 2684 Ἔνιοι
681 2633 721 2695 μιν
730 2632 770 2681 οὖν
779 2649 848 2695 φασιν
859 2635 890 2688 ὡς

145 2704 267 2765 ἀπήγξατο
276 2705 290 2751 δ
299 2703 431 2765 Τίμαρχος,
442 2704 483 2760 τήν
494 2703 569 2766 κρίσιν
579 2703 623 2767 οῦχ
633 2703 772 2765 ὑπομείνας,
783 2703 805 2750 ui
821 2702 845 2750 ti
855 2702 890 2750 δτι

145 2769 889 2836 δλσὺιήυιιόθηδτδιμοσθένηιίντῦπιρίτῆιπαριπμσδιίαι-

145 2843 218 2891 Οὖτιν
227 2842 253 2891 δι
263 2841 401 2904 περιόόητον
409 2843 437 2891 τό
447 2847 542 2905 πρᾶγμα
550 2842 649 2903 ίγίνετο,
659 2842 720 2891 ὥστε
733 2840 780 2890 άπὸ
791 2845 831 2899 τής
840 2839 890 2903 κρί·

146 2927 209 2967 σιως
222 2911 307 2967 ταύτης
320 2912 374 2967 τοὺς
385 2910 481 2974 πόρνους
494 2915 521 2960 τό
539 2911 620 2960 λοιπὸν
638 2911 735 2959 ἐκάλουν
747 2910 889 2973 Τιμάρχους.

145 2982 182 3031 Te
188 2982 213 3030 di
219 2978 340 3043 προοίμιόν
349 2979 399 3028 ἐστι
408 2981 589 3043 τραγικώτιρον·
599 2981 623 3029 ἐν
632 2980 695 3042 αὐτῷ
702 2979 727 3027 δι
733 2979 890 3035 διασυστήσας
938 3022 943 3031 ,

145 3052 229 3100 ἑαυτὸν
241 3051 340 3114 μίτριον,
350 3049 391 3098 hs
398 3051 487 3099 ιῦνοιαν
495 3049 715 3109 ineundo-promisci
723 3049 763 3097 τόν
773 3047 891 3111 Τίμαρχον

147 3120 275 3178 διαόαλών,
291 3120 331 3167 καὶ
347 3121 399 3181 πιρι
417 3124 458 3177 τῆς
473 3119 588 3174 πολιτείας
605 3119 687 3180 είπών,
704 3117 835 3180 μεταδαίνει
851 3118 890 3166 ἐπὶ

146 3189 263 3252 κεφάλαια
275 3188 303 3236 οῦ
311 3193 352 3246 τῆς
365 3187 497 3245 ῦποθίσεως
505 3189 563 3246 ίδια,
576 3188 634 3237 ἀλλὰ
648 3187 892 3237 sustenementum

145 3264 195 3308 τῶν
210 3258 349 3320 ἑταιρήσεως
359 3259 507 3320 κρινομίνων.
538 3258 607 3307 Ἔστι
623 3259 648 3308 ti
657 3258 724 3307 τάδε·
737 3258 758 3306 si
768 3258 843 3313 καλῶς
851 3259 892 3307 καὶ

148 3328 251 3390 mpero<
261 3327 314 3382 τοὺς
327 3326 412 3390 νόμους
426 3328 503 3377 ίθεντο
514 3331 536 3376 ui
552 3330 646 3378 παλαιοὶ
658 3329 713 3384 τοῦς
726 3330 777 3392 περὶ
793 3333 833 3386 της
845 3333 892 3376 τῶν

146 3397 240 3447 παίδων
251 3396 376 3459 εὐκοσμίας
391 3398 431 3445 καί
443 3397 568 3460 μειρακίων
583 3400 681 3447 καὶτῶν
692 3399 769 3447 ἄλλων
781 3399 891 3456 ἡλικιῶν·

147 3469 171 3516 ει
179 3466 253 3529 ὀρθῶς
263 3466 362 3515 διεῖπον
371 3471 421 3520 τοις
431 3467 568 3531 ήταιρηκόσι
588 3470 620 3530 μὴ
631 3469 778 3531 δημηγορεῖν,
789 3469 830 3516 και
840 3469 890 3525 thir

149 3537 249 3598 eam
260 3536 314 3592 aa
330 3535 416 3599 vem<
430 3539 557 3601 ωηινιτ
572 3538 690 3601 rome
705 3537 849 3600 nunna·
868 3538 893 3585 ιν

149 3607 184 3668 ᾧ,
196 3607 217 3654 si
227 3607 306 3668 ίνοχος
315 3611 344 3669 τῇ
357 3599 431 3670 γραφή
443 3609 579 3671 §respiras
592 3609 612 3656 εί
626 3609 690 3672 παρὰ
706 3607 813 3670 Μισγόλᾳ
828 3607 893 3664 ήταί·

150 3691 206 3738 ρησε
218 3677 302 3736 μισθοῦ
311 3678 362 3739 περὶ
373 3677 403 3724 τὰ
413 3682 510 3726 τοιαῦτα
519 3677 567 3726 δντι
576 3678 659 3739 διινῷ·
669 3679 689 3727 si
698 3678 761 3740 παρὰ
772 3678 892 3727 Ἀντικλεῖι

150 3747 172 3795 εί
183 3746 208 3793 ἐν
221 3749 258 3807 τῷ
268 3746 412 3809 mosomio
422 3747 544 3809 διατρίόων
553 3749 593 3796 καί
604 3748 709 3797 κυδιόων
722 3748 836 3809 ἀνελήφθη
846 3747 893 3795 one

55 3819 60 3826 '
150 3815 313 3877 Πιτταλάκου,
325 3817 440 3878 δημοσίου
455 3818 537 3868 δοῦλον
548 3824 589 3877 τῆς
601 3819 703 3880 πόλεως,
716 3819 756 3866 καὶ
765 3818 820 3880 παρ’
830 3818 894 3880 αὐτῷ

1310 1135 1334 1194 Ι.

1108 1291 1261 1352 cotim
1282 1290 1525 1351 Ttmnncithtt.

1206 1586 1432 1634 hhnohuhwtt.

931 1730 1324 1786 ounmithentensihmponnettum
1331 1730 1562 1784 olynthiacumvisum
1569 1734 1705 1789 essetpaeem

958 1809 1010 1842 cum
1023 1799 1124 1855 Phiiippo
1141 1797 1224 1844 iacere.
1234 1801 1338 1843 societate
1352 1799 1393 1855 ipsi
1404 1802 1427 1843 et
1439 1800 1533 1854 posteris
1545 1802 1594 1852 ejus
1604 1800 1704 1853 decretm

957 1866 1036 1912 decem
1050 1867 1077 1911 ad
1087 1879 1138 1911 eum
1147 1868 1241 1922 legatos,
1256 1868 1315 1911 inter
1324 1877 1379 1921 quos
1390 1867 1501 1911 AEsehines
1514 1867 1580 1911 etiam
1589 1872 1613 1911 et
1622 1870 1705 1912 Demo·

957 1935 1048 1980 sthenes
1061 1933 1164 1986 inerunt,
1174 1935 1275 1989 exigendi
1283 1934 1432 1989 iurisiurandi
1443 1935 1512 1988 gratia
1523 1936 1638 1980 miserunt
1665 1939 1707 1982 iis·

958 2003 1154 2057 comissatione,
1169 2003 1328 2047 Demosthenes
1344 2006 1429 2054 uratur,
1445 2007 1468 2046 et
1482 2003 1613 2047 Timarchus
1623 2005 1706 2051 Arizeii

958 2075 983 2117 Τ.
998 2071 1121 2128 Spbettius,
1134 2071 1323 2126 ririnrepubtica
1337 2070 1442 2124 iiiusiris,
1456 2073 1480 2114 et
1493 2071 1612 2114 conciones
1626 2070 1707 2118 hahere

959 2141 1049 2190 soiitos.
1062 2140 1144 2195 quique
1153 2151 1219 2195 τιιρτε
1236 2141 1328 2182 centum
1339 2139 1428 2182 decreta
1436 2138 1567 2194 scripserat,
1582 2140 1707 2185 AEschinesu

958 2220 1076 2266 perperam
1087 2211 1154 2254 obitu
1168 2210 1282 2264 legationis
1293 2221 1355 2254 reum
1370 2209 1463 2254 iaciunt.
1492 2211 1578 2253 Recens
1587 2215 1662 2254 autern
1671 2222 1706 2254 se·

959 2278 1153 2322 uatuscunmitum
1167 2278 1331 2333 promulgarat,
1347 2281 1373 2321 ut
1382 2277 1447 2333 isqui
1461 2276 1489 2320 ad
1504 2276 1631 2333 Phiiippum
1646 2288 1708 2324 amia

959 2345 1063 2398 veheret,
1080 2346 1154 2402 capite
1173 2345 1316 2402 piecteretur.
1343 2346 1438 2391 Aedone
1455 2356 1524 2401 porro
1542 2344 1570 2388 ad
1588 2349 1707 2402 praetorem

960 2414 1044 2469 reiata,
1055 2418 1173 2470 antequam
1181 2414 1204 2457 in
1210 2414 1322 2468 iudicium
1331 2417 1422 2457 ventum
1429 2417 1494 2467 esset,
1505 2414 1615 2458 AEseiiims
1622 2414 1708 2459 timar-

960 2481 1027 2526 chum
1035 2484 1159 2532 accusavit,
1169 2484 1193 2525 ut
1203 2482 1241 2538 qui
1254 2486 1334 2526 eontra
1343 2482 1416 2536 legum
1426 2480 1526 2525 edictum
1541 2482 1661 2526 conciones
1670 2482 1708 2526 ha·

960 2552 1037 2595 beret:
1046 2552 1185 2606 nequeenim
1195 2550 1227 2594 ias
1233 2552 1307 2596 esseei
1317 2551 1397 2595 iniere
1406 2552 1533 2600 conciones.
1543 2564 1611 2607 quiam
1620 2552 1708 2609 pudici-

960 2612 1013 2656 tiom
1022 2613 1171 2668 prustihserit.
1200 2614 1277 2668 itaquo
1282 2612 1319 2656 aiii
1327 2613 1418 2662 dicunt,
1428 2612 1573 2657 Timarchum
1582 2614 1660 2667 laqueo
1667 2614 1708 2657 sthi

960 2691 1038 2725 necem
1050 2680 1191 2726 conscivisse.
1202 2691 1247 2724 nun
1257 2685 1383 2736 exspectato
1394 2679 1482 2735 iudicio
1492 2694 1499 2722 ι
1510 2680 1561 2732 atii,
1571 2680 1708 2726 condensea-

961 2752 1009 2791 tnm
1028 2753 1094 2803 aiqrre
1108 2747 1200 2792 iniamia
1213 2751 1316 2792 notatum
1331 2758 1387 2798 esse,
1403 2750 1429 2791 ut
1450 2750 1606 2792 bensusthenes
1624 2750 1649 2793 in
1661 2761 1711 2794 ura·

960 2816 1023 2860 tione
1032 2816 1098 2861 Falsas
1109 2816 1231 2870 legationis.
1258 2817 1302 2860 iius
1314 2818 1388 2859 summ
1401 2814 1448 2859 hee
1460 2817 1491 2860 ita
1504 2815 1614 2860 celebrata
1629 2822 1675 2868 est.
1685 2820 1711 2861 ut

961 2884 989 2929 ab
1003 2885 1046 2929 hoc
1061 2884 1147 2938 iudicio
1164 2885 1265 2929 bonitum
1278 2883 1402 2940 impudicus
1419 2885 1550 2929 Timarchus
1566 2887 1710 2942 appetissent.

961 2952 1082 2996 Exordium
1092 2954 1245 2997 vehesnmtius
1253 2957 1299 3002 est.
1309 2952 1334 2996 in
1343 2963 1389 3007 que
1398 2955 1422 2996 et
1430 2963 1468 2995 sua
1480 2952 1587 2997 modestia
1596 2964 1710 2998 commers-

961 3019 1025 3069 data.
1042 3019 1157 3076 raptanda
1169 3019 1331 3064 benevolentias
1342 3030 1421 3073 causa,
1437 3023 1460 3063 ei
1470 3020 1587 3064 Timarcho
1600 3021 1710 3067 inedium

962 3086 1072 3139 adducto,
1090 3091 1114 3133 et
1128 3087 1278 3144 disputatione
1286 3086 1315 3131 de
1324 3086 1438 3143 republica
1454 3087 1570 3140 ahsotuta,
1588 3089 1666 3132 transit
1679 3089 1709 3133 ssi

962 3155 1047 3210 capita,
1059 3164 1106 3198 non
1116 3155 1207 3211 propria
1215 3165 1298 3206 causam
1308 3154 1347 3199 ssd
1355 3154 1482 3197 eommunia
1493 3154 1517 3197 in
1525 3166 1604 3198 omnes
1611 3167 1649 3199 eus
1657 3187 1663 3207 ,
1672 3156 1711 3211 qui

961 3222 1086 3278 prommm
1093 3222 1205 3278 pudicitie
1212 3224 1354 3266 accusantur.
1372 3221 1713 3266 suntantembascsanvetercs

962 3292 1055 3334 rectuct
1069 3292 1172 3333 accurate
1187 3288 1245 3341 teges
1254 3288 1283 3333 de
1292 3289 1398 3332 modestia
1411 3299 1533 3344 puerorum
1547 3294 1571 3333 et
1585 3289 1712 3333 ιδοιειοοιι-

963 3361 1011 3400 turn
1033 3360 1200 3410 ceterarumque
1214 3359 1304 3399 etatum
1321 3355 1413 3400 tulerint
1432 3370 1438 3398 ι
1455 3367 1484 3398 an
1499 3354 1633 3400 eiieminatis
1652 3362 1713 3402 reete

963 3422 1119 3468 interdixerint
1127 3423 1272 3467 concionibus
1282 3436 1288 3467 ι
1299 3427 1334 3475 et,
1342 3434 1372 3466 an
1380 3423 1523 3476 Timarchus,
1534 3424 1571 3479 qui
1581 3424 1712 3480 pudicitiam
1759 3413 1765 3424 ⁹

963 3491 1114 3547 prostituerit,
1126 3494 1205 3535 contra
1213 3491 1287 3545 legum
1300 3490 1447 3536 interdictum
1457 3491 1609 3536 concionetur
1619 3507 1625 3535 s
1635 3492 1658 3536 iu
1669 3503 1715 3548 uuo

963 3558 1019 3603 itiod
1030 3559 1097 3602 etiam
1110 3558 1183 3611 inest,
1196 3562 1272 3602 utrum
1282 3558 1415 3603 Timarchus
1424 3558 1570 3614 impudicitia
1584 3560 1671 3604 crimem
1689 3561 1713 3603 in

963 3639 1021 3676 sese.
1031 3631 1057 3671 ut
1065 3631 1190 3680 accusetur,
1198 3626 1311 3672 admiserit
1318 3644 1325 3671 s
1333 3629 1399 3677 item.
1409 3639 1437 3672 an
1444 3629 1503 3684 apud
1513 3628 1627 3685 ttisgoiarn
1636 3630 1660 3673 in
1670 3629 1714 3675 boc

964 3706 1045 3749 genere
1061 3695 1220 3749 exercitatum,
1229 3699 1338 3750 questum
1347 3706 1442 3751 certiore
1454 3692 1532 3740 iecerit
1542 3711 1548 3737 ι
1558 3706 1587 3739 an
1596 3695 1655 3752 apud
1670 3699 1716 3739 Αιι-

965 3760 1040 3803 tietem
1050 3759 1073 3801 in
1084 3770 1155 3813 ganeo
1165 3769 1269 3812 versans,
1283 3762 1306 3802 et
1314 3759 1362 3803 aiea
1372 3759 1465 3809 tudens.
1475 3762 1578 3816 receptus
1586 3760 1636 3804 sita
1646 3763 1715 3805 Pitta-

965 3825 1014 3868 iacu
1023 3823 1125 3867 ministro
1134 3824 1226 3880 publico
1236 3838 1243 3866 ι
1253 3828 1277 3868 et
1284 3824 1343 3881 apud
1352 3824 1433 3876 ilium,
1443 3828 1510 3880 atque
1518 3823 1585 3868 ettam
1597 3824 1656 3880 apnd
1671 3829 1716 3871 iic·

151 3885 263 3948 διέτριψεν
272 3887 381 3948 ἑταιρῶν·
393 3887 412 3934 si
422 3887 485 3950 παρὰ
496 3887 647 3951 Ἡγησάνδρῳ
657 3891 691 3951 τῷ
700 3887 839 3950 Τιμομάχου
852 3902 894 3934 τα·

151 3953 196 4017 oio
204 3955 302 4017 &bnis
313 3958 395 4018 pposm
405 3957 510 4019 tropos.

118 4025 234 4074 ΑΛΛΩΣ.
249 4025 337 4072 Τοῦτον
349 4024 390 4073 τόν
407 4024 475 4083 λόγον
488 4027 502 4074 ό
518 4025 628 4088 Αἰσχίνης
646 4026 744 4088 γίγραφι
756 4025 895 4088 δοκιμασίαν

73 4109 101 4147 ιε
150 4093 214 4141 κατὰ
220 4091 348 4155 Τιμάρχου.
380 4091 458 4143 Ἦνδὲ
468 4097 481 4143 ό
490 4095 606 4158 Τίμαρχος
616 4100 661 4144 τῶν
670 4096 707 4144 ἐπὶ
716 4097 815 4159 τόβήμα
822 4111 895 4158 προσ·

152 4162 250 4223 ιόντων,
267 4165 307 4210 καὶ
319 4163 388 4212 αῦτδν
399 4165 439 4213 τὸν
453 4165 788 4227 Αίσχίνηνσεσυκοφαντηκώς.
820 4165 895 4227 Νόμοι

151 4233 179 4280 it
190 4235 236 4280 sim
246 4235 298 4295 περὶ
307 4237 355 4280 τῶν
371 4234 473 4295 ρηιόρων
483 4234 584 4297 κείμενοι
593 4269 600 4294 ,
609 4235 716 4290 οῦσιινας
730 4236 774 4298 χρή
784 4234 898 4297 είργεσθαι

150 4306 196 4350 τοῦ
209 4303 291 4364 λέγειν,
301 4302 351 4351 nius
359 4304 451 4358 τοῦςτά
459 4310 558 4368 πατρῷα
566 4304 762 4365 κατεδηδοκότας,
772 4305 826 4361 τοὺς
835 4307 898 4363 ήται·

151 4370 253 4432 ρηκότας
261 4385 268 4397 ·
276 4373 299 4420 εί
308 4373 333 4421 δὲ
343 4374 375 4435 μή
385 4374 513 4435 πείθοιντο,
526 4376 607 4430 ἐξεῖναι
619 4375 658 4423 τὸν
673 4374 812 4436 βουλόμενον
821 4379 899 4430 αὐτοῖς

76 4457 106 4495 ss
152 4441 293 4502 δοκιμασίαν
312 4441 464 4504 διαγγεῖλαι,
482 4446 543 4492 ὥστε
558 4443 721 4506 δοκιμάζεσθαι
739 4446 759 4493 si
776 4443 899 4502 ἐπιτήδειοί

153 4513 201 4559 εἱσι
211 4511 292 4571 λέγειν.
324 4512 374 4561 Δύο
389 4514 415 4562 δι
425 4514 530 4574 ἐγκαλῶν
539 4514 654 4577 Τιμάρχῳ
667 4515 793 4577 Αίσχίνης,
809 4517 849 4563 καί
864 4514 899 4562 ὅτι

153 4581 265 4642 ἡταίρηκε
279 4581 321 4629 καλ
331 4581 368 4629 ότι
379 4583 409 4630 τὰ
422 4588 519 4644 πατρῷα
529 4584 684 4642 κατεδήδοκε,
694 4585 745 4646 περὶ
761 4584 900 4646 ἑταιρήσεως

153 4649 302 4715 ίπιγράφεται
311 4650 325 4700 δ
334 4651 410 4712 λόγος,
420 4652 455 4701 ότι
463 4653 490 4701 τό
497 4654 566 4702 πλέον
574 4658 615 4712 τῆς
623 4655 762 4716 κατηγορίας
771 4654 809 4702 διὰ
815 4653 900 4710 ταύτην

153 4719 213 4768 tart,
235 4721 346 4769 Φαίνεται
365 4722 391 4768 et
406 4724 530 4780 νινικηιιδς
544 4724 584 4772 τόν
594 4724 687 4785 δγιδνα,
699 4724 730 4779 ὥς
743 4739 812 4785 φασιν
822 4725 845 4771 oi
856 4739 901 4772 πα·

79 4803 107 4844 ιι
154 4789 225 4839 sue.
247 4793 352 4839 ιιιιισι
364 4791 389 4839 οι
401 4807 439 4852 μοι
450 4795 473 4840 ιι
485 4793 549 4852 iesu
560 4793 620 4855 ptr&
630 4793 672 4850 re<
688 4793 754 4849 οικαι
765 4792 899 4857 rohsnai.

964 3889 1099 3945 gesandrum
1112 3890 1251 3935 Timomachi
1262 3894 1410 3946 ducatorem,
1419 3901 1463 3946 pru
1472 3893 1548 3935 scorto
1557 3889 1586 3934 ad
1595 3893 1684 3946 tempus
1692 3902 1717 3937 se

965 3959 1063 4011 ρεαοιιι

940 4028 1051 4069 obstitit.
1066 4027 1172 4070 censoria
1179 4025 1384 4070 ssthscmschtnis
1393 4025 1416 4069 in
1425 4025 1566 4070 Timarchum
1575 4026 1664 4078 oratio,
1675 4025 1715 4072 bo·

966 4094 1050 4138 emnem
1058 4098 1170 4139 oratorem
1179 4096 1202 4138 et
1211 4095 1395 4138 caiumuiaturem
1408 4104 1481 4137 sumn.
1508 4095 1565 4137 suut
1578 4098 1651 4137 autem
1666 4094 1716 4139 istas

969 4167 1028 4222 leges
1036 4166 1064 4210 de
1072 4167 1212 4219 oratoribus,
1222 4168 1260 4222 qui
1268 4168 1313 4212 sint
1322 4179 1335 4212 a
1345 4168 1493 4211 concionibus
1505 4166 1627 4222 sepeliendi
1638 4177 1644 4207 ι
1655 4166 1718 4209 reiut

967 4239 997 4291 ii,
1008 4239 1045 4294 qui
1060 4238 1217 4295 patrimonium
1227 4237 1391 4294 proindemntr
1403 4240 1442 4294 qui
1452 4238 1582 4294 pudicitiam
1597 4237 1717 4294 prostitue·

968 4316 1023 4355 runt
1032 4312 1082 4368 squi
1092 4312 1134 4355 nisi
1143 4311 1169 4355 iis
1178 4311 1262 4365 iegibus
1271 4312 1394 4367 pomer-int,
1404 4311 1475 4356 cuivis
1483 4311 1549 4354 licere
1556 4309 1643 4364 iudicio
1651 4308 1675 4352 in
1683 4320 1718 4353 eo

969 4390 1020 4423 mm
1029 4391 1102 4423 mures
1110 4378 1233 4434 inquirere.
1242 4383 1319 4423 utrum
1328 4378 1372 4423 sint
1382 4379 1447 4431 teies,
1459 4381 1486 4422 ut
1494 4376 1521 4422 ad
1531 4378 1638 4433 poputum
1651 4376 1719 4421 scrita

969 4445 1043 4493 ίιοοτο
1050 4447 1144 4503 possint.
1160 4450 1234 4499 stum
1240 4450 1314 4491 auteur
1321 4446 1416 4491 dsssmm
1424 4457 1501 4490 rerum
1510 4446 1622 4490 &chineo
1630 4445 1715 4488 Timar-

969 4514 1038 4560 chum
1046 4515 1217 4570 criminaretur,
1226 4517 1249 4559 et
1256 4514 1369 4570 pudicitie
1378 4515 1516 4571 prostituto,
1524 4517 1548 4558 ut
1556 4512 1666 4568 absumpti
1677 4522 1719 4567 per

969 4586 1047 4629 iurum
1061 4583 1203 4641 patrimonii,
1220 4584 1292 4628 oratio
1307 4584 1336 4628 de
1352 4583 1491 4639 impudicitia
1506 4583 1644 4634 inscribitur,
1659 4582 1720 4635 owed

969 4654 1042 4706 major
1051 4654 1159 4709 eiuspars
1171 4651 1196 4694 in
1210 4663 1238 4696 eo
1247 4651 1340 4696 erimine
1353 4650 1469 4695 tractando
1478 4650 1628 4695 eonsumitur.
1659 4646 1719 4690 vtctt

968 4726 1044 4766 autem
1061 4732 1150 4766 missam
1169 4721 1240 4772 inne,
1255 4726 1281 4765 ut
1296 4731 1323 4764 ex
1339 4719 1487 4765 aidnmtione
1501 4723 1602 4764 retemm
1618 4719 1716 4763 cunstat.

969 4791 1086 4837 orattones
1094 4795 1273 4848 serupostsctss
1281 4802 1357 4836 causas
1365 4790 1420 4836 mihi
1428 4790 1568 4846 emescriptc
1577 4787 1689 4833 sidentm.

89 4916 99 4964 1
164 4909 268 4972 otiien
283 4909 392 4970 πώποτε
410 4916 461 4972 τῶν
485 4916 610 4991 πολιτῶν,
633 4904 815 4991 ίόἈθηναίοι,
841 4915 899 4975 οὔτε
976 4921 1232 4985 Ego,iudiees,uuiii
1248 4923 1457 4986 cisiumuuqusm
1473 4921 1512 4971 sei
1525 4919 1649 4983 injudicio
1657 4922 1721 4983 peri·

118 4997 222 5078 γραφήν
233 4997 400 5078 γραψάμενος
414 4998 467 5059 οὔτ’
478 4999 505 5058 ts
517 4999 632 5069 εόθιίναις
644 5000 779 5074 λυπήσας,
793 5003 852 5063 ἀλλ’
865 5007 899 5070 ὣς
944 5010 1026 5060 οιιιιιιιι
1044 5009 1139 5070 mussi,
1151 5009 1189 5059 vei
1205 5009 1229 5058 iu
1248 5009 1375 5060 refermus
1387 5007 1518 5058 rationibus
1535 5006 1649 5057 nmimtns
1670 5008 1721 5069 sui,

119 5084 201 5163 ίγωγε
221 5084 321 5161 νομίζον
345 5083 448 5165 μίτριον
470 5087 582 5164 ἐμαυτὸν
600 5088 664 5167 πρὸς
680 5087 779 5147 isauro
801 5089 898 5150 τούτων
944 5096 1000 5158 sed,
1010 5100 1039 5147 ut
1049 5097 1107 5146 mihi
1118 5094 1261 5158 persuadeo,
1273 5095 1396 5145 moderate
1408 5107 1447 5144 nac
1458 5094 1482 5143 iu
1499 5093 1570 5144 rebus
1583 5092 1720 5155 hujusmodi

118 5172 308 5253 παρεσχηκώς,
328 5173 396 5251 δρῶν
410 5170 437 5231 di
455 5173 503 5248 τήν
517 5197 544 5233 τε
563 5173 639 5233 πόλιν
658 5173 760 5253 μεγαλα
783 5178 896 5256 βλαπτο·
944 5185 1004 5247 gessi
1014 5200 1021 5233 ι
1033 5197 1118 5235 rorum
1133 5197 1209 5247 quum
1222 5186 1247 5234 et
1258 5182 1427 5247 rempublicam
1443 5181 1546 5246 pariter
1564 5195 1578 5230 a
1594 5181 1723 5231 Timarcho

917 5289 954 5344 29
