3967 5967
265 532 323 584 530
808 518 948 579 Σίίθλίλ
972 519 1035 578 ΕΙΣ
1056 521 1329 581 ΔίΙθίΟΣΘΙίΝΙίΝ.

263 654 376 716 εἰκότως·
393 655 417 706 δι
428 650 463 706 ὧν
477 651 524 724 γάρ
543 649 602 705 είκει
617 651 657 704 διὰ
668 651 761 705 τούτων
775 652 816 703 καὶ
832 649 937 704 ἀπειλῶν
950 650 1042 714 άξιόπι·
1129 670 1173 718 10,
1187 654 1214 707 8.
1234 655 1453 727 Δυσμαχώτατσν]
1468 654 1510 707 διά
1524 654 1568 722 τήν
1585 658 1743 730 πανουργίαν.
1759 660 1791 718 Ρ.

264 752 334 795 στος·
349 735 390 785 δεῖ
405 733 452 804 γὰρ
473 732 496 794 ἔξ
512 728 548 784 ὧν
562 730 628 803 αύτῷ
643 731 763 797 σύνοιδεν,
785 730 812 785 ίκ
831 732 923 785 τούτων
942 729 1043 802 ἑκάτερα
1127 747 1168 797 10,
1184 748 1225 787 τι.
1242 732 1288 785 Καὶ
1299 734 1350 804 άμα
1362 735 1513 806 στρατηγόν]
1524 735 1618 788 θύκοῦν
1635 739 1802 810 κακοδαίμονά
1815 758 1870 793 τινα

264 815 377 884 πράττειν
426 812 473 864 ίίαί
486 810 548 883 ἡμῖν
563 811 607 884 μίν
619 810 645 865 ἔν
659 808 696 874 οίς
709 811 885 882 ἐλαττούμενος
903 810 1043 865 αἰσθάνεται
1088 808 1167 881 λέγεις
1180 810 1222 865 τδν
1234 812 1360 866 Φίλιππον
1374 812 1399 867 lv
1411 814 1535 878 τοσούτοις
1546 815 1606 868 όντα
1618 820 1703 880 κακοῖς
1714 819 1755 870 καί
1768 819 1866 881 πόνοις·

264 892 369 958 ἀπειλεῖ,
379 890 437 944 είκει
449 892 470 942 δ’
482 889 507 943 έν
521 887 558 953 οίς
569 889 654 943 έαυτδν
668 890 862 944 πλεονεκτοῦντα
871 892 996 962 γινώσκει.
1009 893 1042 947 R.
1088 887 1102 941 ό
1116 889 1158 956 δέ,
1177 890 1206 943 τδ
1225 892 1307 962 κέρδος
1318 892 1347 946 τδ
1363 892 1390 947 ίκ
1409 894 1502 947 τούτων
1516 894 1640 964 προσθείς,
1663 895 1777 963 ζηλωτόν
1798 901 1868 952 κατέ·

302 973 380 1037 10‚5.
393 972 430 1024 Τά
443 972 465 1023 δ’
477 971 541 1043 ἡμᾶς
552 970 708 1039 διαῦάλλων]
720 969 792 1023 Ἐστι
804 969 847 1041 μὲν
859 971 984 1022 καὶτοῦτο
997 989 1043 1023 πα-
1088 987 1162 1036 στηστ
1174 969 1216 1022 τόν
1228 971 1366 1025 Φίλιππον·
1381 973 1500 1040 δεσπότην
1511 972 1537 1026 δέ
1548 972 1621 1027 αύτδν
1635 974 1764 1045 ὠνόμασε,
1781 977 1869 1030 τούτου

263 1053 367 1124 νούργου
383 1051 412 1104 τί)
432 1050 585 1115 διαόάλλειν,
598 1048 626 1102 ού
644 1047 691 1121 μὴν
706 1047 753 1111 έξει
764 1048 888 1111 Φίλιππος
905 1045 926 1121 ᾧ
943 1048 1044 1100 διαόάλ-
1088 1046 1136 1118 γάρ
1151 1049 1259 1119 μάλιστα
1273 1053 1358 1121 τυχεῖν
1376 1052 1474 1118 ζητεῖό
1488 1054 1574 1124 δῆμος.
1616 1051 1691 1105 ’λλλά
1703 1055 1743 1106 καί
1755 1054 1868 1125 ταμίαςό

264 1131 302 1185 λιι
323 1130 367 1198 τήν
386 1131 476 1185 πόλιν·
500 1129 569 1183 ούδίν
595 1129 644 1201 γάρ
664 1128 781 1195 διαόολῆς
802 1129 867 1191 ἀξιον
893 1130 1042 1200 πράττομεν.
1088 1127 1221 1190 Φίλιππος·
1237 1134 1310 1183 τοῦτο
1320 1130 1432 1200 περὶτῶν
1443 1132 1578 1202 χρημάτων
1588 1136 1636 1184 τῶν
1652 1132 1784 1202 θεωρικῶν.
1795 1132 1869 1185 Αύτοί

270 1205 301 1262 Ὅ
318 1209 344 1263 δέ
357 1209 436 1280 ῥήτωρ
455 1206 590 1280 δπιραύτῷ
604 1207 718 1278 βούλεται
731 1208 842 1277 γενέσθαι
861 1206 925 1277 παρὰ
942 1209 984 1273 τῆς
999 1208 1044 1260 πό·
1088 1205 1135 1276 γάρ
1155 1207 1224 1278 θμεῖς
1250 1209 1336 1280 ταμίαι
1351 1210 1482 1280 γενήσεσθε
1502 1216 1551 1263 τῶν
1569 1213 1705 1285 χρημάτων
1723 1212 1765 1264 καί
1790 1211 1868 1276 ούδείς

267 1286 344 1352 λεως,
359 1292 432 1342 τοῦτο
452 1285 485 1349 είς
497 1285 615 1351 διαῦολήν
630 1284 729 1355 εἴληφε·
744 1282 788 1351 τὴν
803 1285 851 1357 γάρ
863 1284 980 1339 ἀπουσίαν
995 1284 1040 1351 τήν
1088 1284 1148 1337 αύτά
1159 1288 1293 1358 διαρπάσει.
1308 1291 1340 1342 R.

263 1365 382 1439 ήμετέραν
400 1366 524 1437 προσοίσει
538 1367 590 1427 τοῖς
607 1363 751 1425 Ὀλυνθίοις.
788 1363 881 1417 (θύκοῦν
893 1363 914 1417 εί
927 1363 1043 1435 βούλεσθε
1123 1364 1272 1437 Πανταχοῦ]
1285 1368 1346 1421 όπου
1361 1367 1390 1418 ἀν
1404 1366 1545 1437 βουληθείη.
1560 1369 1589 1422 P.

265 1443 299 1516 μή
312 1448 397 1498 δοῦναι
414 1446 498 1517 καιρόν
512 1444 628 1512 διαῦολῆς
637 1482 645 1509 ,
666 1443 778 1512 έπίστητε
791 1447 843 1506 τοῖς
858 1444 995 1515 πράγμασι.
1009 1446 1040 1499 R.
1128 1460 1169 1509 ιο,
1194 1462 1235 1498 12.
1257 1445 1321 1517 Πρδς
1340 1445 1483 1517 μέν-κατά
1505 1447 1589 1518 καιρόν
1604 1448 1767 1519 τράπεσδαι]
1786 1447 1866 1501 Πάλιν

299 1525 402 1596 Είκων]
415 1523 508 1586 αύτοῖς.
523 1527 553 1579 Ρ.
1088 1519 1173 1584 αύτούς
1190 1523 1298 1594 ροόήσας
1319 1524 1351 1576 δι’
1374 1521 1409 1577 ὧν
1427 1526 1527 1595 πράττει
1544 1525 1667 1588 Φίλιππος
1690 1524 1867 1596 παραμυθεῖται

302 1621 343 1669 10,
360 1609 386 1657 6.
407 1604 527 1676 Τρέήηται
540 1602 582 1656 καί
600 1603 805 1674 παρασπάσηται]
824 1600 859 1653 Ίδ
879 1602 975 1672 βέῦαιον
994 1608 1042 1655 τῶν
1087 1599 1127 1652 διά
1137 1607 1185 1654 τῶν
1200 1602 1393 1657 ἀποῦσινόντων·
1406 1603 1614 1676 πλεονεκτεῖγίιρ,
1625 1606 1707 1675 φησίν,
1721 1606 1868 1671 όΦίλιππος

266 1681 402 1736 Ὀλυνθίων
415 1682 549 1749 ἐδήλωσεν,
566 1683 605 1753 ότι
617 1682 658 1734 καί
673 1679 706 1752 μή
722 1681 883 1752 βουλομένους
898 1680 1042 1751 αύτοδςτρέ·
1088 1685 1123 1752 τῷ
1136 1681 1198 1734 κατά
1217 1683 1301 1754 καιρδν
1322 1684 1434 1754 πράττειν
1450 1682 1481 1736 τά
1498 1688 1546 1736 τῶν
1565 1683 1701 1755 πολεμίων.
1738 1684 1789 1738 Ούκ
1811 1684 1867 1740 είπι

262 1764 332 1834 ήεται
345 1763 386 1816 καὶ
405 1764 597 1832 παρασπάσεται.
634 1759 758 1828 Είληπται
773 1759 832 1826 δέή
855 1760 916 1823 λέξις
930 1760 978 1814 ἀπδ
994 1766 1043 1814 τῶν
1088 1762 1222 1832 κατορθοῦν
1241 1763 1283 1815 καί
1297 1765 1376 1829 νικᾶν,
1385 1761 1450 1814 ἀλλὰ
1463 1764 1593 1832 πράττειν·
1609 1763 1757 1819 τοῦτοδέού
1770 1769 1868 1833 πάντως

263 1844 465 1915 καταφευγόντων
488 1842 521 1905 είς
539 1842 594 1903 τούς
610 1841 707 1913 βωμούς
728 1842 770 1895 καί
788 1841 830 1912 βίρ
848 1839 1042 1911 ἀποσπωμένων.
1088 1840 1167 1907 νίκην,
1191 1840 1257 1892 ἀλλά
1276 1838 1321 1907 τήν
1336 1838 1488 1912 παρασκευήν
1503 1841 1586 1894 καίτδ
1603 1841 1644 1904 ύξυ
1658 1850 1707 1897 τῶν
1722 1845 1801 1918 έργων
1817 1851 1868 1903 δει·

263 1924 341 1979 BRV.
362 1922 399 1976 Ἧ
412 1924 445 1985 ὡς
463 1922 501 1976 ἐπί
520 1922 606 1993 μέλους
619 1923 684 1983 τινδς
703 1923 829 1992 σώματος,
848 1921 892 1973 ἵνα
911 1921 976 1993 δείξῃ
998 1918 1042 1987 τὴν
1088 1919 1167 1972 κνύει·
1184 1921 1242 1991 όπερ
1256 1912 1330 1986 ήττον
1347 1919 1485 1982 λυπεῖτοθς
1501 1918 1645 1986 Ἀθηναίους.
1669 1922 1703 1973 Τό
1717 1924 1759 1988 μέν
1770 1922 1813 1979 οὖν
1823 1935 1869 1984 τοῦ

264 2000 367 2068 ένότητα
378 2007 427 2055 τῶν
446 2000 590 2054 Ὀλυνθίων.
605 2002 680 2054 sssv.
695 2000 729 2052 Τδ
740 1998 767 2053 δέ
780 2001 804 2054 τί
819 1998 922 2053 ένταῦθα
936 1998 1043 2053 ἀντίτοῖι
1087 1997 1212 2053 Φιλίππου
1224 2000 1348 2071 δύσμαχον
1365 1998 1405 2051 διὰ
1424 1999 1516 2052 τούτων
1532 1997 1665 2061 ἀπέδειξεν·
1681 2000 1705 2054 έν
1721 1999 1795 2073 ᾧκαί
1808 2026 1868 2076 προ.

265 2083 328 2151 μέγα
339 2083 432 2134 κεῖται·
445 2083 527 2151 ὥσπερ
541 2081 569 2133 τ“ο
588 2103 598 2129 ι
612 2080 714 2150 δύναμίν
726 2098 781 2133 τινα
794 2081 966 2150 κεκτημένους·
986 2102 997 2129 ιι
1014 2079 1043 2133 τό
1087 2076 1179 2147 τροπήν
1192 2081 1335 2147 πεποίηται·
1349 2079 1378 2132 τδ
1392 2079 1418 2132 δέ
1432 2078 1575 2132 λυσιτελοῦν
1589 2080 1612 2142 έξ
1626 2080 1699 2133 σύτοῦ
1714 2083 1775 2154 μετά
1791 2092 1869 2140 ταῦτα

263 2161 318 2212 τινά
336 2159 384 2231 γάρ
406 2158 460 2212 ἀντὶ
479 2164 522 2213 τοῦ
541 2159 652 2231 μεγάλην
674 2161 749 2213 RSV.
769 2156 825 2211 Εἶτ’
846 2156 928 2225 ἐπειδὴ
942 2158 982 2210 διά
1001 2163 1044 2227 τῆς
1088 2156 1217 2212 δείκνυσιν.
1255 2158 1289 2211 Οθ
1303 2157 1352 2230 γάρ
1367 2158 1539 2223 πεισθήσονται
1555 2164 1591 2231 τῷ
1599 2158 1718 2233 Φιλίππῳ
1731 2163 1868 2238 διαλλαγάς

263 2241 410 2310 πανουργίας
426 2240 467 2292 καί
484 2243 526 2306 τής
537 2240 676 2306 δεινότητος
692 2237 796 2309 έρόῦησε
809 2239 865 2299 τούς
887 2237 1041 2306 Ἀθηναίους,
1087 2237 1251 2304 προτείνοντι·
1268 2236 1343 2290 πάλαι
1355 2236 1403 2308 γὰρ
1421 2235 1494 2289 αύτοῦ
1512 2235 1541 2290 τδ
1558 2242 1697 2310 πανοῦργον
1710 2239 1799 2295 ἴσασιν.
1815 2248 1866 2299 RS.

264 2316 390 2372 ἀντέπιπτε
403 2318 520 2390 δέαύτῷ,
536 2321 615 2389 μάτην
634 2313 678 2370 σύν
692 2319 715 2370 σί
727 2317 835 2388 πρέυύεις
850 2316 1040 2384 ἀπελεύσονται,
1087 2313 1132 2365 Διά
1144 2315 1230 2367 τούτου
1242 2315 1315 2368 πάλιν
1328 2315 1413 2377 αύτούς
1429 2314 1514 2377 έξιίναι
1533 2317 1654 2370 δυσωπεῖ·
1671 2318 1747 2385 δῆλον
1766 2320 1814 2393 γάρ
1828 2325 1868 2376 ότι

265 2395 287 2448 εί
297 2396 413 2466 κρατήσει
424 2397 466 2450 καί
484 2398 577 2451 τούτων
591 2401 623 2470 τῇ
636 2398 758 2465 δεινότητι
777 2396 917 2460 Φίλιππος,
932 2396 946 2449 ό
964 2396 990 2450 δέ
1002 2397 1043 2450 καί
1086 2392 1203 2459 έηλοῦύιν
1220 2394 1292 2448 νύτδν
1308 2394 1441 2463 Ἀθηναῖοι.
1478 2394 1621 2466 Περύκαμεν
1634 2395 1681 2467 γάρ
1695 2398 1785 2462 πάντες
1797 2401 1867 2455 ἀντι·

262 2476 306 2528 τδν
322 2477 398 2547 ρόῦον
417 2477 543 2542 καθεῖλεν,
560 2476 634 2530 είπίυν
650 2476 690 2529 ότι
705 2478 777 2548 μόρος
794 2477 977 2548 παρασπάσιται
992 2483 1042 2530 τῶν
1087 2473 1269 2544 φίλοτῑμῑῖσθαῑ
1287 2474 1346 2540 πρδς
1369 2475 1425 2537 τοὺς
1442 2474 1551 2545 ἕχθρῠθί-
1573 2476 1647 2528 HRS·
1672 2475 1798 2548 Καθήρηκε
1819 2480 1867 2546 τήν

263 2558 414 2628 πραγμάτων
431 2557 473 2610 καί
490 2559 529 2611 ότι
549 2561 622 2610 τοῦτο
644 2557 741 2624 ποιήσει
760 2554 794 2629 μή
810 2558 974 2628 πορευθέντων
994 2563 1042 2611 τῶν
1087 2550 1240 2622 δθθεμῑντῡθ
1253 2552 1606 2615 Μακῑδόθοτκαίτᾶςέδπίόαί
1617 2553 1680 2626 αθῖῷ
1689 2560 1737 2607 τῶν
1750 2561 1868 2631 πθίῑίίέύ·
1914 2588 1923 2595 ·

263 2635 395 2704 πρίσῦεων.
432 2635 467 2688 Tb
483 2635 510 2689 δέ
529 2641 577 2689 τῶν
597 2635 664 2688 όλων
682 2637 833 2707 πραγμάτων
849 2634 951 2688 διπλοῦν
973 2632 1040 2701 έστι,
1086 2648 1135 2682 των
1145 2629 1170 2684 έν
1182 2632 1430 2704 μόνητῇπανουργίᾳ
1439 2632 1866 2709 δέδωκεν,ώςπεπλέχθαιτδνόημα

262 2713 304 2766 καί
318 2715 391 2784 μέσον
413 2714 558 2784 ἐσιώπησεν,
580 2716 639 2786 όπερ
652 2710 683 2782 ήν
699 2714 729 2768 τδ
746 2718 791 2768 τοῦ
804 2712 913 2784 πολέμου
931 2713 973 2765 καί
992 2719 1042 2766 τῶν
1086 2715 1122 2781 τῷ
1132 2729 1158 2764 τε
1171 2712 1314 2782 συμφέροντι
1328 2712 1370 2763 καί
1379 2717 1414 2783 τῷ
1427 2712 1535 2784 δυνατῷ,
1550 2713 1733 2783 προηγουμένου
1744 2718 1787 2766 τοῦ
1802 2735 1865 2787 ουρ.

262 2792 393 2845 κινδύνων·
418 2791 477 2855 ἴσως
496 2791 523 2846 δέ
544 2794 585 2845 καί
607 2792 666 2864 πρδς
683 2792 712 2845 τδ
733 2792 810 2862 παρὀν
835 2792 966 2846 αίνίττεται
991 2796 1043 2857 τοῖς
1085 2791 1213 2861 φέροντος,
1230 2791 1267 2843 ότι
1280 2789 1394 2845 ούδέπστε
1403 2790 1613 2861 διαλλαγήσονται
1622 2791 1680 2862 πρδς
1692 2791 1764 2844 αύτδν
1779 2791 1867 2849 Ὀλύν·

266 2869 413 2939 Ἀθηναίοις,
428 2873 467 2926 ότι
480 2874 556 2944 μόνης
570 2871 628 2944 ύμῖν
642 2871 725 2934 έξόδσυ
738 2873 810 2943 χρεία
819 2871 861 2924 καί
870 2876 914 2924 τοῦ
927 2871 1038 2926 πλεῦσαι,
1087 2869 1152 2920 θιοι·
1178 2864 1200 2941 ᾧ
1219 2866 1249 2934 δή
1264 2870 1477 2923 συναποδείκνυται
1499 2870 1546 2921 τίνι
1566 2871 1679 2934 ταπεινός
1700 2871 1714 2923 ό
1730 2872 1864 2939 Φίλιππος.

262 2950 400 3022 Πρόχειρον
416 2950 464 3022 γὰρ
484 2950 551 3013 εύθίις
566 2951 595 3003 τδ
610 2952 708 3021 κρατεῖν
729 2955 779 3003 τῶν
798 2949 923 3021 πολεμίων
939 2951 1042 3021 μηδενός
1086 2941 1160 2993 HRS·

261 3029 321 3101 ύμῖν
336 3030 518 3085 ἀντιτάττεσθαι
535 3029 689 3102 τολμῶντος·
707 3028 730 3083 εί
746 3028 794 3100 γάρ
814 3029 930 3099 περὶτῶν
951 3027 1040 3081 Ὀλυν-
1122 3018 1184 3088 Πρὸς
1199 3017 1241 3088 μέν
1253 3017 1282 3069 τί)
1297 3016 1344 3086 τὰ]
1361 3014 1405 3069 Ἕν
1417 3017 1460 3089 μί*
1469 3018 1517 3089 γὰρ
1526 3020 1579 3081 ταῖς
1592 3020 1765 3091 θημοκρατίαῑς
1774 3028 1809 3095 τῷ
1820 3023 1865 3096 μίν

262 3111 352 3164 θιακῶν
364 3112 515 3182 πραγμάτων
534 3109 631 3183 έλεγεν,
646 3109 714 3164 εἶπεν
731 3112 760 3161 ἀν
775 3110 888 3181 φρούριον
902 3111 918 3177 ἢ
932 3110 1042 3181 πόλισμα
1086 3094 1164 3166 ύθίσῑί
1182 3097 1196 3149 ⁶
1213 3096 1335 3167 ῦθλῑθῡῖι
1357 3102 1393 3169 τῷ
1413 3097 1439 3150 δὲ
1462 3097 1519 3151 (ἠδ’
1537 3098 1552 3151 θ
1570 3099 1597 3152 δὲ
1617 3100 1745 3170 βωδῑίδν
1770 3099 1804 3164 δῖ(
1816 3106 1864 3171 Gn,

263 3191 361 3260 μικρόν·
376 3193 418 3243 νῦν
433 3190 460 3244 δέ
472 3195 521 3243 τῶν
535 3190 604 3243 όλων
618 3190 770 3261 πραγμάτων
784 3189 852 3260 λέγει
865 3194 913 3242 τῶν
923 3189 985 3242 κατά
997 3189 1040 3257 τήν
1085 3171 1157 3239 θίίόα
1176 3176 1206 3227 ἃ*
1229 3174 1339 3247 βουλθθθ
1360 3174 1488 3248 πθλεθῑῗθν
1511 3176 1598 3230 Ὀξίνα
1616 3177 1659 3231 τθθ
1679 3177 1865 3252 ίθαίῑῑθῦθύθθθ

261 3268 396 3340 ἡγεμονίαν
409 3275 457 3323 τῶν
478 3268 622 3337 Ἑλλήνων,
633 3270 662 3336 ήν
678 3268 763 3330 αύτούς
782 3267 909 3321 διαλαῦεῖν
928 3269 1042 3339 βούλεται
1086 3251 1148 3323 ἔλῑῑ·
1166 3255 1196 3306 9·

262 3347 302 3400 διὰ
316 3351 359 3415 γῆς
372 3348 494 3419 παρούσης
510 3349 648 3418 στρατηίας·
670 3340 698 3412 ἧς
715 3345 744 3398 οὗ
762 3344 859 3417 μᾶλλον
878 3349 951 3398 τοῦτο
970 3347 1041 3416 δέχε.
1124 3350 1164 3399 10,
1181 3332 1222 3389 15.
1241 3330 1372 3395 Ἦθαθτίως
1387 3331 1455 3405 έχῖί]
1466 3332 1539 3400 Ᾱύῒδ,
1552 3335 1663 3406 φησί,τδ
1675 3336 1804 3408 δύσμαχον
1818 3337 1862 3391 αὖ·

262 3429 320 3481 «om
340 3428 472 3500 ,φωχηῑγ
494 3426 631 3481 ἂχςχοηηόη
652 3425 704 3481 ξπ,
719 3426 749 3480 τὸ
765 3424 831 3497 εἶχε,
851 3423 909 3496 ήπὲ,
922 3427 1042 3498 ⁶⁰>me
1085 3417 1129 3465 τοῦ
1148 3412 1190 3465 καί
1210 3413 1438 3483 δυσκαταγώνιστον
1457 3413 1609 3467 ἐναντιοῦται
1624 3415 1683 3486 πρδς
1701 3415 1730 3468 τδ
1750 3418 1864 3487 γενέσθαι

260 3506 341 3560 αὐτῶ,
354 3507 501 3578 φρήτρας,
514 3508 547 3559 R,
1085 3491 1151 3564 αύτῷ
1162 3492 1218 3555 τούς
1234 3490 1375 3555 Ὀλυνθίους
1387 3492 1479 3563 ριλους.
1518 3492 1583 3549 Εἶτα
1602 3493 1687 3567 ἀπάγει
1704 3492 1750 3560 τὴν
1772 3495 1863 3550 αἰτίαν.

300 3602 341 3639 ιο.
362 3604 389 3655 7.
403 3584 438 3637 Ού
449 3582 497 3656 μήν
512 3583 569 3636 ἀλλ’
582 3582 702 3654 ἐπιεικῶς]
713 3582 793 3634 Τοῦτο
802 3579 831 3633 τίι
845 3583 932 3652 σχῆμα
942 3580 1041 3653 λέγεται
1083 3571 1164 3625 mv·

261 3668 338 3733 τροπή
351 3663 428 3736 ήγουν
449 3663 514 3736 παρά
534 3663 692 3736 προσδοκίαν,
708 3664 749 3715 ὅτε
763 3661 792 3715 τδ
810 3659 869 3713 αύτδ
883 3663 984 3733 πρᾶγμα
1000 3664 1042 3716 καί
1124 3669 1171 3717 10,
1195 3657 1237 3706 ¹5·
1252 3650 1333 3717 Ᾱῆδθθ
1347 3650 1488 3724 mm]
1515 3651 1682 3725 Ἆθῗῑπίθθύ·
1700 3649 1755 3705 Εἶτα
1777 3650 1864 3724 ἐπδίῃ

261 3742 416 3813 mma}
430 3745 549 3815 συμρζρον
564 3741 708 3810 gtfflfflv,
721 3740 757 3793 Τὸ
770 3738 1041 3814 σχῆμαςρηπὴᾒπαρὰ
1085 3728 1129 3797 τὴν
1144 3730 1234 3788 αἰτίαν.
1252 3731 1282 3787 Β,
1306 3730 1498 3794 Ἆντιπίπτοντος
1511 3731 1592 3793 λύσις·
1609 3731 1674 3784 ἀλλά
1696 3732 1865 3803 πανσῦργοςό

261 3824 422 3892 προσδοκίαν·
437 3822 466 3876 τί)
478 3822 504 3876 δέ
514 3823 623 3883 ἐπιεικῶς
633 3819 688 3872 ἀντὶ
696 3824 740 3874 τοῦ
750 3822 822 3874 πάνυ,
833 3821 881 3873 BS,
1084 3811 1208 3873 Φίλιππος
1220 3811 1262 3863 καί
1274 3808 1362 3881 ῥᾳδίως
1373 3812 1450 3864 mmet
1463 3812 1519 3873 τοδς
1534 3809 1690 3873 Ὄλθνύέους”
1705 3810 1719 3863 ύ
1731 3810 1757 3864 δύ
1765 3810 1804 3882 μὴ
1821 3813 1864 3864 θθ·

297 3902 415 3968 Φσῦήαας
429 3902 485 3965 τοδς
497 3902 635 3971 Ἀθηναίους
645 3901 687 3952 διά
701 3904 744 3967 τῆς
755 3900 881 3953 Φιλίππω
894 3900 1042 3971 πανουργίας
1085 3893 1188 3963 νάμενος
1210 3890 1333 3952 ἀντιτάξαι
1353 3890 1396 3943 τδν
1412 3890 1535 3962 λογισμόν
1556 3897 1603 3945 τῶν
1622 3890 1757 3943 ’Ὀλυνθίων
1774 3893 1806 3962 τῇ
1819 3895 1865 3944 τοῦ

254 3981 302 4034 ,καί
323 3982 552 4052 δυσκαταγώνιστον
580 3979 654 4033 αύςδν
682 3978 835 4045 καταστήσας
863 3981 1041 4049 παραμυθεῖται
1084 3971 1209 4024 Φιλίππου
1223 3970 1358 4036 δεινότητι,
1379 3970 1423 4023 τίεν
1442 3971 1554 4022 κίνδυνον
1576 3969 1742 4040 προθάλλεταῑ
1756 3970 1798 4021 καί
1817 3968 1863 4036 τῆθ

260 4061 330 4114 πάλιν
345 4060 431 4121 αύτούς
448 4060 479 4111 δι’
499 4058 577 4114 αύτών
593 4055 629 4112 ὧν
650 4058 764 4129 έρόῦησε.
802 4057 849 4109 Ka}
868 4057 940 4128 ρησίν
955 4059 994 4112 ότι
1012 4058 1041 4112 τδ
1085 4049 1204 4122 ἀνάγκην,
1218 4048 1271 4115 θῐῑς
1285 4049 1328 4102 καὶ
1343 4047 1399 4110 ῖθθς
1412 4050 1476 4119 ὅταν
1496 4047 1614 4115 ἆθῦίίῐθθς
1629 4048 1672 4100 θθκ
1686 4046 1715 4118 έᾷ
1727 4049 1864 4118 παρπρῠθ·

253 4142 349 4193 ‹zozouv
364 4139 437 4193 αὖτοπ,
459 4139 598 4211 memo„
618 4139 685 4193 τοῦθ’
702 4136 760 4208 ήπξρ
773 4136 841 4208 ήμῶν
859 4136 919 4193 ἐστι,
958 4137 1040 4208 napa.
1085 4131 1181 4183 σασθαι.
1218 4128 1298 4181 Τοῦτο
1319 4127 1345 4180 δέ
1367 4128 1452 4195 Ζήνων
1478 4127 1563 4198 έτίρως
1584 4127 1695 4181 έκλαόὼν
1721 4125 1864 4190 ἀντιθέσεως

258 4221 331 4284 δοξον
348 4218 505 4288 δέτδνόημα
516 4217 611 4271 καὶτοῦ
625 4218 707 4270 δοκεῖν
719 4215 836 4269 ἀπίθανον
849 4214 1038 4284 εἷναιπλησίον,
1084 4207 1621 4279 160w326pmrv⁴ssssudmmot‘mevam
1661 4205 1734 4259 'Am
1748 4205 1803 4277 περί
1820 4210 1864 4259 τοῦ

253 4300 275 4351 1δ
295 4300 443 4364 κατασκευῆς
462 4296 550 4363 ἐδεήθη
568 4295 690 4358 πλείονος.
727 4294 775 4346 Δύο
796 4293 824 4347 δέ
838 4294 927 4357 όντων,
949 4298 994 4348 τοῦ
1014 4314 1039 4349 τι
1084 4289 1229 4359 τρόπουτοῖι
1244 4287 1369 4341 Φιλίππου
1388 4286 1485 4354 καὶτῆς
1501 4287 1649 4359 πανουργίας
1667 4285 1772 4355 όλόγος
1785 4280 1865 4357 ήντῷ
1978 4322 1979 4357 3

258 4378 389 4449 δύσμαχον
407 4374 472 4429 είναι
492 4374 535 4428 τδν
550 4373 693 4429 Φίλιπππον
710 4372 750 4425 διά
767 4370 812 4438 τήν
828 4373 978 4443 πανουργίαν
1000 4373 1041 4426 καί
1083 4367 1176 4441 ῥήτορι.
1212 4368 1257 4428 Τίς
1273 4361 1344 4420 οθνό
1361 4367 1470 4430 κίνδυνος
1481 4370 1524 4421 τοῦ
1539 4367 1648 4438 πολέμου
1668 4364 1708 4392 *¹*
1724 4361 1769 4430 τήν
1781 4362 1863 4430 ἀληθῆ
1977 4384 1979 4413 J

260 4460 303 4509 τοῦ
323 4455 460 4509 λυσιτελεῖν
474 4458 546 4508 τοῦτο
560 4457 591 4526 τῇ
603 4454 684 4519 πόλει,
697 4452 755 4524 πρδς
765 4451 877 4523 έκάτερον
891 4450 1038 4520 ἀπήντησεν.
1084 4449 1217 4519 πρόφασιν·
1243 4448 1281 4499 ότι
1292 4444 1332 4497 διά
1348 4446 1391 4499 τδν
1410 4445 1515 4517 ἀδελρδν
1531 4450 1575 4499 τοῦ
1589 4444 1731 4509 Φιλίππου,
1752 4444 1782 4496 δν
1799 4441 1863 4505 ἔξαι-

264 4534 363 4602 Ἐπειδή
378 4535 404 4588 δέ
425 4534 522 4595 θπτίους
535 4532 620 4595 αύτούς
640 4532 751 4600 ἐποίησεν
774 4530 847 4585 είπὼν
862 4524 892 4584 ’τδ
912 4532 1039 4603 δύσμαχον
1083 4532 1182 4589 τοῦντος
1193 4530 1236 4579 τοῦ
1245 4525 1386 4587 Μακεδόνος
1395 4527 1535 4595 κατέχουσι,
1549 4524 1594 4591 τὴν
1605 4524 1772 4594 κεκρυμμένην
1783 4520 1863 4575 έπιθυ-

259 4620 304 4668 τοῦ
315 4615 459 4675 Μακεδόνος
472 4613 530 4683 θπὲρ
551 4610 683 4679 Ἀθηναίων
702 4609 781 4676 εἶναι,
795 4611 835 4662 διίι
853 4615 925 4664 τοῦτο
943 4617 1039 4681 πρῶτον
1085 4608 1142 4677 μίαν
1156 4610 1200 4659 τοῦ
1215 4604 1341 4658 Φιλίππου
1355 4603 1422 4675 λέγει
1436 4605 1464 4657 τί)
1477 4603 1684 4675 καταστρέήνασθαι
1699 4600 1755 4663 τοίις
1772 4599 1862 4652 Ὀλυν·
1975 4606 1976 4613 ’

260 4693 365 4756 ἐξετάζει
386 4691 415 4744 τδ
430 4692 570 4762 δύσμαχον,
585 4691 629 4743 ἵνα
648 4690 758 4763 ροῦήση·
779 4687 807 4742 ού
820 4688 869 4760 μὴν
889 4689 943 4742 ούδέ
962 4689 987 4743 ἐν
1004 4695 1040 4765 τῷ
1084 4687 1148 4747 θίους
1168 4684 1220 4756 μετ’
1238 4683 1395 4754 εύπροσώπου
1414 4686 1564 4754 προφάσεως.
1602 4680 1710 4743 Είκότως
1727 4676 1863 4746 δέέκείνην

260 4772 345 4844 ροδεῖν
358 4769 474 4840 ἀπέχεται
487 4772 530 4836 τῆς
540 4772 690 4840 προτροπῆς,
704 4767 770 4819 ἀλλά
785 4768 818 4820 δι’
833 4766 871 4822 ὧν
887 4769 984 4822 έπαινεῖ
996 4768 1039 4822 τόν
1083 4764 1217 4832 ἐσιώπησεν
1238 4764 1382 4819 ἀντιπῖπτον
1401 4763 1614 4836 ύποτεμνόμενος,
1637 4759 1695 4813 ἀλλ’
1713 4758 1791 4821 ἔξεστι
1810 4762 1865 4823 τοῖς

260 4852 397 4912 Φίλιππον,
412 4848 452 4901 διδ
470 4849 563 4902 τούτων
577 4846 610 4909 είς
627 4848 705 4915 ζῆλον
724 4847 809 4909 αύτούς
829 4849 967 4915 καθίστησι.
1004 4848 1039 4900 To
1086 4843 1223 4906 Ὀλυνθίοις
1243 4843 1377 4897 ἀποδοῦναι
1397 4842 1440 4896 τόν
1459 4841 1564 4912 ἀδελρδν
1583 4841 1624 4895 καί
1639 4838 1799 4910 ἀπηλλάχθαι
1817 4843 1864 4893 τοῦ

260 4930 304 5001 μέν
317 4928 365 5000 γάρ
379 4925 552 4981 εἶναιπάντων
564 4923 660 4977 ἐκεῖνον
674 4926 718 4978 ένα
734 4925 793 4978 ὄντα
806 4926 898 4996 κύριον,
916 4926 945 4977 ἀν
965 4924 1037 4992 θελή-
1082 4924 1201 4996 πολέμου,
1217 4926 1249 4978 R.
1266 4922 1348 4990 Δῆλον
1361 4923 1408 4993 γάρ
1427 4921 1478 4976 έστι
1497 4924 1549 4983 τοῖς
1570 4919 1705 4981 ’Ὀλυνθίοις
1725 4919 1762 4971 ότι
1776 4920 1820 4971 νῦν
1834 4917 1864 4972 ού

257 5008 320 5075 σητε
343 5007 454 5077 πράττειν
478 5003 509 5058 τά
533 5004 635 5067 δέοντα,
655 5002 696 5055 καί
718 5002 787 5074 θμεῖς
806 5003 907 5057 δύνασθε
926 5005 1038 5076 γενέσθαι
1082 5004 1137 5075 περί
1145 5003 1228 5075 δόξης]
1243 5003 1319 5057 Δοκεῖ
1333 5002 1376 5073 μέν
1386 5000 1578 5072 ἀναμιμνήσκειν
1590 5000 1649 5061 τοδς
1665 4996 1801 5066 Ἀθηναίους
1817 5001 1863 5052 τοῦ

260 5088 357 5140 πάντων
371 5085 458 5155 κύριοι.
496 5081 543 5135 ίίαί
555 5081 596 5135 διδ
608 5087 656 5134 τῶν
671 5080 723 5148 έξής
737 5080 822 5144 αύτούς
836 5083 914 5137 πάντα
925 5085 1037 5154 πράττειν
1082 5082 1190 5153 πολέμου
1201 5080 1243 5134 καί
1251 5085 1294 5148 τῆς
1307 5079 1461 5142 ἀποστάσεως
1472 5082 1502 5147 ήν
1518 5079 1654 5146 ἀπέστησαν
1666 5075 1791 5129 Ὀλύνθιοι
1799 5075 1864 5130 κατά

261 5166 302 5219 καί
314 5162 347 5235 μὴ
361 5166 413 5225 τοῖς
423 5162 496 5224 ξένοις
509 5160 640 5232 έπιτρέπειν
655 5162 780 5230 παραινεῖ·
798 5161 879 5231 κύριον
897 5162 945 5234 γάρ
959 5160 1038 5233 ῥητῶν
1082 5163 1125 5217 τ’σν
1134 5162 1243 5233 πόλεμον
1253 5161 1297 5215 τόν
1309 5162 1481 5233 συμμαχικόν·
1502 5161 1571 5215 σύδὲν
1581 5159 1607 5213 δέ
1622 5153 1696 5226 ήττον
1711 5158 1862 5228 συγγνώμην

261 5244 303 5297 καί
315 5242 459 5313 ἀπορρήτων
475 5241 547 5313 ρησίν
565 5236 629 5293 είναι
642 5239 685 5292 τδν
700 5238 839 5294 Φθιιππον·
860 5241 930 5314 ῦμεῖς
943 5241 969 5297 δέ
986 5246 1039 5305 τοῖς
1083 5241 1157 5295 αύτοῦ
1172 5241 1309 5313 ἀπένειμεν,
1320 5241 1379 5311 ύπέρ
1397 5241 1468 5307 δόξης
1486 5240 1560 5296 είπύνν
1580 5239 1714 5314 ἀνῃρῆσθαι
1732 5237 1775 5291 τόν
1788 5235 1863 5290 πόλι·

261 5322 336 5387 ξένοις
348 5322 470 5375 πιστεύετε
482 5320 512 5373 t&
525 5323 569 5387 ΐθτ
581 5319 676 5381 πόλεως
689 5318 822 5391 ἇπόρρητα.
840 5323 872 5375 R.
1086 5341 1148 5392 μον·
1171 5320 1306 5391 ίλευθερίας
1321 5320 1369 5391 γάρ
1385 5318 1518 5391 ίπεθύμουν
1532 5319 1574 5373 καί
1594 5317 1627 5391 μὴ
1639 5320 1677 5347 ***
1693 5317 1817 5383 σιωπήσας
1835 5315 1862 5368 δέ
